3388 5582
341 545 428 612 'snbrs
448 565 633 614 rrosroucn
654 565 789 616 ononnra
811 566 847 614 no
867 563 1117 614 nncnrmrrorvns.
1263 545 1320 614 637

142 695 333 754 quocumque
347 681 476 755 queasito
491 681 590 742 colore
605 683 636 741 in
652 684 790 758 proprios
806 697 883 743 usus
895 689 1077 754 convertere,
1093 683 1222 757 illosque
1235 697 1324 742 usur-

142 771 214 844 pare
238 771 479 845 presumpserit,
504 786 559 830 seu
581 772 724 847 impedire
744 789 781 833 ne
800 774 844 833 ab·
857 774 896 834 iis
917 775 953 833 ad
978 788 1055 847 quos
1070 772 1139 847 jure
1161 773 1321 846 pertinent,

142 861 356 935 percipiantur,
373 861 401 918 is
418 860 600 921 anathemati
618 865 722 922 tandiu
740 863 904 937 subjaceat,
928 863 1062 937 quaudiu
1082 862 1322 936 jurisdictiones,

142 951 230 1021 bona,
251 965 310 1020 res,
324 951 404 1024 jura,
421 951 539 1010 lructus
561 957 591 1009 et
609 952 745 1011 redditus
760 967 837 1027 quos
859 952 1060 1025 occupaverit,
1073 951 1120 1008 vel
1134 951 1187 1024 qui
1200 951 1237 1010 ad
1252 966 1321 1010 eum

142 1039 437 1112 quomodocumque,
452 1039 541 1098 etiam
554 1055 590 1098 ex
602 1041 763 1100 donatione
778 1042 942 1114 supposita
957 1054 1104 1114 persone,
1120 1041 1319 1113 pervenerint,

142 1129 277 1188 ecclesiae
292 1129 420 1202 ejusque
435 1129 671 1189 administratori
691 1131 755 1188 sive
769 1130 946 1189 beneficiato
965 1130 1081 1204 integre
1095 1129 1271 1198 restituerit,
1287 1143 1322 1188 ac

143 1218 250 1277 deinde
265 1235 283 1276 a
299 1223 433 1278 Romano
444 1220 586 1278 Pontifice
597 1217 818 1281 absolutionem
830 1221 1028 1280 obtinuerit...
1040 1220 1172 1278 Clericus
1184 1235 1254 1283 vero
1269 1221 1321 1293 qui

144 1308 280 1368 delendae
295 1308 410 1368 fraudis
426 1316 455 1368 et
469 1310 677 1386 usurpationis
692 1310 868 1384 hujusmodi
883 1310 1042 1370 fabricator
1057 1325 1111 1369 seu
1127 1311 1321 1370 consentiens

144 1397 371 1466 lue1·it,eisdem
386 1399 485 1474 poenis
497 1401 683 1474 subjaceat...
701 1423 715 1452 υ

143 1609 358 1666 llxcommunicatio
373 1613 532 1680 magistratus,
549 1611 570 1664 si
584 1613 612 1665 ad
631 1611 766 1666 instanllnm
779 1613 887 1679 episcopi
902 1625 949 1665 non
963 1614 1066 1680 prebeat
1080 1612 1194 1666 auxilinm
1209 1613 1321 1667 adversus

250 1685 431 1738 conuadictoree
444 1685 558 1738 clausura
569 1684 715 1748 monialium,
730 1685 835 1750 itemque
847 1683 964 1736 violantes
977 1683 1054 1736 aarum
1070 1684 1211 1738 clausuram.

153 1887 157 1894 ·
179 1863 260 1919 sess.
274 1863 318 1931 lit,
329 1875 365 1920 ex
375 1877 402 1920 e.
413 1866 440 1931 ti,
451 1859 487 1919 de
500 1863 568 1936 ileu.
580 1879 589 1920 :
602 1883 617 1914 «
628 1861 844 1920 Bonilaoiivlll
854 1849 1185 1936 constitutionemque
1195 1863 1318 1936 incipit:

143 1948 326 2014 Periculosa,
342 1963 493 2013 renovans
509 1955 613 2008 sancta
629 1949 776 2025 synodus,
790 1949 943 2008 universis
958 1951 1107 2024 episcopis
1122 1951 1180 2011 sub
1195 1951 1323 2010 obtesta-

143 2039 224 2097 tione
243 2038 337 2097 divini
354 2039 461 2111 judicii
480 2046 509 2098 el
528 2040 771 2098 interminatione
792 2039 1011 2099 maledictionis
1033 2047 1151 2100 aeternae
1170 2042 1320 2115 praecipit,

144 2134 177 2186 ut
190 2127 221 2185 in
236 2127 378 2187 omnibus
392 2131 585 2189 monasteriis
602 2129 659 2189 sibi
677 2129 822 2202 subjectis
842 2129 1004 2201 ordinaria,
1019 2131 1049 2188 in
1065 2130 1134 2189 aliis
1150 2145 1221 2206 vero
1236 2129 1321 2189 Sedis
1387 2185 1389 2197 ,

143 2217 323 2289 spostolicae
337 2219 522 2284 auctoritate,
537 2219 710 2278 clausuram
725 2218 1012 2288 sanctimonialium,
1029 2218 1079 2277 ubi
1098 2219 1207 2276 violata
1220 2218 1320 2288 luerit,

145 2305 304 2381 diligenter
317 2306 446 2379 restitui,
461 2314 491 2366 et
503 2308 556 2367 ubi
571 2308 714 2367 inviolata
733 2314 790 2379 est,
812 2307 984 2368 conservari
1005 2309 1134 2367 maxime
1149 2315 1321 2382 procurent,
1370 2348 1372 2354 .

145 2394 354 2455 inobedientes
369 2402 458 2470 atque
474 2398 708 2456 contradictores
723 2411 777 2470 per
790 2411 937 2456 censuras
950 2397 1172 2456 ecclesiasticas
1186 2396 1321 2470 aliasque

143 2499 261 2558 poenas,
285 2501 474 2562 quacumque
496 2488 694 2561 appellatione
718 2488 898 2561 postposita,
920 2491 1158 2560 compescentes,
1183 2486 1321 2549 invocato

142 2576 230 2635 etiam
248 2577 367 2648 adhoc,
385 2579 411 2637 si
426 2592 503 2650 opus
519 2573 619 2648 luerit,
634 2576 747 2636 auxilio
763 2576 875 2635 braebii
893 2576 1059 2635 secularis.
1075 2577 1159 2648 Quod
1175 2576 1321 2636 auxillum

142 2670 175 2725 ut
188 2668 367 2740 praebeatur,
380 2683 486 2728 omnes
501 2668 684 2727 christianos
696 2668 849 2741 principes
864 2667 1000 2726 bortatur
1012 2669 1276 2742 sanctasynodus,
1293 2677 1322 2727 et

142 2757 200 2815 sub
216 2758 539 2816 excommunicationis
554 2769 644 2829 poena
662 2757 730 2830 ipso
745 2758 822 2816 lacto
844 2758 1035 2829 incurrendo,
1051 2759 1193 2818 omnibus
1208 2759 1322 2834 magis·

142 2847 271 2905 lraiibus
287 2847 484 2906 saecularibus
500 2845 643 2920 injungit.
660 2868 675 2898 ιι

180 2937 262 2993 sess.
277 2940 323 3005 25,
337 2951 374 2994 en
388 2950 453 3007 cap.
468 2939 495 3005 5,
511 2933 546 2994 de
560 2935 628 3008 lieo.
645 2952 684 2994 :v
704 2935 822 3009 ingredi
838 2941 937 2994 summ
953 2936 1032 2994 intra
1047 2941 1133 3010 septe
1144 2937 1321 2995 monasterii

145 3025 257 3084 nemini
276 3025 374 3096 liceat,
396 3024 616 3098 quuscumquc
635 3025 755 3100 generis
772 3030 824 3084 aut
843 3025 1038 3096 conditionis,
1054 3041 1146 3085 sexus
1163 3025 1210 3084 vel
1225 3025 1322 3085 aelatis

144 3113 245 3186 luerit,
268 3115 334 3174 sine
359 3114 494 3188 episcopi
511 3114 558 3173 vel
581 3115 747 3189 superioris
769 3115 890 3174 licentia
911 3115 941 3172 in
963 3116 1085 3188 scriptis
1109 3115 1240 3187 obtenta,
1264 3115 1322 3175 sub

144 3205 465 3265 excommunicationis
479 3219 568 3278 poena
583 3205 651 3278 ipso
666 3203 744 3263 lacto
758 3206 949 3264 incarnanda.
967 3227 981 3255 »

331 3393 564 3450 Excommunlcantur
575 3399 680 3461 raptores
692 3395 814 3448 mulierum
828 3395 1007 3463 eorumdemque
1021 3397 1133 3450 consocii.

179 3552 261 3612 Sess.
276 3557 323 3624 24,
334 3569 371 3612 ex
388 3569 454 3626 cap.
471 3557 498 3624 6,
514 3551 690 3625 deliciolae.
704 3553 861 3613 matrim.-
877 3576 891 3604 «
907 3554 1045 3612 beoemit
1058 3559 1162 3614 sancta
1177 3552 1321 3628 synodus,

145 3643 387 3718 interceptorem
402 3652 431 3703 et
446 3649 571 3716 raptum,
587 3643 721 3717 quandiu
736 3644 847 3718 ipsein
863 3649 1008 3718 potestate
1022 3643 1151 3718 raptoris
1166 3643 1321 3713 manserit,

145 3734 264 3793 nullum
283 3749 385 3808 posse
412 3735 576 3794 consistere
608 3733 844 3792 matrimonium.
875 3734 959 3804 Quod
992 3735 1020 3792 si
1048 3739 1132 3807 rapta
1160 3749 1177 3791 a
1204 3737 1321 3806 raptore

145 3831 283 3898 separata
302 3830 333 3883 et
355 3825 386 3886 in
406 3826 474 3884 loeo
494 3829 559 3883 tuto
582 3829 612 3883 et
632 3823 726 3883 libero
749 3823 914 3882 constituta
938 3824 1022 3882 illum
1043 3824 1073 3881 in
1098 3823 1195 3881 virum
1213 3822 1321 3881 babere

144 3916 309 3985 censuerit,
320 3929 386 3973 eam
402 3914 544 3988 raptorio
555 3912 835 3984 mulierembabeal,
850 3919 878 3970 et
889 3912 1087 3971 nibilominus
1098 3919 1198 3984 raptor
1208 3911 1272 3984 ipse
1287 3925 1321 3970 ac

144 4016 249 4061 omnes
269 4002 313 4060 illi
333 4002 504 4075 consilinm,
524 4002 670 4062 auxilium
686 4005 714 4059 el
735 4003 866 4062 levorem
887 3999 1065 4073 prebentes,
1088 4003 1151 4060 sint
1168 4002 1236 4075 ipso
1254 4002 1321 4074 jure

144 4093 406 4152 excommunicati.
423 4116 438 4145 ιι

308 4295 543 4348 Excommunieantar
554 4295 594 4361 qui
608 4295 739 4348 libertatem
753 4294 894 4348 matrimonii
906 4295 1056 4348 conlrabendi
1069 4294 1163 4348 violant.
1245 4265 1246 4270 ἵ

181 4449 438 4523 Sess.ll,excap.
449 4455 477 4520 9,
492 4449 528 4508 de
536 4449 600 4522 lies.
608 4455 700 4508 matr.
715 4467 724 4508 :
741 4451 994 4526 «impiorumque
1005 4450 1214 4523 temporalium
1228 4450 1321 4508 domi·

145 4553 253 4596 norum
269 4553 304 4600 ac
316 4539 549 4613 magistratuum
572 4539 682 4597 mentis
704 4538 809 4597 oculos
827 4541 938 4600 terreni
953 4539 1079 4598 allectus
1096 4543 1185 4612 atque
1204 4531 1319 4611 cupidi·

146 4631 222 4686 tetes
234 4635 395 4700 excecant,
412 4634 447 4688 ut
460 4629 541 4688 viros
552 4633 581 4687 et
596 4628 737 4688 mulieres
752 4629 809 4688 sub
822 4643 927 4688 eorum
939 4627 1151 4702 jurisdictione
1163 4628 1319 4704 degentes

146 4719 276 4780 maxime
288 4720 398 4780 divites
410 4721 457 4780 vel
472 4735 556 4792 spem
577 4733 695 4795 magnas
709 4718 891 4780 baereditatis
904 4718 1058 4792 babentes,
1075 4718 1167 4778 minis
1182 4725 1211 4779 et
1223 4721 1320 4793 poenis

269 4839 313 4884 111.
1161 4819 1201 4884 ln
1255 4829 1256 4832 ’
