3500 5552
552 578 638 623 trusa
659 579 788 632 ausurus
808 579 1033 627 uucnsrsmuu.
1320 565 1379 628 577

110 689 111 692 ’
206 700 282 772 test,
309 697 355 760 ait
370 696 401 759 S.
419 697 502 778 big,
519 714 589 762 non
605 697 716 763 solum
736 699 871 786 quando
894 699 987 764 nulla
999 699 1183 782 diligentia,
1200 701 1259 765 sed
1278 702 1381 765 etiam

207 803 342 888 quando
361 803 460 870 valde
480 823 586 889 parva
607 802 787 872 adhibetur
804 808 836 889 (l.
856 827 896 887 c,
920 827 953 872 n.
969 809 1036 887 4513
1058 826 1171 892 porro,
1185 809 1220 872 in
1241 827 1269 874 e.
1288 810 1317 886 l,
1340 809 1381 874 de

208 911 361 992 Constet,
373 912 408 976 in
420 913 463 988 6⁰,
477 919 683 978 excusantur
699 919 830 979 tantum
838 914 886 979 illi
900 916 1098 998 ignorantes
1107 934 1252 1000 quorum
1262 943 1277 975 «
1288 917 1382 998 igno·

205 1021 315 1086 rantia
325 1039 394 1085 non
404 1020 506 1085 luerit
515 1039 629 1086 crassa
644 1026 701 1086 aul
713 1023 844 1105 supina.
858 1047 873 1082 a
886 1023 972 1106 Ergo
983 1023 1181 1104 ignorantes
1190 1025 1383 1104 ignorantia

205 1128 363 1212 culpabili
379 1134 413 1194 et
426 1129 574 1196 vincibili
599 1149 669 1196 non
694 1135 909 1198 excusantur.
935 1132 998 1196 Alii
1020 1137 1146 1210 tamen,
1168 1135 1206 1196 ut
1220 1132 1379 1208 Sanehaz,

206 1236 322 1314 Diana,
340 1242 416 1314 etc,
430 1242 552 1320 putant
573 1238 644 1304 dari
657 1258 760 1323 posse
781 1239 1009 1322 ignorantiam
1023 1239 1227 1316 vincibilem,
1253 1241 1382 1323 agravi

206 1345 306 1429 culpa
329 1364 397 1411 non
417 1352 648 1425 excusantem,
669 1367 743 1432 qum
764 1354 880 1414 tamen
895 1368 965 1414 non
986 1351 1030 1413 sit
1043 1368 1173 1425 crassa,
1190 1367 1271 1415 nam
1285 1349 1383 1430 igno-

207 1453 317 1520 rantia
331 1473 445 1521 crassa
460 1455 604 1520 involvit
621 1475 792 1520 summam
808 1456 1068 1539 negligentiam3
1085 1475 1167 1540 crgo
1183 1457 1254 1522 dari
1270 1460 1384 1540 potest

208 1579 333 1644 magna
346 1561 565 1646 negligentia,
582 1564 773 1630 mortaliter
796 1549 982 1648 culpabilis,
1012 1583 1087 1649 quae
1108 1583 1179 1630 non
1203 1564 1246 1628 sit
1270 1581 1384 1630 crassa

208 1669 316 1753 (Apud
337 1669 369 1734 S.
386 1671 468 1753 big„
489 1671 510 1735 l.
529 1671 579 1754 θ).

247 1781 279 1842 5⁰
294 1778 341 1842 De
358 1779 459 1845 dubio
474 1780 545 1845 iere
561 1779 653 1846 idem
669 1781 850 1846 dicendum
866 1787 917 1847 est
933 1801 971 1848 ac
991 1783 1033 1847 de
1049 1778 1251 1864 ignorantia,
1276 1783 1303 1846 si
1326 1782 1384 1846 du-

208 1887 334 1953 bitatur
355 1906 400 1954 an
416 1905 561 1954 censura
578 1889 743 1954 adversus
764 1889 901 1974 aliquod
921 1890 1082 1955 delictum
1103 1889 1174 1955 lata
1192 1891 1245 1966 sit,
1265 1888 1321 1954 vel
1340 1907 1384 1954 an
1477 1975 1479 1980 Ι

208 1997 336 2062 iactum
350 1997 416 2061 tale
432 1997 494 2061 sub
509 2016 654 2062 censura
672 1997 998 2082 comprehendatur;
1015 1998 1089 2074 aliis
1101 1999 1226 2075 verbis,
1242 1999 1270 2062 si
1290 1997 1386 2062 dubi-

208 2109 300 2196 tatur
312 2125 355 2171 an
369 2124 514 2172 censura
528 2107 572 2171 sit
590 2107 737 2185 incursa,
755 2107 827 2172 sive
848 2109 891 2171 sit
905 2107 1048 2172 dubium
1066 2107 1153 2190 juris
1172 2106 1228 2172 vel
1243 2107 1334 2184 iacti,
1352 2111 1386 2170 et

210 2211 297 2280 iacta
321 2215 496 2297 diligentia
520 2215 661 2279 dubium
680 2214 769 2280 vinci
789 2233 859 2280 non
878 2215 996 2298 possit,
1020 2214 1178 2280 dubitans
1203 2219 1386 2280 excusatur

210 2341 406 2389 acensura.
434 2324 518 2390 Nam
544 2324 702 2390 dubitans
730 2305 842 2389 est'in
862 2325 1080 2408 possessione
1103 2325 1190 2407 juris
1215 2324 1307 2408 quod
1325 2341 1387 2408 per
1424 2363 1431 2378 ·

207 2430 416 2520 baptismum
430 2432 609 2516 acquisivit
618 2431 661 2497 ad
674 2433 764 2498 bona
779 2431 976 2516 spiritualia.

249 2539 348 2604 aliud
364 2539 544 2606 dicendum
559 2545 660 2616 esset,
677 2539 705 2603 si
721 2541 796 2623 quis
812 2540 982 2606 dubitaret
995 2559 1039 2605 an
1061 2513 1164 2604 luerit
1175 2537 1351 2606 absolutus
1366 2557 1387 2605 a

210 2663 356 2714 censum
379 2665 481 2732 quam
505 2647 663 2724 incurrit;
688 2649 743 2712 hic
763 2649 855 2713 enim
883 2667 944 2731 pro
969 2667 1115 2714 censura
1140 2640 1385 2730 seu'ligamine

212 2762 265 2823 est
284 2758 466 2842 possessio,
490 2764 593 2841 prout
607 2761 723 2840 aperte
743 2759 874 2821 eruitur
891 2776 933 2822 ex
954 2777 981 2822 c.
1004 2758 1094 2840 aab.
1116 2762 1139 2821 t.
1163 2757 1257 2822 Idem
1275 2758 1386 2824 dicen-

212 2864 304 2943 dum,
329 2865 356 2930 si
378 2864 519 2929 dubium
539 2865 583 2930 sit
601 2864 642 2928 de
671 2868 840 2950 potestate
861 2865 1056 2948 superioris,
1079 2865 1215 2948 quando
1235 2865 1290 2930 bic
1311 2883 1387 2928 eam

211 2975 349 3056 pacifice
363 2974 525 3056 possidet.

251 3083 289 3147 ln
304 3081 406 3149 dubio
419 3102 464 3149 en
477 3101 618 3150 censara
638 3085 741 3149 luerit
756 3087 850 3168 justa
872 3083 926 3148 vel
943 3103 1024 3161 non,
1046 3083 1259 3150 observanda
1283 3089 1335 3148 ast
1354 3088 1389 3147 et

212 3211 273 3275 pro
283 3194 377 3275 justa
389 3192 537 3257 tenenda
551 3198 602 3256 est
614 3191 672 3257 illa
684 3211 759 3276 quae
774 3191 843 3258 lata
856 3193 920 3256 luit
932 3193 975 3257 ab
992 3193 1142 3268 homine,
1155 3194 1254 3276 juxta
1269 3191 1389 3276 proba-

157 3327 161 3333 ’
214 3301 368 3366 biliorem
387 3301 592 3366 sententiam
609 3320 615 3362 :
633 3301 719 3365 ratio
740 3307 802 3376 est,
819 3301 899 3384 quia
914 3299 1067 3384 possidet
1082 3303 1233 3382 potestas
1250 3294 1385 3382 judicis,

214 3427 284 3476 non
298 3429 380 3475 vero
392 3410 531 3475 libertas
546 3409 682 3484 subditi,
701 3414 740 3473 ut
753 3409 874 3474 volunt
888 3409 985 3473 multi
1001 3409 1066 3473 DI).

253 3519 285 3582 θ’
301 3517 335 3581 Si
348 3536 492 3583 censura
502 3518 626 3604 *luisset
640 3520 733 3582 certo
753 3517 891 3599 injusta,
916 3523 1118 3581 censuratus
1132 3535 1203 3581 non
1214 3521 1389 3581 teneretur

215 3645 251 3690 aa
265 3645 384 3709 gerere
399 3631 437 3691 ut
451 3630 681 3702 censuratum,
706 3626 785 3709 quia
809 3625 978 3690 sententia
998 3631 1051 3689 est
1072 3625 1175 3700 nulla,
1193 3644 1231 3689 ac
1245 3624 1388 3708 proinde

214 3735 333 3800 nititur
346 3736 611 3820 praesumptione
625 3733 725 3810 falsa;
743 3737 980 3798 verumtamen
994 3734 1030 3798 in
1043 3733 1176 3817 publico
1189 3753 1259 3799 non
1273 3738 1390 3818 posset

214 3842 307 3907 illam
323 3861 503 3909 censuram
517 3843 656 3919 violare,
674 3844 717 3908 ob
732 3841 929 3908 scandalum
950 3841 1042 3926 quod
1057 3861 1100 3907 ex
1125 3842 1182 3908 tali
1205 3841 1388 3908 violatione

215 3957 424 4034 exsurgeret.

254 4059 447 4126 Notandum
464 4065 525 4138 est,
543 4059 634 4145 quod
650 4078 795 4125 censura
809 4060 850 4127 ab
868 4059 1008 4125 homine
1030 4064 1233 4144 potestesse
1249 4060 1387 4142 injusta,

216 4170 278 4232 etsi
293 4168 392 4254 culpa
406 4170 503 4247 adsit,
521 4169 658 4254 quando
672 4170 744 4234 haec
764 4169 914 4234 exterius
933 4187 1003 4233 non
1023 4175 1075 4234 est
1093 4169 1243 4253 probata.
1270 4169 1307 4232 ln
1326 4167 1391 4232 hoc

214 4295 305 4356 casn,
334 4283 424 4343 esset
441 4279 545 4344 etiam
567 4279 670 4354 nulla,
693 4278 772 4363 quia
797 4278 967 4343 sententia
987 4297 1058 4343 non
1078 4283 1192 4361 potest
1214 4277 1293 4341 ferri
1317 4277 1390 4340 sine

215 4385 415 4466 probatione
430 4385 661 4468 (Schmalzgr.,
677 4405 711 4448 n.
728 4385 789 4468 80).
807 4383 872 4450 Sed
893 4387 928 4449 in
944 4385 1078 4469 publico
1095 4385 1268 4450 observari
1289 4384 1392 4448 debet

216 4477 396 4572 sententia,
413 4495 548 4579 quando
570 4496 643 4561 sine
660 4494 818 4561 scandalo
833 4493 1081 4560 condemnatus
1096 4493 1215 4576 nequit
1227 4510 1303 4556 eam
1314 4492 1392 4556 sub-

216 4601 397 4684 teringere,
416 4604 567 4688 quiajos
583 4603 735 4668 naturale
751 4603 853 4669 dictat
866 4580 903 4667 ut
916 4602 1076 4686 potestati
1089 4601 1231 4684 publicae
1246 4617 1317 4665 non
1340 4617 1391 4664 re·
1425 4629 1438 4657 -,

217 4707 365 4774 sistatur.

252 4891 256 4904 ,
356 4839 398 4885 ιιι.
434 4875 436 4877 .
1109 4823 1113 4834 ’
1211 4817 1249 4882 37
