3500 5552
644 558 732 604 nisan
752 557 879 613 omarus
900 557 1120 605 nncaarsuun.
1413 545 1472 608 1191
1532 521 1535 530 “

317 671 428 742 'Duc
458 677 487 741 1.
512 675 778 742 communicatio
804 696 883 742 cum
910 679 1204 748 excommunicato
1228 687 1280 745 est
1298 687 1476 764 peccatum

303 785 459 862 mortale,
477 785 505 849 ai
519 786 579 850 ilat
592 785 628 849 in
642 785 765 850 divinis
786 791 821 850 et
832 785 944 851 cilicio
954 787 1080 864 divino,
1094 785 1215 853 saltem
1228 789 1361 871 publice
1373 790 1473 868 dicto,

305 895 385 978 quia
401 894 474 959 haeo
493 892 618 958 directe
637 894 835 977 prohibetur
852 912 895 958 ex
909 895 943 959 vi
959 896 1330 961 excommunicationis.
1348 897 1433 962 ltem
1448 900 1477 963 si

304 1001 364 1067 ilat
373 1021 452 1066 cnm
466 1002 759 1068 excommunicato
774 1002 1008 1068 nominatima
1022 1003 1054 1066 S.
1066 1002 1243 1080 Pontifice3
1257 1023 1324 1088 quo
1338 1023 1420 1070 casu
1430 1007 1478 1072 in·

305 1109 452 1174 curritur
466 1110 569 1174 etiam
587 1109 904 1185 excommunicatio,
918 1109 1039 1176 saltem
1053 1111 1082 1174 si
1093 1111 1234 1177 clericus
1249 1115 1479 1180 communicet

305 1217 341 1281 in
355 1203 476 1282 divinis
491 1218 609 1300 (const.
626 1217 825 1302 Apostottca
839 1217 950 1297 Sedis,
965 1222 1027 1284 art.
1041 1220 1090 1296 11,
1102 1219 1192 1284 inter
1206 1203 1480 1289 excommnnica-

306 1326 418 1390 tiones
437 1323 634 1408 simpliciter
647 1326 859 1408 reservatas).
877 1324 963 1391 ltem
979 1326 1099 1403 etiam,
1117 1328 1228 1410 quoad
1249 1333 1426 1412 peccatum
1445 1337 1480 1396 ct

307 1433 710 1508 excommunicationem,
727 1433 755 1497 si
769 1434 998 1499 communicet
1012 1433 1132 1518 aliquis
1152 1434 1187 1499 in
1210 1436 1351 1500 crimine
1369 1437 1479 1502 orimi-

307 1557 404 1616 noso,
417 1557 478 1603 seu
492 1538 527 1602 in
541 1538 682 1604 crimine
698 1541 740 1605 ob
751 1543 849 1624 cuijus
862 1558 1001 1607 causam
1014 1540 1136 1628 aliquis
1151 1544 1497 1609 excommunicetur.-

308 1645 387 1712 Post
401 1650 508 1712 conat.
524 1646 674 1730 Apostot
691 1646 806 1729 Sedis,
822 1665 893 1714 non
907 1648 1019 1728 agitur
1032 1648 1097 1712 nisi
1115 1647 1156 1714 de
1171 1651 1479 1716 communicatione
1567 1639 1571 1653 '

307 1773 386 1820 cum
396 1755 697 1820 excommunicatis
711 1756 913 1820 nominatim
924 1773 944 1820 a
955 1755 987 1820 S.
1005 1754 1177 1834 Pontifice,
1191 1757 1240 1822 eis
1250 1757 1480 1840 impendendo

308 1863 473 1929 auxilium
486 1862 542 1928 vel
555 1865 709 1928 favorem
722 1863 787 1944 (art
800 1865 849 1938 16,
867 1864 956 1929 inter
970 1864 1340 1930 excommunicationes
1357 1866 1482 1948 simpli-

308 1974 392 2038 citer
404 1973 616 2054 reservatas).
629 1972 714 2037 ltem
730 1973 758 2036 si
769 1973 947 2056 participet
960 1971 1081 2056 aliquis
1095 1990 1173 2037 cum
1188 1976 1482 2041 excommunicato

309 2085 387 2164 post
401 2078 508 2146 latam
525 2081 731 2146 sententiam
752 2084 870 2145 contra
890 2079 1147 2164 participantes;
1167 2081 1288 2146 saltem
1307 2081 1335 2144 si
1357 2086 1484 2148 statne-
1550 2067 1554 2082 '

309 2194 404 2254 retur
417 2208 518 2273 poena
530 2190 890 2256 excommunicationis
911 2190 955 2255 ob
974 2190 1276 2274 participationem.
1298 2190 1400 2256 Extra
1419 2191 1483 2255 hos

310 2315 420 2374 casus,
434 2297 532 2382 culpa
544 2301 636 2363 esset
649 2297 791 2364 venialis
807 2303 960 2374 tantum;
975 2303 1090 2363 mmen
1103 2298 1278 2381 disputant
1288 2296 1365 2374 ,ΤΤ.,
1383 2317 1428 2386 an
1440 2299 1485 2362 sit

310 2404 453 2472 mortale
483 2407 679 2491 frequenter
710 2407 962 2472 communicare
989 2407 1025 2470 in
1049 2405 1204 2471 civilibus
1236 2423 1314 2471 oum
1344 2406 1483 2472 vitando

313 2513 420 2597 (Apud
436 2513 468 2577 S.
485 2513 568 2596 lig„
586 2515 607 2578 1.
623 2534 662 2594 c,
680 2515 809 2596 11198).

351 2621 436 2686 liuh.
456 2622 486 2684 1.
503 2621 692 2706 Aliquando
713 2622 793 2688 licet
813 2624 1064 2688 communicare
1087 2641 1166 2688 cnm
1190 2623 1484 2688 excommunicato

312 2729 511 2796 denuntiato
528 2749 535 2793 :
550 2747 650 2794 casus
664 2736 909 2796 enumerantur
921 2731 957 2795 in
970 2731 1127 2815 sequenti
1141 2749 1242 2796 versu
1258 2752 1266 2794 :

467 2901 550 2965 Utile,
565 2901 619 2966 lex,
634 2901 753 2967 humile,
768 2913 813 2955 res
824 2901 962 2968 ignorata,
976 2913 1103 2956 necesse.

357 3055 492 3120 Utilitas
507 3060 578 3120 tnm
591 3054 773 3138 spiritualia
790 3072 893 3138 quum
905 3054 1089 3137 corporalis
1104 3055 1178 3120 sive
1190 3053 1485 3130 excommunicati,

313 3164 386 3228 sive
402 3162 564 3229 iidelium.
579 3162 676 3228 Ratio
695 3166 757 3238 est,
774 3163 853 3246 qnia
865 3162 922 3226 lex
936 3162 1162 3228 ecclesiastica
1178 3161 1327 3243 benigna
1344 3166 1406 3238 est,
1424 3179 1487 3227 nec

314 3270 442 3353 obligat
456 3271 519 3336 sub
533 3270 630 3352 gravi
641 3273 775 3355 jactura
790 3291 798 3334 :
813 3272 892 3336 hinc
907 3269 1016 3335 fidelis
1029 3275 1142 3353 potest
1153 3269 1488 3335 excommunicatum

315 3397 456 3445 monere
471 3379 585 3445 verbis
598 3377 654 3445 vel
670 3379 813 3462 scriptis,
830 3378 877 3443 illi
891 3377 1082 3455 consilinm,
1100 3377 1285 3443 medicinas
1300 3377 1392 3453 dare,
1408 3395 1488 3443 cum

313 3489 371 3554 illo
386 3487 583 3554 societatem
597 3487 691 3572 prius
705 3487 896 3552 institutam
910 3487 1120 3564 continuare,
1138 3491 1200 3550 eto.

353 3595 425 3660 Lea
440 3613 502 3660 seu
515 3595 690 3660 vinculum
700 3595 772 3660 sive
783 3594 1001 3672 matrimonii,
1015 3594 1086 3658 sive
1098 3594 1268 3658 societatis
1279 3592 1487 3668 domestica,

316 3707 475 3769 excusat:
491 3702 582 3767 unde
597 3705 763 3786 conjuges
778 3702 813 3766 in
827 3719 958 3780 mensa,
974 3700 1220 3784 gubernatione
1237 3701 1370 3778 domus,
1387 3698 1489 3765 collo-

316 3812 415 3896 quiis,
433 3815 510 3888 ete,
527 3812 778 3876 communicare
793 3814 938 3894 possunt
951 3809 990 3892 (c.
1003 3809 1022 3873 3
1036 3809 1069 3872 h.
1088 3809 1141 3892 t.);
1159 3809 1207 3875 ita
1223 3809 1341 3886 attilii,
1357 3807 1474 3874 tumuli
1480 3857 1487 3872 .

270 4005 272 4008 Ι
316 3919 397 3984 Pars
418 3917 712 3984 excommunicata
730 3923 844 4002 potest
863 3918 966 3982 etiam
985 3917 1137 3982 debitum
1156 3919 1283 4000 petere,
1302 3916 1381 4000 quia
1400 3933 1490 3980 com·

316 4027 501 4092 manicatio
522 4025 730 4110 permittitur
750 4025 839 4088 inter
861 4025 1028 4108 conjuges
1046 4023 1089 4089 ad
1105 4023 1283 4088 vitandum
1302 4023 1491 4108 periculum
1554 4050 1556 4055 ·

230 4149 231 4156 “
316 4133 583 4200 incontinentiae.

357 4243 505 4319 Humile,
522 4261 584 4308 seu
595 4240 770 4318 humilitus
783 4241 1020 4324 subjectionis;
1037 4259 1079 4304 ex
1095 4260 1162 4326 quo
1174 4241 1282 4324 capite
1296 4239 1493 4305 eximuntur

317 4350 388 4427 ulii,
406 4351 527 4417 aflines
550 4367 632 4432 erga
648 4352 819 4434 parentes,
838 4350 928 4414 servi
952 4354 986 4414 et
1003 4349 1144 4426 ancillae,
1160 4367 1199 4414 ac
1215 4347 1407 4430 generatim
1423 4351 1495 4413 tcta

317 4458 446 4524 familia
460 4477 542 4539 erga
555 4459 677 4522 herum
692 4475 752 4521 sen
767 4456 956 4534 dominum,
970 4457 999 4522 ei
1013 4461 1115 4521 antea
1128 4458 1268 4521 fuerunt
1286 4457 1322 4519 in
1337 4457 1412 4539 ejus
1426 4472 1495 4519 ser-

318 4565 581 4648 vitio,‘religicsi
600 4564 712 4650 quoad
731 4564 935 4648 superiores,
950 4563 1075 4629 milites
1095 4582 1177 4646 erga
1200 4564 1342 4641 ducem;
1362 4567 1397 4628 et
1416 4580 1496 4628 cum

320 4673 495 4758 dispositio
522 4674 563 4739 de
588 4691 657 4739 unc
681 4671 882 4738 correlativo
907 4677 1088 4738 censeatur
1115 4672 1290 4755 dispositio
1313 4671 1354 4736 de
1375 4668 1493 4746 altero,
