3388 5582
526 535 612 582 uisne
632 537 761 590 oururus
782 536 1000 585 neonurnuuu.
1295 517 1355 582 one
1456 583 1461 598 ,

178 661 303 722 cuntur
317 654 544 736 Gregorianae,
561 657 735 737 octoginta
755 663 831 721 octo
854 657 892 720 in
908 660 1005 719 sexto
1025 654 1249 720 Decretalium
1270 657 1355 720 rele-

178 763 1353 848 runtur.FusehasregulasexpenduutBarbosa,Reiffeustueletalii;

179 873 316 940 brevius
335 875 500 950 Manebat,
521 878 620 957 eujus
640 873 914 958 explanationem
933 873 1147 938 excribemus
1165 877 1301 938 auctam
1321 878 1356 938 et

180 981 397 1045 emendatam
424 982 598 1046 nonnullis
627 981 990 1046 animadversionibus.
1020 981 1199 1063 Praecipuae
1228 980 1355 1060 regulae

176 1089 263 1170 juris
276 1089 429 1154 canonici
445 1109 488 1154 ox
499 1091 576 1173 jure
589 1090 743 1155 Romano
757 1093 897 1155 luerunt
911 1090 1131 1171 depromptae.
1149 1087 1186 1152 ln
1197 1088 1353 1170 Digestis,

180 1196 221 1260 ad
240 1197 345 1262 finem
364 1197 440 1261 libri
459 1199 744 1283 quinquagesimi,
769 1203 945 1280 ponuntur
968 1198 1122 1262 duoeutae
1143 1201 1177 1261 et
1197 1196 1356 1261 undecim

179 1305 318 1386 regulae.

221 1412 250 1490 d)
274 1412 357 1478 Usus
381 1415 589 1500 reputamur.
614 1417 645 1478 l⁰
668 1416 806 1497 Regula*¹
827 1417 915 1500 juris
938 1415 1156 1490 authenticae,
1182 1413 1260 1479 licet
1283 1413 1354 1477 vim

178 1521 264 1603 juris
287 1521 446 1614 habeant,
473 1523 692 1588 nihilominus
711 1525 769 1607 J'us
789 1542 919 1590 novum
943 1542 1011 1590 non
1035 1523 1174 1597 faciunt,
1197 1540 1276 1604 cum
1296 1524 1354 1604 jus

179 1630 403 1694 constitutum
418 1637 627 1713 supponam
645 1632 729 1696 dixit
733 1621 994 1714 Jurisconsultus
1010 1631 1045 1694 in
1061 1630 1084 1694 l.
1103 1630 1126 1706 1,
1143 1629 1353 1714 lrdeliepul.

176 1735 287 1816 juris:
304 1762 319 1794 (ι
329 1737 402 1801 Non
423 1757 465 1800 ex
484 1737 612 1820 regulis
622 1741 690 1821 jus,
707 1739 767 1803 sed
783 1758 825 1802 ex
837 1741 914 1820 jnre
928 1738 1048 1820 regula
1063 1744 1115 1802 est
1129 1738 1318 1820 desumpta.
1339 1762 1354 1794 »

181 1844 424 1909 Verumtamen
439 1864 565 1926 magna
577 1851 629 1910 est
644 1865 761 1910 earum
772 1847 898 1910 utilitas
907 1865 969 1930 pro
982 1847 1152 1912 decisione
1162 1863 1353 1920 causarum3

182 1971 273 2028 nam,
289 1957 326 2015 ut
341 1953 617 2035 supradiximus,
636 1972 698 2036 pro
714 1973 754 2018 eo
770 1973 906 2038 semper
919 1959 971 2018 est
986 1952 1278 2036 pronuntiandum
1292 1971 1355 2034 pro

183 2079 250 2142 quo
267 2065 334 2124 stat
348 2059 477 2142 regula,
494 2061 559 2125 nisi
576 2061 790 2126 adversarius
803 2063 925 2146 probet
943 2061 1024 2126 illud
1041 2061 1082 2126 de
1098 2079 1165 2146 quo
1182 2065 1235 2125 est
1249 2077 1359 2142 quaes-
1469 2136 1471 2144 Α

183 2171 241 2247 tio,
259 2169 448 2252 specialiter
464 2189 539 2236 esse
554 2175 735 2255 exceptum
749 2191 769 2236 a
783 2173 913 2254 regula.
1066 2251 1068 2256 ¹

223 2278 256 2340 θ’
274 2275 405 2357 Regula
417 2296 597 2361 perperam
619 2278 796 2360 allegatur,
820 2285 854 2343 et
876 2285 994 2345 contra
1007 2279 1213 2361 allegantem
1234 2278 1356 2342 merito

185 2384 373 2468 excipitur:
400 2386 431 2448 l·
458 2385 594 2469 quando
620 2386 740 2468 regula
763 2393 890 2450 certam
914 2385 1094 2451 materiam
1115 2391 1282 2469 spectans,
1314 2383 1357 2449 ad

182 2493 368 2578 quamlibet
390 2493 502 2571 aliam,
522 2497 663 2578 perinde
684 2515 722 2562 ac
742 2497 770 2560 si
790 2496 989 2562 communis
997 2496 1156 2560 omnibus
1173 2499 1274 2572 esset,
1293 2498 1360 2558 tra·

179 2601 291 2678 hitur;
311 2603 344 2666 2⁰
360 2603 495 2687 quando
515 2604 551 2668 in
566 2605 724 2692 citatione
739 2603 867 2686 regulae
883 2622 953 2669 non
975 2604 1198 2669 attenduntur
1214 2603 1356 2668 eircum-

182 2710 315 2775 stantiae
332 2729 567 2793 personarum,
584 2709 661 2787 looi,
677 2711 850 2794 temporis,
868 2715 930 2775 eto.

212 2819 254 2882 ’3ο
278 2817 467 2900 Praecipuus
484 2819 625 2882 effectus
638 2817 847 2902 exceptionis
863 2818 1013 2900 aregula
1024 2817 1197 2882 declarant
1208 2818 1280 2882 haec
1293 2818 1357 2884 tria

184 2945 249 2990 usu
260 2925 338 2991 trita
346 2925 526 2990 axiomata.
538 2925 688 2988 Primum
697 2923 934 3008 est2l3cceptio
945 2925 1355 3008 declarotrepulum;nam

186 3033 345 3114 qualitate
355 3033 564 3117 exceptionis
575 3039 716 3117 apparet
729 3033 770 3098 de
787 3052 854 3117 quo
869 3051 996 3114 genere
1010 3033 1128 3113 regula
1136 3031 1359 3113 intelligenda

185 3141 238 3203 sit.
257 3140 451 3205 Secundum
464 3147 517 3204 est
530 3161 537 3203 :
552 3137 714 3224 Enceptio
732 3143 851 3221 fimat
864 3141 1021 3224 regulum
1035 3141 1070 3204 in
1085 3140 1303 3217 contrarium,
1320 3139 1356 3202 in

185 3247 313 3312 casibus
327 3266 395 3311 non
411 3249 576 3332 ecceptic;
592 3247 719 3311 etenim
734 3265 833 3311 casus
845 3247 915 3312 non
931 3248 1063 3330 excepti
1077 3251 1360 3312 censenturcom·

184 3355 343 3438 prehensi
366 3356 429 3420 sub
449 3354 578 3437 regula.
596 3353 745 3419 Tertium
760 3360 812 3419 est
831 3374 838 3416 :
857 3351 1018 3439 Ecceptio
1037 3372 1106 3417 non
1122 3355 1279 3439 crepitat,
1301 3352 1363 3420 sed

182 3466 354 3549 restringit
378 3465 552 3548 requiam
574 3483 655 3529 nam
679 3464 917 3529 universalitas
936 3465 1042 3547 ipsius
1066 3464 1179 3529 delicit
1197 3466 1352 3546 respectu

184 3591 283 3637 casus
308 3575 453 3662 excepti,
476 3592 554 3638 cum
574 3573 728 3656 exceptio
748 3591 791 3636 ex
810 3577 932 3637 natura
954 3591 1017 3637 sua
1037 3571 1164 3654 regulae
1187 3555 1354 3646 detrahat,

186 3700 255 3745 non
270 3701 351 3747 vero
364 3683 476 3747 addat.

398 4107 515 4152 ttetlclr
534 4111 611 4151 tincti
627 4109 739 4160 Quintus
757 4111 790 4151 AG
809 4107 921 4150 ULTUUS
941 4107 1141 4150 necxerxtrurl.
