3418 5566
532 555 619 604 orsas
639 557 768 613 omarus
787 555 1011 604 nooerrssrun.
1306 538 1363 603 361

195 676 275 746 dem
291 679 331 742 flt
345 681 469 762 praeter
479 678 706 743 intentionem
720 677 905 757 occidendi,
921 695 992 742 non
1005 685 1089 744 vcro
1105 677 1178 743 sine
1190 677 1291 762 culpa
1313 696 1366 744 oc

193 787 346 864 adeatis,
362 792 540 871 reputatur
552 787 839 870 peccaminosum,
855 785 911 852 vel
931 785 1132 868 theologice,
1148 787 1176 851 si
1190 787 1289 871 eulpa
1301 789 1365 852 luit

195 895 396 978 theologica,
411 895 468 960 vel
479 894 635 978 juridice,
653 895 682 958 si
696 894 796 979 culpa
804 895 910 959 luerit
923 913 1017 960 merc
1030 895 1185 978 juridica.
1199 896 1283 961 Nam
1299 895 1365 962 tale

193 1005 424 1080 homicidium,
440 1003 732 1070 licetdirectenon
747 1005 791 1068 sit
803 1003 958 1080 volitum,
976 1010 1028 1068 est
1039 1003 1305 1070 tamenvolitum
1315 1006 1366 1070 in-

194 1114 319 1182 directe
334 1133 396 1181 seu
407 1115 442 1178 in
454 1131 566 1190 causa,
579 1115 691 1198 inqua
703 1113 879 1195 diligentia
886 1132 958 1178 non
968 1113 1033 1177 luit
1040 1112 1199 1191 adhibita,
1207 1133 1251 1178 ne
1259 1115 1367 1180 homi·

193 1221 319 1288 cidium
333 1227 543 1307 sequeretur.
558 1221 646 1288 Talis
659 1226 712 1288 est
724 1220 878 1286 doctrina
893 1219 1074 1303 generalis,
1089 1238 1165 1304 quas
1179 1220 1282 1288 dehet
1293 1240 1368 1306 par-

193 1334 379 1400 ticulariter
391 1333 574 1418 explanari.

235 1443 264 1526 b)
276 1444 338 1522 Qui
353 1442 411 1508 dat
422 1461 561 1527 operam
584 1443 633 1507 rei
656 1441 756 1506 licita
775 1459 818 1507 cx
839 1460 906 1525 qua
922 1459 993 1508 non
1010 1443 1218 1526 praevidetur
1229 1444 1369 1509 homici-

196 1551 302 1628 dium,
315 1550 382 1628 vel,
395 1551 647 1636 siprsevidetur,
662 1569 800 1616 omnem
816 1549 1026 1631 diligentiam
1041 1551 1269 1618 necessariam
1276 1552 1369 1618 adhi-
1440 1635 1444 1646 ¹

194 1659 252 1726 het
264 1658 307 1726 ad
332 1658 416 1724 illud
430 1657 706 1743 precavendum,
727 1656 946 1737 nullomodo
968 1662 1021 1723 est
1036 1676 1118 1724 reus
1135 1658 1309 1724 homicidii
1334 1667 1369 1726 et

193 1786 383 1851 poenarum,
395 1769 424 1832 si
437 1787 499 1852 per
511 1767 667 1834 accidens
674 1766 895 1833 homicidium
905 1771 1085 1851 sequutum
1100 1767 1149 1832 ita
1160 1769 1366 1845 communis,

194 1895 238 1943 ex
256 1893 328 1960 cap.
345 1877 365 1942 9
380 1880 414 1942 et
428 1875 466 1941 13
479 1876 552 1959 huj.
569 1876 619 1938 tit.
636 1875 734 1941 Ratio
749 1879 811 1951 est,
827 1875 907 1961 quia
920 1875 956 1940 in
969 1875 1029 1940 tali
1041 1893 1123 1941 casu
1145 1877 1243 1942 abest
1256 1878 1369 1942 omnis

195 1984 293 2051 dolus
317 1991 353 2052 et
367 1984 476 2070 culpa,
502 1990 536 2052 ct
559 1984 637 2051 ideo
652 2002 723 2051 non
744 1985 969 2050 committitur
988 1983 1211 2051 homicidium
1224 1987 1368 2054 formale

193 2096 304 2178 poenis
317 2093 469 2176 dignum.

233 2202 327 2269 Unde
341 2204 373 2268 1ο
387 2203 539 2268 medicus
551 2203 691 2287 peritus,
709 2204 767 2288 qui
782 2221 861 2268 cum
876 2201 1051 2284 diligentia
1065 2203 1270 2270 medicinam
1284 2223 1369 2289 prae-

195 2313 319 2389 scribit,
337 2319 371 2379 et
383 2313 539 2378 minister
553 2314 611 2400 qui
627 2332 704 2380 eam
718 2315 857 2397 prabet,
870 2331 941 2378 non
959 2317 1121 2378 tenentur
1135 2313 1177 2379 de
1195 2319 1293 2380 reatu
1310 2317 1370 2380 ho·

194 2420 319 2486 mioidii
335 2426 370 2486 et
383 2421 639 2503 irregularitatis
649 2438 762 2504 poena.
774 2421 808 2484 2⁰
818 2421 881 2498 Qui
893 2420 1136 2503 circumspecte
1150 2421 1243 2486 levat
1256 2421 1369 2488 velin-
1402 2429 1406 2438 '

193 2528 296 2594 vestit
307 2529 493 2607 infirmum,
510 2548 580 2595 nou
608 2534 661 2594 est
682 2547 763 2594 reus
781 2528 966 2607 homicidii,
984 2528 1012 2592 si
1024 2528 1190 2595 moriatur
1212 2530 1369 2596 infirmus

194 2635 237 2702 oh
247 2635 350 2702 talem
359 2638 559 2703 motionem.
571 2637 604 2702 3⁰
613 2637 676 2715 Qui
690 2655 733 2703 ex
743 2637 863 2702 arbore
876 2653 991 2702 ramos
1005 2635 1114 2701 velex
1125 2640 1214 2704 tecto
1223 2639 1366 2720 lagidae,

193 2744 283 2810 iacta
292 2743 569 2829 proclamatione,
587 2745 712 2828 dejicit,
725 2763 795 2810 non
810 2748 947 2810 tenetur
957 2749 1054 2812 reatu
1067 2744 1251 2824 homicidii,
1267 2747 1296 2810 si
1308 2765 1370 2830 per

194 2853 350 2920 accidens
366 2873 409 2919 ex
421 2853 495 2919 istis
510 2855 700 2920 actionibus
714 2872 808 2920 mors
823 2851 1065 2939 consequatur,
1081 2854 1178 2919 etsie
1199 2853 1370 2938 colligitur

195 2982 240 3030 cx
255 2981 328 3046 cap.
345 2963 375 3038 9,
392 2963 442 3041 13,
458 2963 509 3041 11,
525 2963 576 3040 ta,
592 2963 631 3027 16
644 2965 717 3046 huj.
734 2963 785 3028 tit.

235 3073 262 3154 c)
277 3071 340 3148 Qui
354 3070 413 3136 dat
425 3089 565 3152 operam
576 3072 627 3136 rei
641 3070 751 3148 licita,
766 3071 827 3137 sed
840 3070 1053 3154 diligentiam
1062 3072 1289 3139 sufficientem
1298 3091 1369 3139 non

195 3180 333 3246 adhibet
351 3179 395 3244 ad
415 3178 677 3262 praecavendum
701 3179 934 3256 homicidium,
958 3185 1134 3246 teneretur
1151 3187 1248 3246 reatu
1261 3183 1369 3247 homi-

196 3287 285 3366 cidii,
302 3287 330 3351 si
346 3288 411 3354 hoc
438 3286 616 3366 accideret.
634 3286 703 3353 lioc
726 3288 758 3353 ei
780 3289 1007 3370 imputaretur
1024 3291 1060 3354 in
1078 3292 1153 3356 foro
1172 3291 1307 3356 interno
1326 3290 1368 3356 nd

194 3396 330 3480 culpam
344 3395 581 3478 theologicam
603 3395 642 3460 in
652 3396 727 3461 loro
745 3400 887 3462 externo
898 3396 941 3462 ad
954 3395 1090 3480 culpam
1101 3397 1282 3482 juridicam
1297 3418 1304 3460 :
1321 3401 1369 3464 sic

195 3503 407 3588 explicantur
426 3521 499 3587 cap.
519 3503 550 3580 7,
572 3502 603 3580 8,
619 3503 669 3582 10,
686 3503 736 3580 11,
753 3503 793 3567 lt
806 3503 879 3587 huj.
897 3504 949 3568 tit.
965 3504 1064 3570 Ratio
1079 3509 1142 3582 est,
1169 3505 1248 3589 quia
1272 3505 1370 3571 omit·

193 3617 269 3679 tens
285 3612 496 3696 diligentiam
511 3612 671 3690 debitam,
685 3612 849 3680 indirecte
865 3614 944 3678 etin
957 3631 1060 3680 causa
1074 3613 1245 3681 concurrit
1258 3614 1301 3680 ad
1310 3615 1369 3682 ho

191 3719 366 3786 mioidium
384 3725 617 3788 consecutum.

236 3828 373 3912 (dhane
395 3847 534 3912 operam
559 3830 610 3896 rei
625 3829 759 3906 illicitae,
775 3831 803 3895 si
827 3831 894 3895 ista
913 3835 966 3897 est
984 3849 1101 3916 perse
1125 3833 1317 3917 periculosa
1334 3840 1369 3899 et

193 3936 366 4002 inductiva
378 3935 551 4002 homicidii
567 3943 628 4003 aut
648 3937 884 4016 mutilationis,
902 3946 1018 4004 secuto
1031 3941 1156 4006 effectu
1170 3943 1290 4008 mortis
1309 3946 1369 4007 aut

192 4046 427 4122 mutilationis,
435 4048 476 4109 tlt
484 4064 563 4110 reus
577 4045 750 4112 homicidii
758 4052 792 4111 et
801 4064 982 4129 poenarum
996 4049 1027 4112 ei
1040 4065 1252 4113 annexarum
1262 4049 1303 4131 (c.
1314 4049 1365 4124 10,

193 4155 244 4231 19,
258 4155 309 4232 00,
325 4153 366 4218 ll
378 4153 450 4237 huj.
468 4153 517 4217 tit.
535 4159 570 4218 et
582 4171 653 4238 cap.
674 4155 733 4218 iln.
753 4155 825 4238 huj.
846 4157 896 4220 tit.
919 4155 954 4219 in
972 4155 1027 4238 δ’).
1043 4155 1126 4220 Nam
1141 4157 1209 4220 tale
1229 4157 1367 4221 homici-

193 4262 289 4328 dium
302 4261 367 4326 iuit
379 4260 623 4338 voluntarium,
640 4261 762 4328 saltem
775 4263 811 4328 in
825 4281 939 4342 causa,
956 4281 1036 4329 cum
1047 4281 1151 4329 causa
1163 4263 1230 4331 ista
1244 4265 1288 4329 sit
1305 4283 1367 4348 per
1451 4247 1455 4257 ¹

193 4388 229 4436 se
242 4368 416 4435 inductiva
429 4369 559 4434 mortis.
576 4367 683 4446 Unde,

232 4479 264 4542 1ο
281 4476 426 4542 Clericus
438 4477 473 4540 in
486 4476 575 4542 bello
591 4477 765 4554 dimicans,
778 4479 806 4542 si
821 4497 924 4563 quem
938 4478 1081 4556 occidat,
1095 4481 1151 4545 rel
1165 4481 1193 4544 si
1207 4485 1364 4548 exerceat

192 4591 303 4654 artem
315 4585 492 4651 medicina
517 4590 577 4650 aut
597 4587 777 4668 chirurgia
793 4606 872 4653 cum
885 4589 1052 4655 incisione
1066 4589 1123 4655 vel
1135 4588 1314 4656 adustione
1332 4599 1366 4658 ct

191 4713 285 4760 mors
299 4711 342 4760 ex
357 4693 415 4761 tali
428 4693 592 4760 incisione
605 4693 662 4761 vel
670 4693 850 4761 adustione
863 4701 1036 4781 sequatur,
1053 4696 1232 4781 subjicitur
1253 4700 1363 4783 poenis
