3418 5566
442 627 444 641 ¹
519 632 607 679 menn
629 633 755 687 curares
776 631 996 680 oneraremur.
1285 613 1346 678 345

173 747 361 830 majestatie
381 748 417 812 in
440 749 566 832 speeie,
589 769 657 835 quo
675 751 832 835 princepe
847 749 931 815 citra
943 749 1165 816 hostilitatem
1178 748 1346 816 laeditura

174 853 321 932 subdito,
337 860 376 919 ut
390 856 418 919 'ei
434 857 510 940 quis
525 857 712 940 prinoipem
727 859 894 942 percutiat
907 858 963 922 vel
978 856 1094 923 caedat.

213 960 251 1026 ln
261 967 322 1027 art.
334 963 375 1028 86
385 961 513 1028 Codicis
520 964 664 1048 pennalis
677 964 1145 1046 etinlegeanni1832variae
1158 983 1270 1048 poenae
1280 971 1347 1031 eta·
1398 1045 1401 1060 .

173 1069 337 1134 biliuntur
349 1076 468 1138 contra
480 1090 558 1138 reos
571 1073 721 1138 criminis
735 1074 825 1138 laesae
840 1073 1049 1158 majestatis3
1063 1074 1166 1139 editio
1182 1073 1347 1139 librorum

173 1195 358 1262 pravorum
383 1185 503 1246 contra
527 1181 714 1268 principem
738 1185 881 1267 eJueque
906 1185 986 1266 jura
1005 1183 1153 1266 pertinet
1175 1183 1279 1247 etiam
1303 1183 1347 1247 ad

174 1285 257 1352 illud
270 1307 380 1370 genus
394 1290 562 1366 oriminis3
578 1290 638 1354 eed
652 1289 770 1356 relicto
784 1291 842 1356 illo
856 1291 1009 1368 crimine,
1021 1291 1260 1375 prosequimur
1274 1309 1346 1356 euc-

173 1396 364 1467 ceaeionem
379 1397 556 1463 titulorum
567 1400 717 1483 eorporis
729 1399 817 1483 juris
831 1398 995 1465 canonici.

611 1779 832 1856 TITULUS
869 1781 915 1854 X.

478 1975 516 2022 DE
537 1977 596 2034 HIS,
619 1976 671 2030 QUI
690 1975 785 2022 rltros
806 1975 989 2023 OCGIDERUNT
1010 1973 1049 2030 (l).

214 2271 310 2335 Nom.
335 2271 372 2335 ln
393 2272 458 2338 hoc
477 2271 575 2337 titulo
594 2272 707 2354 agitur
723 2272 765 2337 de
779 2272 969 2356 parricidio,
988 2273 1080 2357 quod
1093 2272 1130 2336 in
1145 2290 1272 2354 genere
1288 2274 1350 2338 ho-

174 2380 301 2446 micidii
316 2385 368 2446 est
382 2381 512 2445 crimen
526 2381 786 2463 gravissimum
804 2384 840 2446 et
852 2381 942 2446 inter
958 2380 1079 2446 delicta
1094 2399 1169 2465 quae
1187 2381 1222 2446 in
1240 2382 1349 2446 homi-

175 2507 256 2552 nem
278 2491 551 2566 committuntur,
579 2489 713 2554 nullum
739 2494 792 2554 eat
817 2489 955 2571 gravius
985 2508 1088 2574 quam
1113 2489 1346 2556 homicidium.

176 2598 284 2674 Quare
298 2598 371 2662 haec
391 2599 540 2664 secunde
554 2617 642 2682 pars,
660 2619 736 2684 quae
748 2603 905 2664 versatur
924 2599 961 2662 in
975 2599 1175 2664 criminibus
1194 2598 1349 2663 charitati

175 2723 236 2770 eeu
250 2705 406 2788 proximo
420 2707 686 2783 adversantibus,
703 2707 825 2772 merito
842 2706 1017 2772 exorditur
1028 2725 1049 2770 a
1062 2705 1252 2790 parricidio.

472 2891 492 2939 l.
505 2887 576 2950 Quid
592 2888 621 2940 et
635 2886 787 2953 quotuplex
799 2885 837 2940 eit
850 2885 1055 2950 parricidium

215 3035 247 3096 1·
257 3032 344 3097 Voce
356 3032 524 3116 parricidii
536 3033 618 3098 olim
630 3033 790 3097 veniebat
801 3031 946 3117 quodvis
956 3032 1194 3108 homicidium
1209 3051 1299 3097 nunc
1309 3035 1350 3096 si-

174 3141 313 3222 gnificat
325 3141 545 3205 homicidium
558 3142 594 3205 in
604 3159 767 3224 personas
778 3142 989 3222 conjunctae,
1006 3140 1066 3205 sed
1079 3141 1157 3204 dolo
1172 3159 1232 3205 seu
1245 3141 1350 3206 scien-

175 3254 228 3312 ter
245 3249 477 3313 commissum.
492 3249 525 3312 Si
541 3249 653 3314 solum
668 3267 795 3314 nomen
815 3251 1037 3332 spectaretur,
1053 3249 1261 3329 signiticaret
1277 3252 1350 3312 tan-

177 3362 249 3421 tum
269 3362 450 3440 parentum
470 3357 615 3434 caedem;
637 3376 679 3422 ex
702 3357 808 3423 altera
824 3362 932 3440 parte,
952 3357 1027 3440 ipsa
1046 3357 1180 3420 rubrica
1201 3355 1289 3419 tituli
1304 3356 1351 3420 di-

175 3469 266 3528 recte
278 3461 404 3530 iudicat
418 3464 547 3530 eaedem
561 3466 721 3542 illiorum,
737 3465 797 3530 sed
813 3483 856 3528 ex
870 3485 936 3530 usu
953 3463 1172 3548 parricidium
1194 3462 1351 3544 designat

175 3573 379 3638 occisionem
393 3577 640 3658 cujuscumque
654 3592 809 3658 personae
833 3577 1035 3657 conjunctae.
1064 3571 1191 3637 Tamen
1217 3571 1253 3636 in
1268 3571 1347 3636 Cod.

178 3679 257 3746 Gall.
269 3701 361 3764 poen.
378 3687 439 3747 art.
457 3683 527 3759 299,
544 3683 683 3748 nomine
698 3681 869 3766 parricidii
893 3682 989 3745 venit
1007 3685 1141 3744 tantum
1154 3680 1277 3744 occisio
1292 3699 1350 3763 pa-

175 3795 312 3854 rentum
327 3789 570 3872 legitimorum,
587 3793 794 3857 naturalium
806 3791 863 3856 vel
877 3789 1129 3873 adoptivorum,
1146 3794 1182 3853 et
1196 3789 1351 3853 omnium

175 3898 433 3962 ascendentium
443 3899 686 3982 legitimorum.

214 4003 246 4067 2⁰
259 4005 476 4071 Parricidium
490 4007 650 4074 dividitur
658 4007 694 4070 in
703 4005 908 4091 parricidum
919 4005 1255 4088 proprieetrigoroee
1267 4005 1346 4081 tale,

175 4111 266 4195 qnod
281 4130 301 4174 a
314 4110 428 4177 liberis
443 4113 478 4177 in
493 4121 662 4198 parentes,
678 4116 766 4180 vele
782 4120 910 4192 centra,
930 4115 1153 4180 commissum
1177 4118 1241 4190 est,
1268 4119 1303 4178 et
1315 4114 1352 4177 in
1414 4139 1419 4148 ·

175 4217 357 4301 improprie
383 4220 460 4296 tale,
487 4223 516 4285 ei
533 4224 670 4303 cognati
694 4223 905 4289 collaterales
922 4228 982 4288 aut
998 4223 1119 4288 aflines
1141 4221 1291 4306 aliquem
1306 4239 1349 4284 ex

175 4327 379 4406 cognatione
394 4333 453 4392 aut
464 4330 627 4394 affinitate
644 4332 808 4396 occidant.

217 4430 345 4516 ltaque,
361 4435 499 4500 nomine
513 4438 756 4520 parricidarum
774 4440 909 4523 proprie
924 4438 1157 4514 dictorum-in
1170 4437 1281 4520 specie
1295 4455 1353 4500 ve·

176 4539 299 4604 niunt:
322 4543 354 4604 1⁰
374 4542 471 4606 liberi
491 4543 548 4628 qui
571 4545 728 4609 occidunt
746 4547 922 4630 proprium
941 4550 1074 4627 patrem
1096 4544 1153 4608 vel
1174 4549 1319 4609 matrem
1342 4563 1350 4605 :

208 4702 242 4766 (l)
260 4700 352 4760 Quoad
360 4701 501 4766 joaham,
513 4704 724 4772 videtl'andeat„
735 4705 753 4756 l.
766 4707 872 4766 XLVlll,
889 4711 907 4756 t.
924 4719 967 4768 ις’,
983 4705 1084 4770 Codic,
1098 4706 1115 4756 l.
1132 4707 1173 4767 lli,
1187 4712 1206 4757 t.
1221 4717 1267 4771 rr,
1277 4716 1349 4770 xvrr;

177 4776 266 4839 quoad
280 4777 324 4841 jus
338 4777 415 4842 cart,
429 4779 490 4832 ride
504 4779 567 4832 Cod.
583 4781 691 4846 ponat,
706 4781 724 4832 l.
736 4782 779 4846 lll,
792 4786 811 4832 t.
827 4795 858 4843 ιι,
873 4797 896 4832 e.
913 4794 936 4857 r,
946 4796 968 4832 a.
984 4785 1006 4843 t,
1022 4785 1068 4840 §t
