3514 5564
471 663 474 667 -
533 641 622 687 arona
642 643 778 698 cataros
799 643 1019 690 encaeniarum.
1310 628 1369 692 139

220 891 224 898 ,
292 835 322 888 ii.
342 832 414 894 Quid
429 832 610 898 permittatur
624 833 793 900 conjugibus
809 835 839 888 in
855 846 922 888 casu
937 835 1075 889 contracti
1094 835 1271 890 matrimonii

644 925 710 968 cnm
724 914 918 980 impotentia?

231 1063 331 1148 Resp.
356 1063 385 1126 i.
408 1061 442 1126 Si
463 1063 664 1148 impotentia
689 1064 754 1128 init
776 1063 983 1130 antecedens
999 1068 1043 1145 et,
1063 1064 1198 1132 secluso
1220 1065 1371 1149 periculo

193 1172 459 1254 incontinentia,
478 1170 585 1236 veiint
600 1172 663 1236 sibi
685 1172 879 1238 cohabitare
902 1178 1065 1256 tanquam
1088 1174 1194 1240 frater
1207 1177 1242 1238 et
1262 1191 1369 1253 soror,

192 1279 227 1344 id
248 1279 297 1344 eis
312 1279 522 1363 permittitur
539 1298 602 1362 per
619 1297 691 1364 cap.
716 1278 736 1344 i
754 1285 790 1344 et
808 1281 828 1344 5
845 1279 878 1344 h.
896 1285 920 1344 t.
939 1265 990 1364 (i).
1012 1281 1097 1358 Quia
1111 1300 1195 1347 vero
1211 1281 1287 1346 talis
1301 1283 1372 1348 vita

194 1385 327 1476 socialis
341 1386 443 1470 plena
457 1391 509 1451 est
523 1386 674 1471 periculi,
691 1391 830 1470 praeetat
841 1405 944 1468 agere
961 1387 1003 1452 ad
1019 1386 1279 1454 dissolutionem
1296 1407 1372 1454 aue

194 1497 328 1561 toritete
343 1494 498 1561 Ecclesiae
510 1496 718 1572 iaciendam3
736 1496 897 1574 maxime,
913 1497 940 1560 si
954 1499 1101 1580 juvenes
1125 1497 1193 1561 sint
1208 1501 1243 1562 et
1255 1498 1373 1565 incon-

194 1605 345 1671 tinentia
358 1604 512 1688 snbjecti;
529 1603 761 1687 quietalicasn
771 1603 934 1688 praeveiet
943 1607 1001 1688 jus
1010 1603 1164 1670 naturaie
1171 1605 1372 1688 praecipiens

195 1713 363 1778 declinare
392 1713 607 1778 occasionem
634 1713 807 1796 peccandi.
838 1711 1005 1778 Caeterum
1033 1713 1099 1778 ista
1126 1713 1374 1778 confoederatio

194 1822 445 1906 impotentium,
469 1840 548 1887 cum
569 1839 639 1887 non
657 1822 785 1887 tribuat
800 1825 858 1905 jus
878 1823 1082 1906 incorpora,
1101 1826 1239 1888 nonest
1260 1823 1373 1906 reipsa
1485 1861 1488 1872 1

194 1930 460 2006 matrimonium,
477 1931 537 1996 sed
559 1933 704 1998 societas
717 1937 880 2017 tanquam
894 1930 1007 1996 fratris
1023 1935 1058 1995 et
1070 1932 1207 2008 sororis,
1225 1935 1264 1997 ut
1282 1949 1372 1997 com-

194 2039 308 2102 munis
328 2043 423 2104 tenet
435 2044 554 2104 contra
566 2038 682 2105 Palud.
699 2039 859 2105 Pontium
875 2043 909 2104 et
923 2056 1051 2123 paucos
1065 2038 1160 2105 alios.
1176 2038 1243 2104 Neo
1259 2039 1372 2105 obstat

194 2165 267 2212 can.
282 2149 311 2224 i,
328 2148 517 2232 disquisitos,
532 2149 582 2224 it,
596 2168 627 2233 q.
639 2149 667 2224 i,
685 2165 766 2212 nam
777 2147 868 2212 inter
879 2147 1087 2231 impotentes
1100 2146 1222 2211 dicitur
1237 2165 1312 2211 essa
1322 2165 1373 2210 re-

193 2254 571 2338 tinaculumconjugale
584 2255 629 2320 de
644 2256 733 2320 iacto
753 2260 788 2320 et
803 2257 1017 2339 apparenter,
1032 2272 1102 2320 non
1117 2258 1233 2320 autem
1244 2253 1372 2338 dejure

195 2367 229 2426 et
243 2363 364 2446 reipsa.
1113 2359 1120 2366 ’

233 2470 332 2553 Resp.
352 2471 382 2534 i.
406 2470 439 2535 Si
454 2471 655 2554 impotentia
675 2477 728 2537 est
750 2472 1007 2557 superveniens,
1025 2473 1191 2556 conjuges
1211 2474 1372 2534 tenentur

195 2580 258 2643 sibi
278 2581 483 2656 cohabitare,
509 2600 579 2647 non
604 2586 720 2647 tamen
743 2583 961 2649 matrimonio
983 2582 1033 2646 uti
1057 2583 1093 2646 in
1117 2581 1176 2646 iiio
1201 2597 1282 2645 casu
1303 2597 1370 2665 quo

195 2687 429 2765 semenvirile,
445 2689 566 2754 saltem
578 2690 689 2774 quoad
700 2690 849 2776 aliquam
858 2689 1115 2775 partem‚recipi
1125 2693 1273 2774 nequeat
1281 2690 1371 2753 intra

194 2815 255 2862 vas
269 2797 406 2862 isminae
417 2817 424 2874 ;
436 2799 516 2882 quia
529 2801 605 2882 ejus
615 2798 780 2883 dispersio
789 2804 919 2865 naturae
928 2800 1129 2864 adversatur
1148 2819 1155 2862 :
1174 2816 1241 2884 quo
1254 2803 1371 2862 tamen

194 2925 275 2971 casu
294 2909 408 2972 nestori
427 2913 522 2973 actus
545 2909 585 2992 (t)
607 2909 807 2992 conjugales
828 2910 1017 2994 imperfecti
1039 2909 1088 2972 eis
1106 2907 1371 2991 permittuntur,

195 3015 297 3080 modo
311 3015 395 3079 flant
409 3015 483 3080 sine
495 3016 645 3108 periculo
661 3018 802 3099 majoris
817 3017 1082 3084 incontinentiae.
1099 3016 1143 3081 it
1161 3015 1189 3080 si
1204 3017 1373 3099 impoten-

196 3109 243 3188 tia
255 3124 322 3190 ista
336 3125 554 3209 superveniat
578 3143 621 3190 ex
633 3127 773 3190 testium
789 3132 849 3190 ant
870 3126 943 3192 veri
962 3126 1102 3192 seminis
1116 3126 1261 3204 defectu,
1279 3123 1370 3188 licite

197 3237 340 3296 utuntur
360 3234 492 3317 copula,
513 3234 592 3319 quia
605 3253 667 3318 per
685 3235 840 3302 accidens
857 3239 910 3300 est
929 3235 1153 3320 qnodvorum
1169 3251 1288 3300 semen
1301 3251 1373 3298 non

195 3341 371 3406 habeatur.

386 3543 428 3594 iii.
441 3541 513 3604 Quid
524 3542 598 3607 juris
613 3543 688 3596 circa
701 3542 917 3597 matrimonium
929 3541 1179 3608 hermaphroditis

236 3693 335 3775 Resp.
362 3693 395 3758 Si
418 3697 561 3780 uterque
582 3713 684 3760 sexus
704 3695 739 3760 in
752 3693 810 3760 illo
825 3713 886 3778 par
900 3699 963 3772 est,
984 3694 1041 3760 vei
1053 3694 1133 3760 lieet
1154 3712 1243 3760 unus
1262 3693 1373 3760 modi·

196 3817 275 3864 cum
296 3800 490 3884 praevaleat,
508 3807 624 3868 tamen
640 3803 829 3868 secundnm
842 3806 1134 3888 utrumqneaptue
1149 3806 1201 3867 est
1215 3801 1258 3867 ad
1271 3819 1374 3884 copu-

230 4007 261 4071 it)
282 4007 309 4058 S.
324 4008 419 4076 congr.
438 4010 518 4062 conc.
533 4010 568 4061 ad
585 4010 696 4062 dubium
710 4026 716 4063 :
730 4010 859 4071 Quaenam
873 4023 932 4062 esse
950 4009 1045 4061 debeat
1058 4009 1155 4075 agendi
1167 4009 1235 4060 ratio
1247 4007 1374 4073 episcopi,

196 4084 305 4150 parochi
319 4089 346 4137 at
357 4087 511 4137 confessarii
526 4101 588 4152 erga
603 4088 771 4152 impotentes,
784 4087 830 4152 qui
847 4101 878 4138 ea
889 4086 991 4138 ratione
1005 4085 1122 4150 reparari
1138 4087 1285 4151 nequeunt,
1302 4083 1375 4150 quod

197 4172 289 4210 eorum
310 4163 470 4226 separationi
485 4163 595 4214 obsistat
616 4163 700 4215 civilis
721 4163 865 4214 Galliarum
881 4163 935 4224 lox,
948 4175 1008 4226 quer
1022 4161 1186 4226 impotentiae
1200 4160 1375 4223 impedimen·

196 4238 254 4286 tom
266 4249 322 4287 non
336 4239 473 4303 agnoscit?
487 4237 653 4305 Respondit:
669 4240 765 4291 Vivant
778 4244 809 4291 ut
823 4240 903 4291 irater
917 4242 944 4290 et
956 4251 1044 4300 soron
1058 4237 1131 4302 qnod
1143 4237 1165 4286 si
1177 4235 1205 4286 id
1217 4248 1273 4286 non
1287 4238 1377 4300 posset

198 4311 255 4362 eine
269 4314 368 4376 peccati
380 4314 508 4378 periculo,
522 4319 677 4380 separentur
691 4317 801 4368 omnino
817 4317 855 4380 (io
869 4317 1045 4374 Marcionem,
1055 4316 1083 4362 io
1099 4313 1157 4363 dec.
1172 4313 1251 4376 iani).

231 4387 263 4452 (t)
280 4387 349 4447 Quid
361 4389 413 4441 hoc
429 4390 488 4442 ioco
502 4391 590 4443 dicere
606 4392 670 4444 velit
683 4397 785 4456 auctor,
801 4392 944 4444 obscurum
966 4394 1013 4441 est.
1028 4389 1138 4440 Videtur
1158 4388 1293 4438 insinnare
1307 4385 1375 4437 vella
1432 4407 1436 4414 ·

198 4477 273 4514 mera
286 4465 398 4516 honesta
412 4467 487 4532 signa
501 4469 607 4529 amoris,
623 4481 684 4534 qum
697 4472 805 4520 careant
818 4467 936 4534 periculo
950 4465 1115 4532 pollutionis.
1129 4463 1196 4514 iilud
1209 4467 1310 4514 eertum
1326 4467 1375 4525 est,

198 4552 254 4590 non
267 4553 324 4592 asse
333 4540 435 4593 licitum
444 4557 523 4595 nsum
534 4543 712 4610 conjugalem,
722 4545 745 4596 si
754 4545 898 4610 nequidem
909 4541 1066 4595 ordinabilis
1081 4544 1121 4590 est
1132 4553 1181 4604 per
1195 4539 1264 4590 ullas
1273 4542 1377 4589 naturas

160 4651 163 4657 .
198 4615 270 4666 vires
282 4617 375 4668 saitem
389 4617 504 4672 mediate
518 4619 552 4671 ad
566 4621 776 4686 procreationem
789 4621 879 4686 prolis,
894 4621 976 4685 prout
991 4617 1050 4668 lieri
1061 4615 1163 4682 nequit,
1177 4615 1199 4665 si
1213 4614 1293 4665 ambo
1307 4613 1377 4664 testi·

200 4691 253 4742 cuii
268 4692 364 4744 desint.
384 4693 498 4748 mentm
516 4709 609 4749 semen
628 4710 685 4748 non
707 4696 854 4762 proiitioom
871 4709 919 4762 per
939 4695 1009 4746 vires
1028 4695 1131 4745 nature
1150 4690 1298 4758 proiidcam
1320 4689 1377 4742 tisri

200 4770 287 4833 potest
299 4769 428 4833 (eiraldi.
