<?xml version="1.0" encoding="UTF-8"?>
<!DOCTYPE html PUBLIC "-//W3C//DTD XHTML 1.0 Transitional//EN"
    "http://www.w3.org/TR/xhtml1/DTD/xhtml1-transitional.dtd">
<html xmlns="http://www.w3.org/1999/xhtml" xml:lang="en" lang="en">
 <head>
  <title>
</title>
<meta http-equiv="Content-Type" content="text/html;charset=utf-8" />
  <meta name='ocr-system' content='tesseract 3.04.00' />
  <meta name='ocr-capabilities' content='ocr_page ocr_carea ocr_par ocr_line ocrx_word'/>
</head>
<body>
  <div class='ocr_page' id='page_1' title='image "./juscanonicumjux01grangoog/juscanonicumjux01grangoog_0073.png"; bbox 0 0 3508 5568; ppageno 0'>
   <div class='ocr_carea' id='block_1_1' title="bbox 580 527 1406 620">
    <p class='ocr_par' dir='ltr' id='par_1_1' title="bbox 580 527 1406 620">
     <span class='ocr_line' id='line_1_1' title="bbox 580 527 1406 620; baseline 0.002 -26"><span class='ocrx_word' id='word_1_1' title='bbox 580 545 668 620; x_wconf 75' lang='lat' dir='ltr'><strong>traps</strong></span> <span class='ocrx_word' id='word_1_2' title='bbox 688 547 825 605; x_wconf 77' lang='lat' dir='ltr'><strong>ausurus</strong></span> <span class='ocrx_word' id='word_1_3' title='bbox 845 549 1064 597; x_wconf 77' lang='lat' dir='ltr'><strong>nsoasrmrun.</strong></span> <span class='ocrx_word' id='word_1_4' title='bbox 1366 527 1406 596; x_wconf 81' lang='lat'><strong>63</strong></span> 
     </span>
    </p>
   </div>
   <div class='ocr_carea' id='block_1_2' title="bbox 233 669 1410 3021">
    <p class='ocr_par' dir='ltr' id='par_1_2' title="bbox 234 669 1410 1384">
     <span class='ocr_line' id='line_1_2' title="bbox 246 669 1405 754; baseline -0.002 -20"><span class='ocrx_word' id='word_1_5' title='bbox 246 698 249 704; x_wconf 94' lang='lat'>·</span> <span class='ocrx_word' id='word_1_6' title='bbox 276 669 375 753; x_wconf 89' lang='lat' dir='ltr'><strong>Resp.</strong></span> <span class='ocrx_word' id='word_1_7' title='bbox 402 671 432 735; x_wconf 73' lang='lat' dir='ltr'><strong>i.</strong></span> <span class='ocrx_word' id='word_1_8' title='bbox 459 670 643 748; x_wconf 77' lang='lat' dir='ltr'><strong>parochus,</strong></span> <span class='ocrx_word' id='word_1_9' title='bbox 664 670 742 736; x_wconf 89' lang='lat' dir='ltr'><strong>licet</strong></span> <span class='ocrx_word' id='word_1_10' title='bbox 766 671 1095 746; x_wconf 87' lang='lat' dir='ltr'><strong>excommunicatus,</strong></span> <span class='ocrx_word' id='word_1_11' title='bbox 1116 675 1230 754; x_wconf 89' lang='lat' dir='ltr'><strong>potest</strong></span> <span class='ocrx_word' id='word_1_12' title='bbox 1248 669 1405 749; x_wconf 79' lang='lat' dir='ltr'><strong>delegare</strong></span> 
     </span>
     <span class='ocr_line' id='line_1_3' title="bbox 236 777 1408 858; baseline 0.001 -18"><span class='ocrx_word' id='word_1_13' title='bbox 236 777 431 842; x_wconf 81' lang='lat' dir='ltr'><strong>facultatem</strong></span> <span class='ocrx_word' id='word_1_14' title='bbox 457 777 637 843; x_wconf 89' lang='lat' dir='ltr'><strong>assistendi</strong></span> <span class='ocrx_word' id='word_1_15' title='bbox 658 778 896 853; x_wconf 88' lang='lat' dir='ltr'><strong>matrimonio,</strong></span> <span class='ocrx_word' id='word_1_16' title='bbox 920 795 990 842; x_wconf 92' lang='lat' dir='ltr'><strong>non</strong></span> <span class='ocrx_word' id='word_1_17' title='bbox 1012 783 1127 842; x_wconf 87' lang='lat' dir='ltr'><strong>lamen</strong></span> <span class='ocrx_word' id='word_1_18' title='bbox 1149 777 1205 841; x_wconf 89' lang='lat' dir='ltr'><strong>alii</strong></span> <span class='ocrx_word' id='word_1_19' title='bbox 1227 794 1329 858; x_wconf 88' lang='lat' dir='ltr'><strong>quam</strong></span> <span class='ocrx_word' id='word_1_20' title='bbox 1356 796 1408 841; x_wconf 92' lang='lat' dir='ltr'><strong>sa-</strong></span> 
     </span>
     <span class='ocr_line' id='line_1_4' title="bbox 237 884 1405 967; baseline -0.003 -17"><span class='ocrx_word' id='word_1_21' title='bbox 237 885 364 950; x_wconf 91' lang='lat' dir='ltr'><strong>cerdoti</strong></span> <span class='ocrx_word' id='word_1_22' title='bbox 397 885 468 950; x_wconf 90' lang='lat' dir='ltr'><strong>sive</strong></span> <span class='ocrx_word' id='word_1_23' title='bbox 495 885 663 965; x_wconf 85' lang='lat' dir='ltr'><strong>saeculari,</strong></span> <span class='ocrx_word' id='word_1_24' title='bbox 695 886 766 950; x_wconf 88' lang='lat' dir='ltr'><strong>sive</strong></span> <span class='ocrx_word' id='word_1_25' title='bbox 797 885 960 967; x_wconf 78' lang='lat' dir='ltr'><strong>regulari,</strong></span> <span class='ocrx_word' id='word_1_26' title='bbox 992 905 1034 950; x_wconf 85' lang='lat' dir='ltr'><strong>ex</strong></span> <span class='ocrx_word' id='word_1_27' title='bbox 1061 885 1207 950; x_wconf 89' lang='lat' dir='ltr'><strong>Trident.</strong></span> <span class='ocrx_word' id='word_1_28' title='bbox 1235 884 1310 950; x_wconf 92' lang='lat' dir='ltr'><strong>loco</strong></span> <span class='ocrx_word' id='word_1_29' title='bbox 1336 885 1405 960; x_wconf 85' lang='lat' dir='ltr'><strong>eit,</strong></span> 
     </span>
     <span class='ocr_line' id='line_1_5' title="bbox 237 992 1407 1078; baseline 0 -22"><span class='ocrx_word' id='word_1_30' title='bbox 237 993 296 1056; x_wconf 89' lang='lat' dir='ltr'><strong>nbi</strong></span> <span class='ocrx_word' id='word_1_31' title='bbox 316 994 352 1058; x_wconf 93' lang='lat' dir='ltr'><strong>in</strong></span> <span class='ocrx_word' id='word_1_32' title='bbox 373 993 529 1075; x_wconf 82' lang='lat' dir='ltr'><strong>delegato</strong></span> <span class='ocrx_word' id='word_1_33' title='bbox 548 995 689 1078; x_wconf 80' lang='lat' dir='ltr'><strong>requirit</strong></span> <span class='ocrx_word' id='word_1_34' title='bbox 707 994 904 1078; x_wconf 76' lang='lat' dir='ltr'><strong>qualitatem</strong></span> <span class='ocrx_word' id='word_1_35' title='bbox 926 993 1115 1069; x_wconf 83' lang='lat' dir='ltr'><strong>sacerdotii,</strong></span> <span class='ocrx_word' id='word_1_36' title='bbox 1137 994 1182 1058; x_wconf 90' lang='lat' dir='ltr'><strong>ibi</strong></span> <span class='ocrx_word' id='word_1_37' title='bbox 1204 1014 1211 1056; x_wconf 93' lang='lat'>:</span> <span class='ocrx_word' id='word_1_38' title='bbox 1234 1019 1249 1050; x_wconf 89' lang='lat'>«</span> <span class='ocrx_word' id='word_1_39' title='bbox 1271 992 1325 1057; x_wconf 91' lang='lat' dir='ltr'><strong>vei</strong></span> <span class='ocrx_word' id='word_1_40' title='bbox 1342 992 1407 1057; x_wconf 87' lang='lat' dir='ltr'><strong>alio</strong></span> 
     </span>
     <span class='ocr_line' id='line_1_6' title="bbox 238 1101 1409 1186; baseline -0.003 -20"><span class='ocrx_word' id='word_1_41' title='bbox 238 1101 412 1168; x_wconf 78' lang='lat' dir='ltr'><strong>sacerdote</strong></span> <span class='ocrx_word' id='word_1_42' title='bbox 433 1129 461 1180; x_wconf 90' lang='lat'><strong>»,</strong></span> <span class='ocrx_word' id='word_1_43' title='bbox 481 1121 589 1180; x_wconf 87' lang='lat' dir='ltr'><strong>secus,</strong></span> <span class='ocrx_word' id='word_1_44' title='bbox 615 1103 687 1168; x_wconf 90' lang='lat' dir='ltr'><strong>sine</strong></span> <span class='ocrx_word' id='word_1_45' title='bbox 711 1104 775 1168; x_wconf 90' lang='lat' dir='ltr'><strong>hac</strong></span> <span class='ocrx_word' id='word_1_46' title='bbox 795 1104 1036 1168; x_wconf 82' lang='lat' dir='ltr'><strong>commissione</strong></span> <span class='ocrx_word' id='word_1_47' title='bbox 1058 1108 1093 1166; x_wconf 93' lang='lat' dir='ltr'><strong>et</strong></span> <span class='ocrx_word' id='word_1_48' title='bbox 1116 1102 1276 1186; x_wconf 72' lang='lat' dir='ltr'><strong>qualitate</strong></span> <span class='ocrx_word' id='word_1_49' title='bbox 1300 1119 1409 1166; x_wconf 88' lang='lat' dir='ltr'><strong>sacer-</strong></span> 
     </span>
     <span class='ocr_line' id='line_1_7' title="bbox 239 1209 1410 1286; baseline -0.003 -11"><span class='ocrx_word' id='word_1_50' title='bbox 239 1210 337 1286; x_wconf 88' lang='lat' dir='ltr'><strong>dotii,</strong></span> <span class='ocrx_word' id='word_1_51' title='bbox 358 1210 515 1277; x_wconf 88' lang='lat' dir='ltr'><strong>invalida</strong></span> <span class='ocrx_word' id='word_1_52' title='bbox 538 1216 591 1277; x_wconf 89' lang='lat' dir='ltr'><strong>est</strong></span> <span class='ocrx_word' id='word_1_53' title='bbox 618 1212 813 1277; x_wconf 85' lang='lat' dir='ltr'><strong>assistentia</strong></span> <span class='ocrx_word' id='word_1_54' title='bbox 836 1212 880 1277; x_wconf 91' lang='lat' dir='ltr'><strong>ob</strong></span> <span class='ocrx_word' id='word_1_55' title='bbox 907 1210 1082 1276; x_wconf 89' lang='lat' dir='ltr'><strong>decretum</strong></span> <span class='ocrx_word' id='word_1_56' title='bbox 1106 1210 1242 1275; x_wconf 83' lang='lat' dir='ltr'><strong>irritans</strong></span> <span class='ocrx_word' id='word_1_57' title='bbox 1262 1209 1308 1274; x_wconf 92' lang='lat' dir='ltr'><strong>ibi</strong></span> <span class='ocrx_word' id='word_1_58' title='bbox 1331 1209 1410 1272; x_wconf 89' lang='lat' dir='ltr'><strong>sub-</strong></span> 
     </span>
     <span class='ocr_line' id='line_1_8' title="bbox 234 1335 376 1384; baseline 0 -2"><span class='ocrx_word' id='word_1_59' title='bbox 234 1335 376 1384; x_wconf 85' lang='lat' dir='ltr'><strong>nexum.</strong></span> 
     </span>
    </p>

    <p class='ocr_par' dir='ltr' id='par_1_3' title="bbox 233 1426 1410 2358">
     <span class='ocr_line' id='line_1_9' title="bbox 278 1426 1408 1514; baseline 0.001 -23"><span class='ocrx_word' id='word_1_60' title='bbox 278 1426 440 1494; x_wconf 86' lang='lat' dir='ltr'><strong>Sacerdos</strong></span> <span class='ocrx_word' id='word_1_61' title='bbox 455 1431 621 1513; x_wconf 89' lang='lat' dir='ltr'><strong>aproprio</strong></span> <span class='ocrx_word' id='word_1_62' title='bbox 635 1431 783 1514; x_wconf 88' lang='lat' dir='ltr'><strong>parocho</strong></span> <span class='ocrx_word' id='word_1_63' title='bbox 802 1431 923 1495; x_wconf 91' lang='lat' dir='ltr'><strong>adhoc</strong></span> <span class='ocrx_word' id='word_1_64' title='bbox 938 1429 1114 1511; x_wconf 85' lang='lat' dir='ltr'><strong>delegatus</strong></span> <span class='ocrx_word' id='word_1_65' title='bbox 1127 1432 1241 1512; x_wconf 88' lang='lat' dir='ltr'><strong>potest</strong></span> <span class='ocrx_word' id='word_1_66' title='bbox 1249 1428 1408 1492; x_wconf 88' lang='lat' dir='ltr'><strong>assistere</strong></span> 
     </span>
     <span class='ocr_line' id='line_1_10' title="bbox 238 1535 1410 1620; baseline 0.003 -23"><span class='ocrx_word' id='word_1_67' title='bbox 238 1536 455 1600; x_wconf 91' lang='lat' dir='ltr'><strong>matrimonio</strong></span> <span class='ocrx_word' id='word_1_68' title='bbox 469 1537 597 1600; x_wconf 89' lang='lat' dir='ltr'><strong>nedum</strong></span> <span class='ocrx_word' id='word_1_69' title='bbox 610 1538 700 1602; x_wconf 86' lang='lat' dir='ltr'><strong>intra</strong></span> <span class='ocrx_word' id='word_1_70' title='bbox 713 1537 902 1618; x_wconf 83' lang='lat' dir='ltr'><strong>delegantis</strong></span> <span class='ocrx_word' id='word_1_71' title='bbox 915 1536 1120 1620; x_wconf 86' lang='lat' dir='ltr'><strong>parochiam,</strong></span> <span class='ocrx_word' id='word_1_72' title='bbox 1131 1535 1192 1600; x_wconf 89' lang='lat' dir='ltr'><strong>sed</strong></span> <span class='ocrx_word' id='word_1_73' title='bbox 1202 1535 1410 1600; x_wconf 83' lang='lat' dir='ltr'><strong>etiamextra</strong></span> 
     </span>
     <span class='ocr_line' id='line_1_11' title="bbox 237 1643 1409 1726; baseline 0 -20"><span class='ocrx_word' id='word_1_74' title='bbox 237 1645 410 1725; x_wconf 85' lang='lat' dir='ltr'><strong>propriam</strong></span> <span class='ocrx_word' id='word_1_75' title='bbox 424 1644 597 1710; x_wconf 74' lang='lat' dir='ltr'><strong>dioecesim</strong></span> <span class='ocrx_word' id='word_1_76' title='bbox 610 1666 617 1722; x_wconf 92' lang='lat'>;</span> <span class='ocrx_word' id='word_1_77' title='bbox 634 1650 669 1709; x_wconf 91' lang='lat' dir='ltr'><strong>et</strong></span> <span class='ocrx_word' id='word_1_78' title='bbox 682 1645 790 1710; x_wconf 89' lang='lat' dir='ltr'><strong>multo</strong></span> <span class='ocrx_word' id='word_1_79' title='bbox 805 1647 915 1726; x_wconf 83' lang='lat' dir='ltr'><strong>magis</strong></span> <span class='ocrx_word' id='word_1_80' title='bbox 936 1643 1111 1726; x_wconf 81' lang='lat' dir='ltr'><strong>delegatus</strong></span> <span class='ocrx_word' id='word_1_81' title='bbox 1126 1645 1168 1708; x_wconf 90' lang='lat' dir='ltr'><strong>ab</strong></span> <span class='ocrx_word' id='word_1_82' title='bbox 1186 1643 1355 1726; x_wconf 87' lang='lat' dir='ltr'><strong>episcopo,</strong></span> <span class='ocrx_word' id='word_1_83' title='bbox 1372 1649 1409 1707; x_wconf 82' lang='lat' dir='ltr'><strong>ui</strong></span> 
     </span>
     <span class='ocr_line' id='line_1_12' title="bbox 236 1751 1409 1836; baseline 0.002 -23"><span class='ocrx_word' id='word_1_84' title='bbox 236 1751 357 1832; x_wconf 88' lang='lat' dir='ltr'><strong>probat</strong></span> <span class='ocrx_word' id='word_1_85' title='bbox 375 1752 535 1834; x_wconf 71' lang='lat' dir='ltr'><strong>Fagnau,</strong></span> <span class='ocrx_word' id='word_1_86' title='bbox 557 1755 622 1818; x_wconf 89' lang='lat' dir='ltr'><strong>hoo</strong></span> <span class='ocrx_word' id='word_1_87' title='bbox 642 1753 764 1818; x_wconf 90' lang='lat' dir='ltr'><strong>eodem</strong></span> <span class='ocrx_word' id='word_1_88' title='bbox 788 1754 838 1816; x_wconf 87' lang='lat' dir='ltr'><strong>tit.</strong></span> <span class='ocrx_word' id='word_1_89' title='bbox 859 1772 931 1836; x_wconf 90' lang='lat' dir='ltr'><strong>cap.</strong></span> <span class='ocrx_word' id='word_1_90' title='bbox 956 1752 1055 1833; x_wconf 84' lang='lat' dir='ltr'><strong>Quod</strong></span> <span class='ocrx_word' id='word_1_91' title='bbox 1071 1752 1176 1830; x_wconf 75' lang='lat' dir='ltr'><strong>nobis,</strong></span> <span class='ocrx_word' id='word_1_92' title='bbox 1196 1771 1289 1816; x_wconf 88' lang='lat' dir='ltr'><strong>num.</strong></span> <span class='ocrx_word' id='word_1_93' title='bbox 1313 1752 1352 1815; x_wconf 89' lang='grc'><strong>33</strong></span> <span class='ocrx_word' id='word_1_94' title='bbox 1376 1757 1409 1815; x_wconf 90' lang='lat' dir='ltr'><strong>et</strong></span> 
     </span>
     <span class='ocr_line' id='line_1_13' title="bbox 236 1850 1406 1943; baseline 0.001 -22"><span class='ocrx_word' id='word_1_95' title='bbox 236 1876 307 1942; x_wconf 89' lang='lat' dir='ltr'><strong>seq.</strong></span> <span class='ocrx_word' id='word_1_96' title='bbox 325 1861 397 1924; x_wconf 89' lang='lat' dir='ltr'><strong>Non</strong></span> <span class='ocrx_word' id='word_1_97' title='bbox 409 1865 525 1943; x_wconf 89' lang='lat' dir='ltr'><strong>posset</strong></span> <span class='ocrx_word' id='word_1_98' title='bbox 538 1850 653 1926; x_wconf 85' lang='lat' dir='ltr'><strong>autem</strong></span> <span class='ocrx_word' id='word_1_99' title='bbox 666 1861 826 1926; x_wconf 84' lang='lat' dir='ltr'><strong>assistere</strong></span> <span class='ocrx_word' id='word_1_100' title='bbox 841 1879 920 1926; x_wconf 87' lang='lat' dir='ltr'><strong>oum</strong></span> <span class='ocrx_word' id='word_1_101' title='bbox 931 1860 1105 1926; x_wconf 90' lang='lat' dir='ltr'><strong>consuetis</strong></span> <span class='ocrx_word' id='word_1_102' title='bbox 1123 1858 1406 1934; x_wconf 87' lang='lat' dir='ltr'><strong>solemnitatibus,</strong></span> 
     </span>
     <span class='ocr_line' id='line_1_14' title="bbox 235 1969 1409 2054; baseline 0 -24"><span class='ocrx_word' id='word_1_103' title='bbox 235 1985 297 2031; x_wconf 91' lang='lat' dir='ltr'><strong>nec</strong></span> <span class='ocrx_word' id='word_1_104' title='bbox 320 1985 464 2052; x_wconf 87' lang='lat' dir='ltr'><strong>sponsos</strong></span> <span class='ocrx_word' id='word_1_105' title='bbox 478 1970 690 2047; x_wconf 88' lang='lat' dir='ltr'><strong>benedicere,</strong></span> <span class='ocrx_word' id='word_1_106' title='bbox 709 1972 782 2034; x_wconf 92' lang='lat' dir='ltr'><strong>sine</strong></span> <span class='ocrx_word' id='word_1_107' title='bbox 796 1988 968 2034; x_wconf 89' lang='lat' dir='ltr'><strong>consensu</strong></span> <span class='ocrx_word' id='word_1_108' title='bbox 983 1969 1119 2054; x_wconf 86' lang='lat' dir='ltr'><strong>parochi</strong></span> <span class='ocrx_word' id='word_1_109' title='bbox 1134 1970 1224 2032; x_wconf 89' lang='lat' dir='ltr'><strong>intra</strong></span> <span class='ocrx_word' id='word_1_110' title='bbox 1235 1971 1333 2050; x_wconf 88' lang='lat' dir='ltr'><strong>cnjus</strong></span> <span class='ocrx_word' id='word_1_111' title='bbox 1352 1986 1409 2049; x_wconf 92' lang='lat' dir='ltr'><strong>pa-</strong></span> 
     </span>
     <span class='ocr_line' id='line_1_15' title="bbox 234 2075 1408 2156; baseline 0 -19"><span class='ocrx_word' id='word_1_112' title='bbox 234 2075 384 2140; x_wconf 88' lang='lat' dir='ltr'><strong>rochiam</strong></span> <span class='ocrx_word' id='word_1_113' title='bbox 399 2076 657 2143; x_wconf 83' lang='lat' dir='ltr'><strong>contraheretur</strong></span> <span class='ocrx_word' id='word_1_114' title='bbox 670 2078 938 2154; x_wconf 87' lang='lat' dir='ltr'><strong>matrimonium,</strong></span> <span class='ocrx_word' id='word_1_115' title='bbox 968 2095 1046 2142; x_wconf 92' lang='lat' dir='ltr'><strong>cum</strong></span> <span class='ocrx_word' id='word_1_116' title='bbox 1061 2081 1141 2140; x_wconf 89' lang='lat' dir='ltr'><strong>tune</strong></span> <span class='ocrx_word' id='word_1_117' title='bbox 1162 2079 1337 2140; x_wconf 88' lang='lat' dir='ltr'><strong>exerceret</strong></span> <span class='ocrx_word' id='word_1_118' title='bbox 1355 2077 1408 2156; x_wconf 90' lang='lat' dir='ltr'><strong>jn-</strong></span> 
     </span>
     <span class='ocr_line' id='line_1_16' title="bbox 233 2182 1406 2260; baseline -0.001 -14"><span class='ocrx_word' id='word_1_119' title='bbox 233 2183 464 2248; x_wconf 88' lang='lat' dir='ltr'><strong>risdiotionem</strong></span> <span class='ocrx_word' id='word_1_120' title='bbox 485 2185 520 2249; x_wconf 90' lang='lat' dir='ltr'><strong>in</strong></span> <span class='ocrx_word' id='word_1_121' title='bbox 540 2185 652 2250; x_wconf 90' lang='lat' dir='ltr'><strong>alieno</strong></span> <span class='ocrx_word' id='word_1_122' title='bbox 671 2185 840 2250; x_wconf 90' lang='lat' dir='ltr'><strong>territorio</strong></span> <span class='ocrx_word' id='word_1_123' title='bbox 861 2205 868 2248; x_wconf 78' lang='grc' dir='ltr'>ε</span> <span class='ocrx_word' id='word_1_124' title='bbox 890 2183 1127 2260; x_wconf 81' lang='lat' dir='ltr'><strong>Reiffenstuel,</strong></span> <span class='ocrx_word' id='word_1_125' title='bbox 1148 2183 1212 2250; x_wconf 90' lang='lat' dir='ltr'><strong>boc</strong></span> <span class='ocrx_word' id='word_1_126' title='bbox 1227 2182 1325 2247; x_wconf 86' lang='lat' dir='ltr'><strong>titulo</strong></span> <span class='ocrx_word' id='word_1_127' title='bbox 1343 2187 1358 2260; x_wconf 66' lang='grc' dir='ltr'><em>ξ</em></span> <span class='ocrx_word' id='word_1_128' title='bbox 1376 2182 1406 2258; x_wconf 71' lang='lat'><strong>2,</strong></span> 
     </span>
     <span class='ocr_line' id='line_1_17' title="bbox 234 2275 1058 2358; baseline -0.001 -2"><span class='ocrx_word' id='word_1_129' title='bbox 234 2293 394 2358; x_wconf 81' lang='lat' dir='ltr'><strong>numdi.</strong></span> <span class='ocrx_word' id='word_1_130' title='bbox 1054 2275 1058 2283; x_wconf 48' lang='lat'><strong>¹</strong></span> 
     </span>
    </p>

    <p class='ocr_par' dir='ltr' id='par_1_4' title="bbox 234 2397 1409 3021">
     <span class='ocr_line' id='line_1_18' title="bbox 273 2397 1406 2484; baseline -0.002 -22"><span class='ocrx_word' id='word_1_131' title='bbox 273 2400 372 2465; x_wconf 87' lang='lat' dir='ltr'><strong>Venit</strong></span> <span class='ocrx_word' id='word_1_132' title='bbox 391 2405 507 2466; x_wconf 89' lang='lat' dir='ltr'><strong>autem</strong></span> <span class='ocrx_word' id='word_1_133' title='bbox 520 2402 556 2466; x_wconf 92' lang='lat' dir='ltr'><strong>in</strong></span> <span class='ocrx_word' id='word_1_134' title='bbox 570 2401 722 2484; x_wconf 81' lang='lat' dir='ltr'><strong>generali</strong></span> <span class='ocrx_word' id='word_1_135' title='bbox 735 2402 975 2467; x_wconf 88' lang='lat' dir='ltr'><strong>commissione</strong></span> <span class='ocrx_word' id='word_1_136' title='bbox 999 2400 1041 2466; x_wconf 90' lang='lat' dir='ltr'><strong>ad</strong></span> <span class='ocrx_word' id='word_1_137' title='bbox 1065 2403 1277 2466; x_wconf 88' lang='lat' dir='ltr'><strong>sacramenta</strong></span> <span class='ocrx_word' id='word_1_138' title='bbox 1299 2397 1406 2462; x_wconf 90' lang='lat' dir='ltr'><strong>admi-</strong></span> 
     </span>
     <span class='ocr_line' id='line_1_19' title="bbox 235 2507 1408 2584; baseline -0.002 -13"><span class='ocrx_word' id='word_1_139' title='bbox 235 2507 410 2573; x_wconf 88' lang='lat' dir='ltr'><strong>nistranda</strong></span> <span class='ocrx_word' id='word_1_140' title='bbox 424 2508 527 2574; x_wconf 89' lang='lat' dir='ltr'><strong>etiam</strong></span> <span class='ocrx_word' id='word_1_141' title='bbox 541 2508 684 2574; x_wconf 85' lang='lat' dir='ltr'><strong>facultas</strong></span> <span class='ocrx_word' id='word_1_142' title='bbox 698 2509 878 2575; x_wconf 90' lang='lat' dir='ltr'><strong>assistendi</strong></span> <span class='ocrx_word' id='word_1_143' title='bbox 893 2508 1129 2584; x_wconf 89' lang='lat' dir='ltr'><strong>matrimoniis,</strong></span> <span class='ocrx_word' id='word_1_144' title='bbox 1142 2512 1181 2570; x_wconf 90' lang='lat' dir='ltr'><strong>ut</strong></span> <span class='ocrx_word' id='word_1_145' title='bbox 1190 2525 1313 2571; x_wconf 92' lang='lat' dir='ltr'><strong>comm.</strong></span> <span class='ocrx_word' id='word_1_146' title='bbox 1330 2524 1408 2570; x_wconf 90' lang='lat' dir='ltr'><strong>cum</strong></span> 
     </span>
     <span class='ocr_line' id='line_1_20' title="bbox 234 2614 1407 2702; baseline -0.003 -21"><span class='ocrx_word' id='word_1_147' title='bbox 234 2617 330 2698; x_wconf 84' lang='lat' dir='ltr'><strong>praxi</strong></span> <span class='ocrx_word' id='word_1_148' title='bbox 346 2621 440 2682; x_wconf 90' lang='lat' dir='ltr'><strong>tenet</strong></span> <span class='ocrx_word' id='word_1_149' title='bbox 451 2622 569 2683; x_wconf 86' lang='lat' dir='ltr'><strong>contra</strong></span> <span class='ocrx_word' id='word_1_150' title='bbox 584 2617 733 2702; x_wconf 77' lang='lat' dir='ltr'><strong>Henriq,</strong></span> <span class='ocrx_word' id='word_1_151' title='bbox 744 2617 876 2694; x_wconf 81' lang='lat' dir='ltr'><strong>scach,</strong></span> <span class='ocrx_word' id='word_1_152' title='bbox 887 2621 968 2691; x_wconf 90' lang='lat' dir='ltr'><strong>etc.;</strong></span> <span class='ocrx_word' id='word_1_153' title='bbox 984 2614 1407 2696; x_wconf 88' lang='lat' dir='ltr'><strong>namlicetporoehnspro-</strong></span> 
     </span>
     <span class='ocr_line' id='line_1_21' title="bbox 235 2721 1407 2806; baseline -0.002 -20"><span class='ocrx_word' id='word_1_154' title='bbox 235 2724 306 2806; x_wconf 92' lang='lat' dir='ltr'><strong>prie</strong></span> <span class='ocrx_word' id='word_1_155' title='bbox 323 2741 392 2788; x_wconf 90' lang='lat' dir='ltr'><strong>non</strong></span> <span class='ocrx_word' id='word_1_156' title='bbox 407 2724 622 2790; x_wconf 89' lang='lat' dir='ltr'><strong>administret</strong></span> <span class='ocrx_word' id='word_1_157' title='bbox 636 2730 887 2790; x_wconf 89' lang='lat' dir='ltr'><strong>sacramentum</strong></span> <span class='ocrx_word' id='word_1_158' title='bbox 902 2723 1120 2798; x_wconf 87' lang='lat' dir='ltr'><strong>matrimonii,</strong></span> <span class='ocrx_word' id='word_1_159' title='bbox 1145 2721 1278 2802; x_wconf 77' lang='lat' dir='ltr'><strong>vulgari</strong></span> <span class='ocrx_word' id='word_1_160' title='bbox 1292 2725 1407 2786; x_wconf 88' lang='lat' dir='ltr'><strong>tamen</strong></span> 
     </span>
     <span class='ocr_line' id='line_1_22' title="bbox 237 2829 1407 2914; baseline -0.003 -19"><span class='ocrx_word' id='word_1_161' title='bbox 237 2836 271 2895; x_wconf 90' lang='lat' dir='ltr'><strong>et</strong></span> <span class='ocrx_word' id='word_1_162' title='bbox 293 2833 435 2897; x_wconf 87' lang='lat' dir='ltr'><strong>abusivo</strong></span> <span class='ocrx_word' id='word_1_163' title='bbox 449 2835 561 2900; x_wconf 78' lang='lat' dir='ltr'><strong>‚modo</strong></span> <span class='ocrx_word' id='word_1_164' title='bbox 585 2834 707 2899; x_wconf 88' lang='lat' dir='ltr'><strong>dicitur</strong></span> <span class='ocrx_word' id='word_1_165' title='bbox 726 2832 974 2906; x_wconf 89' lang='lat' dir='ltr'><strong>administrare,</strong></span> <span class='ocrx_word' id='word_1_166' title='bbox 1000 2835 1168 2914; x_wconf 91' lang='lat' dir='ltr'><strong>quatenus</strong></span> <span class='ocrx_word' id='word_1_167' title='bbox 1191 2829 1407 2912; x_wconf 68' lang='lat' dir='ltr'><strong>presentiam</strong></span> 
     </span>
     <span class='ocr_line' id='line_1_23' title="bbox 235 2935 1409 3021; baseline -0.003 -19"><span class='ocrx_word' id='word_1_168' title='bbox 235 2945 374 3021; x_wconf 84' lang='lat' dir='ltr'><strong>praestat</strong></span> <span class='ocrx_word' id='word_1_169' title='bbox 399 2940 477 3005; x_wconf 90' lang='lat' dir='ltr'><strong>hnic</strong></span> <span class='ocrx_word' id='word_1_170' title='bbox 507 2946 739 3016; x_wconf 89' lang='lat' dir='ltr'><strong>sacramento;</strong></span> <span class='ocrx_word' id='word_1_171' title='bbox 765 2958 847 3020; x_wconf 78' lang='lat' dir='ltr'><strong>ergo</strong></span> <span class='ocrx_word' id='word_1_172' title='bbox 873 2939 902 3002; x_wconf 89' lang='lat' dir='ltr'><strong>si</strong></span> <span class='ocrx_word' id='word_1_173' title='bbox 927 2937 1053 3002; x_wconf 86' lang='lat' dir='ltr'><strong>vicario</strong></span> <span class='ocrx_word' id='word_1_174' title='bbox 1084 2936 1182 3002; x_wconf 88' lang='lat' dir='ltr'><strong>alicui</strong></span> <span class='ocrx_word' id='word_1_175' title='bbox 1205 2935 1409 3017; x_wconf 83' lang='lat' dir='ltr'><strong>generaliter</strong></span> 
     </span>
    </p>
   </div>
   <div class='ocr_carea' id='block_1_3' title="bbox 107 3031 1408 3122">
    <p class='ocr_par' dir='ltr' id='par_1_5' title="bbox 107 3031 1408 3122">
     <span class='ocr_line' id='line_1_24' title="bbox 107 3031 1408 3122; baseline -0.002 -12"><span class='ocrx_word' id='word_1_176' title='bbox 107 3049 113 3060; x_wconf 86' lang='lat'>&#39;</span> <span class='ocrx_word' id='word_1_177' title='bbox 231 3031 426 3112; x_wconf 48' lang='lat' dir='ltr'><strong>‘committat</strong></span> <span class='ocrx_word' id='word_1_178' title='bbox 445 3053 736 3114; x_wconf 89' lang='lat' dir='ltr'><strong>sacramentorum</strong></span> <span class='ocrx_word' id='word_1_179' title='bbox 758 3046 1098 3122; x_wconf 89' lang='lat' dir='ltr'><strong>administrationem,</strong></span> <span class='ocrx_word' id='word_1_180' title='bbox 1123 3048 1283 3109; x_wconf 89' lang='lat' dir='ltr'><strong>censetur</strong></span> <span class='ocrx_word' id='word_1_181' title='bbox 1305 3044 1408 3108; x_wconf 91' lang='lat' dir='ltr'><strong>inclu-</strong></span> 
     </span>
    </p>
   </div>
   <div class='ocr_carea' id='block_1_4' title="bbox 237 3152 1435 4746">
    <p class='ocr_par' dir='ltr' id='par_1_6' title="bbox 237 3152 1408 3668">
     <span class='ocr_line' id='line_1_25' title="bbox 238 3152 1408 3234; baseline -0.002 -16"><span class='ocrx_word' id='word_1_182' title='bbox 238 3154 318 3218; x_wconf 85' lang='lat' dir='ltr'><strong>dere</strong></span> <span class='ocrx_word' id='word_1_183' title='bbox 338 3155 441 3220; x_wconf 89' lang='lat' dir='ltr'><strong>etiam</strong></span> <span class='ocrx_word' id='word_1_184' title='bbox 464 3157 695 3221; x_wconf 88' lang='lat' dir='ltr'><strong>assistentiam</strong></span> <span class='ocrx_word' id='word_1_185' title='bbox 714 3154 946 3220; x_wconf 89' lang='lat' dir='ltr'><strong>matrimonii:</strong></span> <span class='ocrx_word' id='word_1_186' title='bbox 964 3153 993 3217; x_wconf 92' lang='lat' dir='ltr'><strong>si</strong></span> <span class='ocrx_word' id='word_1_187' title='bbox 1007 3172 1039 3216; x_wconf 88' lang='lat' dir='ltr'><strong>v.</strong></span> <span class='ocrx_word' id='word_1_188' title='bbox 1056 3171 1089 3234; x_wconf 80' lang='lat' dir='ltr'><strong>g.</strong></span> <span class='ocrx_word' id='word_1_189' title='bbox 1110 3152 1200 3216; x_wconf 91' lang='lat' dir='ltr'><strong>inter</strong></span> <span class='ocrx_word' id='word_1_190' title='bbox 1214 3153 1299 3217; x_wconf 87' lang='lat' dir='ltr'><strong>dnos</strong></span> <span class='ocrx_word' id='word_1_191' title='bbox 1312 3171 1408 3234; x_wconf 89' lang='lat' dir='ltr'><strong>paro-</strong></span> 
     </span>
     <span class='ocr_line' id='line_1_26' title="bbox 237 3258 1408 3354; baseline -0.003 -28"><span class='ocrx_word' id='word_1_192' title='bbox 237 3263 317 3326; x_wconf 90' lang='lat' dir='ltr'><strong>chos</strong></span> <span class='ocrx_word' id='word_1_193' title='bbox 336 3261 391 3327; x_wconf 87' lang='lat' dir='ltr'><strong>vel</strong></span> <span class='ocrx_word' id='word_1_194' title='bbox 408 3262 600 3347; x_wconf 90' lang='lat' dir='ltr'><strong>capellanos</strong></span> <span class='ocrx_word' id='word_1_195' title='bbox 615 3261 752 3328; x_wconf 88' lang='lat' dir='ltr'><strong>bellicos</strong></span> <span class='ocrx_word' id='word_1_196' title='bbox 772 3265 825 3326; x_wconf 89' lang='lat' dir='ltr'><strong>est</strong></span> <span class='ocrx_word' id='word_1_197' title='bbox 844 3259 1014 3354; x_wconf 78' lang='lat' dir='ltr'><strong>generalis</strong></span> <span class='ocrx_word' id='word_1_198' title='bbox 1033 3258 1225 3336; x_wconf 88' lang='lat' dir='ltr'><strong>conventio,</strong></span> <span class='ocrx_word' id='word_1_199' title='bbox 1248 3264 1308 3324; x_wconf 90' lang='lat' dir='ltr'><strong>aut</strong></span> <span class='ocrx_word' id='word_1_200' title='bbox 1327 3278 1408 3324; x_wconf 93' lang='lat' dir='ltr'><strong>con-</strong></span> 
     </span>
     <span class='ocr_line' id='line_1_27' title="bbox 239 3366 1407 3449; baseline -0.003 -17"><span class='ocrx_word' id='word_1_201' title='bbox 239 3368 399 3447; x_wconf 93' lang='lat' dir='ltr'><strong>suetudo,</strong></span> <span class='ocrx_word' id='word_1_202' title='bbox 428 3375 466 3434; x_wconf 90' lang='lat' dir='ltr'><strong>ut</strong></span> <span class='ocrx_word' id='word_1_203' title='bbox 487 3370 573 3435; x_wconf 88' lang='lat' dir='ltr'><strong>alter</strong></span> <span class='ocrx_word' id='word_1_204' title='bbox 594 3368 733 3434; x_wconf 89' lang='lat' dir='ltr'><strong>alterins</strong></span> <span class='ocrx_word' id='word_1_205' title='bbox 760 3368 910 3433; x_wconf 87' lang='lat' dir='ltr'><strong>absentis</strong></span> <span class='ocrx_word' id='word_1_206' title='bbox 929 3368 1021 3432; x_wconf 84' lang='lat' dir='ltr'><strong>vices</strong></span> <span class='ocrx_word' id='word_1_207' title='bbox 1043 3366 1199 3449; x_wconf 87' lang='lat' dir='ltr'><strong>suppleat</strong></span> <span class='ocrx_word' id='word_1_208' title='bbox 1219 3367 1255 3429; x_wconf 92' lang='lat' dir='ltr'><strong>in</strong></span> <span class='ocrx_word' id='word_1_209' title='bbox 1278 3367 1407 3431; x_wconf 89' lang='lat' dir='ltr'><strong>actibus</strong></span> 
     </span>
     <span class='ocr_line' id='line_1_28' title="bbox 239 3474 1405 3568; baseline -0.003 -26"><span class='ocrx_word' id='word_1_210' title='bbox 239 3477 502 3560; x_wconf 85' lang='lat' dir='ltr'><strong>parochialibus,</strong></span> <span class='ocrx_word' id='word_1_211' title='bbox 526 3477 636 3568; x_wconf 79' lang='lat' dir='ltr'><strong>valide</strong></span> <span class='ocrx_word' id='word_1_212' title='bbox 659 3477 745 3544; x_wconf 89' lang='lat' dir='ltr'><strong>alter</strong></span> <span class='ocrx_word' id='word_1_213' title='bbox 768 3477 843 3542; x_wconf 93' lang='lat' dir='ltr'><strong>loco</strong></span> <span class='ocrx_word' id='word_1_214' title='bbox 865 3475 1004 3541; x_wconf 89' lang='lat' dir='ltr'><strong>alterins</strong></span> <span class='ocrx_word' id='word_1_215' title='bbox 1026 3475 1155 3540; x_wconf 84' lang='lat' dir='ltr'><strong>assistit</strong></span> <span class='ocrx_word' id='word_1_216' title='bbox 1172 3474 1405 3552; x_wconf 88' lang='lat' dir='ltr'><strong>matrimonio,</strong></span> 
     </span>
     <span class='ocr_line' id='line_1_29' title="bbox 240 3581 1255 3668; baseline -0.005 -19"><span class='ocrx_word' id='word_1_217' title='bbox 240 3603 318 3649; x_wconf 90' lang='lat' dir='ltr'><strong>oum</strong></span> <span class='ocrx_word' id='word_1_218' title='bbox 336 3585 409 3650; x_wconf 90' lang='lat' dir='ltr'><strong>talis</strong></span> <span class='ocrx_word' id='word_1_219' title='bbox 423 3587 619 3652; x_wconf 88' lang='lat' dir='ltr'><strong>commissio</strong></span> <span class='ocrx_word' id='word_1_220' title='bbox 633 3584 802 3668; x_wconf 80' lang='lat' dir='ltr'><strong>generalis</strong></span> <span class='ocrx_word' id='word_1_221' title='bbox 817 3601 887 3648; x_wconf 90' lang='lat' dir='ltr'><strong>non</strong></span> <span class='ocrx_word' id='word_1_222' title='bbox 901 3581 1121 3666; x_wconf 88' lang='lat' dir='ltr'><strong>prohibeatur</strong></span> <span class='ocrx_word' id='word_1_223' title='bbox 1135 3582 1255 3646; x_wconf 83' lang='lat' dir='ltr'><strong>alrid.</strong></span> 
     </span>
    </p>

    <p class='ocr_par' dir='ltr' id='par_1_7' title="bbox 240 3689 1435 4746">
     <span class='ocr_line' id='line_1_30' title="bbox 281 3689 1407 3778; baseline 0 -22"><span class='ocrx_word' id='word_1_224' title='bbox 281 3690 379 3776; x_wconf 87' lang='lat' dir='ltr'><strong>Resp.</strong></span> <span class='ocrx_word' id='word_1_225' title='bbox 396 3693 425 3756; x_wconf 86' lang='lat'><strong>3.</strong></span> <span class='ocrx_word' id='word_1_226' title='bbox 442 3693 589 3760; x_wconf 89' lang='lat' dir='ltr'><strong>Licentia</strong></span> <span class='ocrx_word' id='word_1_227' title='bbox 601 3697 809 3778; x_wconf 73' lang='lat' dir='ltr'><strong>praesumpta</strong></span> <span class='ocrx_word' id='word_1_228' title='bbox 823 3690 865 3755; x_wconf 90' lang='lat' dir='ltr'><strong>de</strong></span> <span class='ocrx_word' id='word_1_229' title='bbox 880 3692 994 3756; x_wconf 86' lang='lat' dir='ltr'><strong>futuro</strong></span> <span class='ocrx_word' id='word_1_230' title='bbox 1010 3707 1080 3754; x_wconf 91' lang='lat' dir='ltr'><strong>non</strong></span> <span class='ocrx_word' id='word_1_231' title='bbox 1095 3690 1218 3754; x_wconf 88' lang='lat' dir='ltr'><strong>sulssoit</strong></span> <span class='ocrx_word' id='word_1_232' title='bbox 1241 3690 1283 3755; x_wconf 90' lang='lat' dir='ltr'><strong>ad</strong></span> <span class='ocrx_word' id='word_1_233' title='bbox 1297 3689 1407 3756; x_wconf 89' lang='lat' dir='ltr'><strong>valide</strong></span> 
     </span>
     <span class='ocr_line' id='line_1_31' title="bbox 242 3797 1405 3884; baseline -0.002 -20"><span class='ocrx_word' id='word_1_234' title='bbox 242 3800 480 3878; x_wconf 87' lang='lat' dir='ltr'><strong>assistendum,</strong></span> <span class='ocrx_word' id='word_1_235' title='bbox 506 3803 592 3866; x_wconf 89' lang='lat' dir='ltr'><strong>hene</strong></span> <span class='ocrx_word' id='word_1_236' title='bbox 618 3819 700 3866; x_wconf 78' lang='lat' dir='ltr'><strong>vero</strong></span> <span class='ocrx_word' id='word_1_237' title='bbox 724 3804 942 3884; x_wconf 74' lang='lat' dir='ltr'><strong>praesumpta,</strong></span> <span class='ocrx_word' id='word_1_238' title='bbox 968 3817 1029 3863; x_wconf 90' lang='lat' dir='ltr'><strong>seu</strong></span> <span class='ocrx_word' id='word_1_239' title='bbox 1050 3797 1150 3863; x_wconf 89' lang='lat' dir='ltr'><strong>tacita</strong></span> <span class='ocrx_word' id='word_1_240' title='bbox 1172 3798 1212 3862; x_wconf 90' lang='lat' dir='ltr'><strong>de</strong></span> <span class='ocrx_word' id='word_1_241' title='bbox 1236 3801 1405 3880; x_wconf 75' lang='lat' dir='ltr'><strong>prasenti,</strong></span> 
     </span>
     <span class='ocr_line' id='line_1_32' title="bbox 243 3905 1409 3993; baseline -0.004 -19"><span class='ocrx_word' id='word_1_242' title='bbox 243 3908 323 3974; x_wconf 91' lang='lat' dir='ltr'><strong>dnm</strong></span> <span class='ocrx_word' id='word_1_243' title='bbox 338 3907 506 3992; x_wconf 89' lang='lat' dir='ltr'><strong>parochus</strong></span> <span class='ocrx_word' id='word_1_244' title='bbox 519 3913 571 3973; x_wconf 88' lang='lat' dir='ltr'><strong>est</strong></span> <span class='ocrx_word' id='word_1_245' title='bbox 584 3925 747 3993; x_wconf 72' lang='lat' dir='ltr'><strong>praeseus,</strong></span> <span class='ocrx_word' id='word_1_246' title='bbox 760 3906 918 3971; x_wconf 86' lang='lat' dir='ltr'><strong>videlicet</strong></span> <span class='ocrx_word' id='word_1_247' title='bbox 931 3924 1001 3971; x_wconf 90' lang='lat' dir='ltr'><strong>non</strong></span> <span class='ocrx_word' id='word_1_248' title='bbox 1013 3905 1211 3970; x_wconf 89' lang='lat' dir='ltr'><strong>contradicit</strong></span> <span class='ocrx_word' id='word_1_249' title='bbox 1223 3905 1254 3970; x_wconf 92' lang='lat' dir='ltr'><strong>ei</strong></span> <span class='ocrx_word' id='word_1_250' title='bbox 1264 3905 1322 3989; x_wconf 93' lang='lat' dir='ltr'><strong>qni</strong></span> <span class='ocrx_word' id='word_1_251' title='bbox 1335 3906 1409 3970; x_wconf 91' lang='lat' dir='ltr'><strong>vult</strong></span> 
     </span>
     <span class='ocr_line' id='line_1_33' title="bbox 241 4007 1407 4099; baseline -0.002 -19"><span class='ocrx_word' id='word_1_252' title='bbox 241 4017 399 4081; x_wconf 89' lang='lat' dir='ltr'><strong>assistere</strong></span> <span class='ocrx_word' id='word_1_253' title='bbox 414 4037 420 4079; x_wconf 95' lang='lat'><strong>:</strong></span> <span class='ocrx_word' id='word_1_254' title='bbox 433 4017 480 4080; x_wconf 92' lang='lat' dir='ltr'><strong>ita</strong></span> <span class='ocrx_word' id='word_1_255' title='bbox 494 4033 617 4081; x_wconf 90' lang='lat' dir='ltr'><strong>comm.</strong></span> <span class='ocrx_word' id='word_1_256' title='bbox 629 4015 726 4081; x_wconf 89' lang='lat' dir='ltr'><strong>Ratio</strong></span> <span class='ocrx_word' id='word_1_257' title='bbox 738 4017 768 4079; x_wconf 85' lang='lat' dir='ltr'><strong>l·</strong></span> <span class='ocrx_word' id='word_1_258' title='bbox 782 4015 861 4099; x_wconf 91' lang='lat' dir='ltr'><strong>quia</strong></span> <span class='ocrx_word' id='word_1_259' title='bbox 874 4013 1009 4079; x_wconf 87' lang='lat' dir='ltr'><strong>licentia</strong></span> <span class='ocrx_word' id='word_1_260' title='bbox 1021 4018 1228 4097; x_wconf 77' lang='lat' dir='ltr'><strong>presumpta</strong></span> <span class='ocrx_word' id='word_1_261' title='bbox 1243 4007 1407 4078; x_wconf 78' lang='lat' dir='ltr'><strong>defuturo</strong></span> 
     </span>
     <span class='ocr_line' id='line_1_34' title="bbox 241 4121 1409 4208; baseline 0 -22"><span class='ocrx_word' id='word_1_262' title='bbox 241 4142 310 4188; x_wconf 90' lang='lat' dir='ltr'><strong>non</strong></span> <span class='ocrx_word' id='word_1_263' title='bbox 337 4130 388 4188; x_wconf 91' lang='lat' dir='ltr'><strong>est</strong></span> <span class='ocrx_word' id='word_1_264' title='bbox 409 4129 485 4188; x_wconf 90' lang='lat' dir='ltr'><strong>actu</strong></span> <span class='ocrx_word' id='word_1_265' title='bbox 509 4123 645 4190; x_wconf 90' lang='lat' dir='ltr'><strong>licentia</strong></span> <span class='ocrx_word' id='word_1_266' title='bbox 669 4142 772 4208; x_wconf 89' lang='lat' dir='ltr'><strong>quam</strong></span> <span class='ocrx_word' id='word_1_267' title='bbox 792 4123 935 4208; x_wconf 89' lang='lat' dir='ltr'><strong>requirit</strong></span> <span class='ocrx_word' id='word_1_268' title='bbox 957 4121 1057 4199; x_wconf 77' lang='lat' dir='ltr'><strong>Tria,</strong></span> <span class='ocrx_word' id='word_1_269' title='bbox 1083 4122 1144 4186; x_wconf 88' lang='lat' dir='ltr'><strong>sed</strong></span> <span class='ocrx_word' id='word_1_270' title='bbox 1167 4126 1300 4186; x_wconf 90' lang='lat' dir='ltr'><strong>tantum</strong></span> <span class='ocrx_word' id='word_1_271' title='bbox 1318 4128 1409 4186; x_wconf 91' lang='lat' dir='ltr'><strong>esset</strong></span> 
     </span>
     <span class='ocr_line' id='line_1_35' title="bbox 241 4227 1408 4315; baseline -0.002 -21"><span class='ocrx_word' id='word_1_272' title='bbox 241 4231 269 4294; x_wconf 94' lang='lat' dir='ltr'><strong>si</strong></span> <span class='ocrx_word' id='word_1_273' title='bbox 284 4233 450 4315; x_wconf 84' lang='lat' dir='ltr'><strong>parochus</strong></span> <span class='ocrx_word' id='word_1_274' title='bbox 464 4231 615 4307; x_wconf 89' lang='lat' dir='ltr'><strong>adesset;</strong></span> <span class='ocrx_word' id='word_1_275' title='bbox 632 4250 724 4312; x_wconf 85' lang='lat' dir='ltr'><strong>ergo.</strong></span> <span class='ocrx_word' id='word_1_276' title='bbox 735 4230 849 4314; x_wconf 85' lang='lat' dir='ltr'><strong>Neque</strong></span> <span class='ocrx_word' id='word_1_277' title='bbox 862 4229 976 4295; x_wconf 90' lang='lat' dir='ltr'><strong>locum</strong></span> <span class='ocrx_word' id='word_1_278' title='bbox 987 4230 1041 4294; x_wconf 89' lang='lat' dir='ltr'><strong>hic</strong></span> <span class='ocrx_word' id='word_1_279' title='bbox 1052 4230 1155 4293; x_wconf 91' lang='lat' dir='ltr'><strong>babet</strong></span> <span class='ocrx_word' id='word_1_280' title='bbox 1164 4227 1355 4294; x_wconf 89' lang='lat' dir='ltr'><strong>ratihabitio</strong></span> <span class='ocrx_word' id='word_1_281' title='bbox 1366 4248 1408 4293; x_wconf 88' lang='lat' dir='ltr'><strong>ex</strong></span> 
     </span>
     <span class='ocr_line' id='line_1_36' title="bbox 240 4335 1407 4424; baseline 0.001 -21"><span class='ocrx_word' id='word_1_282' title='bbox 240 4358 311 4421; x_wconf 80' lang='lat' dir='ltr'><strong>reg.</strong></span> <span class='ocrx_word' id='word_1_283' title='bbox 328 4341 363 4403; x_wconf 91' lang='lat' dir='ltr'><strong>in</strong></span> <span class='ocrx_word' id='word_1_284' title='bbox 377 4342 421 4416; x_wconf 81' lang='lat'><strong>6⁰,</strong></span> <span class='ocrx_word' id='word_1_285' title='bbox 438 4341 517 4424; x_wconf 89' lang='lat' dir='ltr'><strong>qnia</strong></span> <span class='ocrx_word' id='word_1_286' title='bbox 530 4340 626 4405; x_wconf 87' lang='lat' dir='ltr'><strong>valor</strong></span> <span class='ocrx_word' id='word_1_287' title='bbox 639 4339 846 4404; x_wconf 90' lang='lat' dir='ltr'><strong>matrimonii</strong></span> <span class='ocrx_word' id='word_1_288' title='bbox 861 4357 931 4403; x_wconf 89' lang='lat' dir='ltr'><strong>non</strong></span> <span class='ocrx_word' id='word_1_289' title='bbox 949 4337 1076 4421; x_wconf 91' lang='lat' dir='ltr'><strong>pendet</strong></span> <span class='ocrx_word' id='word_1_290' title='bbox 1090 4357 1133 4402; x_wconf 89' lang='lat' dir='ltr'><strong>ex</strong></span> <span class='ocrx_word' id='word_1_291' title='bbox 1152 4335 1224 4400; x_wconf 92' lang='lat' dir='ltr'><strong>solo</strong></span> <span class='ocrx_word' id='word_1_292' title='bbox 1248 4337 1407 4404; x_wconf 89' lang='lat' dir='ltr'><strong>mandato</strong></span> 
     </span>
     <span class='ocr_line' id='line_1_37' title="bbox 241 4443 1408 4530; baseline -0.002 -18"><span class='ocrx_word' id='word_1_293' title='bbox 241 4448 388 4530; x_wconf 90' lang='lat' dir='ltr'><strong>parochi,</strong></span> <span class='ocrx_word' id='word_1_294' title='bbox 406 4446 466 4511; x_wconf 88' lang='lat' dir='ltr'><strong>sed</strong></span> <span class='ocrx_word' id='word_1_295' title='bbox 482 4449 584 4512; x_wconf 91' lang='lat' dir='ltr'><strong>etiam</strong></span> <span class='ocrx_word' id='word_1_296' title='bbox 599 4466 642 4512; x_wconf 86' lang='lat' dir='ltr'><strong>ex</strong></span> <span class='ocrx_word' id='word_1_297' title='bbox 656 4465 825 4512; x_wconf 88' lang='lat' dir='ltr'><strong>consensu</strong></span> <span class='ocrx_word' id='word_1_298' title='bbox 839 4445 998 4528; x_wconf 88' lang='lat' dir='ltr'><strong>partium,</strong></span> <span class='ocrx_word' id='word_1_299' title='bbox 1017 4445 1159 4528; x_wconf 91' lang='lat' dir='ltr'><strong>quisine</strong></span> <span class='ocrx_word' id='word_1_300' title='bbox 1176 4443 1298 4508; x_wconf 88' lang='lat' dir='ltr'><strong>actuali</strong></span> <span class='ocrx_word' id='word_1_301' title='bbox 1308 4443 1408 4510; x_wconf 90' lang='lat' dir='ltr'><strong>licen·</strong></span> 
     </span>
     <span class='ocr_line' id='line_1_38' title="bbox 242 4551 1406 4636; baseline 0.002 -20"><span class='ocrx_word' id='word_1_302' title='bbox 242 4555 288 4618; x_wconf 89' lang='lat' dir='ltr'><strong>tia</strong></span> <span class='ocrx_word' id='word_1_303' title='bbox 301 4555 439 4636; x_wconf 87' lang='lat' dir='ltr'><strong>parochi</strong></span> <span class='ocrx_word' id='word_1_304' title='bbox 450 4559 580 4620; x_wconf 90' lang='lat' dir='ltr'><strong>nonest</strong></span> <span class='ocrx_word' id='word_1_305' title='bbox 591 4553 774 4635; x_wconf 80' lang='lat' dir='ltr'><strong>legitimus.</strong></span> <span class='ocrx_word' id='word_1_306' title='bbox 785 4553 882 4618; x_wconf 90' lang='lat' dir='ltr'><strong>Ratio</strong></span> <span class='ocrx_word' id='word_1_307' title='bbox 892 4553 924 4616; x_wconf 69' lang='lat' dir='ltr'><strong>d·</strong></span> <span class='ocrx_word' id='word_1_308' title='bbox 935 4558 987 4616; x_wconf 88' lang='lat' dir='ltr'><strong>est</strong></span> <span class='ocrx_word' id='word_1_309' title='bbox 996 4569 1038 4616; x_wconf 84' lang='lat' dir='ltr'><strong>ex</strong></span> <span class='ocrx_word' id='word_1_310' title='bbox 1052 4568 1122 4633; x_wconf 81' lang='lat' dir='ltr'><strong>reg.</strong></span> <span class='ocrx_word' id='word_1_311' title='bbox 1133 4569 1217 4628; x_wconf 85' lang='lat' dir='ltr'><strong>xnu,</strong></span> <span class='ocrx_word' id='word_1_312' title='bbox 1231 4551 1406 4633; x_wconf 78' lang='lat' dir='ltr'><strong>Quitocet,</strong></span> 
     </span>
     <span class='ocr_line' id='line_1_39' title="bbox 242 4659 1435 4746; baseline 0.002 -21"><span class='ocrx_word' id='word_1_313' title='bbox 242 4661 278 4726; x_wconf 92' lang='lat' dir='ltr'><strong>in</strong></span> <span class='ocrx_word' id='word_1_314' title='bbox 288 4663 330 4739; x_wconf 74' lang='lat'><strong>6⁰,</strong></span> <span class='ocrx_word' id='word_1_315' title='bbox 343 4663 422 4746; x_wconf 89' lang='lat' dir='ltr'><strong>quia</strong></span> <span class='ocrx_word' id='word_1_316' title='bbox 436 4666 550 4728; x_wconf 89' lang='lat' dir='ltr'><strong>tacens</strong></span> <span class='ocrx_word' id='word_1_317' title='bbox 564 4662 795 4726; x_wconf 88' lang='lat' dir='ltr'><strong>tnncbabetur</strong></span> <span class='ocrx_word' id='word_1_318' title='bbox 808 4678 869 4744; x_wconf 91' lang='lat' dir='ltr'><strong>pro</strong></span> <span class='ocrx_word' id='word_1_319' title='bbox 882 4659 1127 4736; x_wconf 88' lang='lat' dir='ltr'><strong>consentiente,</strong></span> <span class='ocrx_word' id='word_1_320' title='bbox 1145 4661 1247 4725; x_wconf 89' lang='lat' dir='ltr'><strong>etiam</strong></span> <span class='ocrx_word' id='word_1_321' title='bbox 1266 4661 1301 4724; x_wconf 92' lang='lat' dir='ltr'><strong>in</strong></span> <span class='ocrx_word' id='word_1_322' title='bbox 1317 4661 1407 4726; x_wconf 91' lang='lat' dir='ltr'><strong>odio·</strong></span> <span class='ocrx_word' id='word_1_323' title='bbox 1433 4721 1435 4727; x_wconf 27' lang='lat' dir='ltr'><strong><em>s</em></strong></span> 
     </span>
    </p>
   </div>
   <div class='ocr_carea' id='block_1_5' title="bbox 0 0 1768 5568">
    <p class='ocr_par' dir='ltr' id='par_1_8' title="bbox 0 0 1768 5568">
     <span class='ocr_line' id='line_1_40' title="bbox 0 0 1768 5568; baseline 0 0"><span class='ocrx_word' id='word_1_324' title='bbox 0 0 1768 5568; x_wconf 95' lang='lat' dir='ltr'><strong> </strong></span> 
     </span>
    </p>
   </div>
  </div>
 </body>
</html>
