3418 5566
500 565 586 610 usna
607 565 733 621 sumnus
755 563 976 611 amassenus.
1022 615 1025 620 ,
1263 541 1323 608 305

196 683 229 746 2⁰
244 681 279 746 Si
289 680 349 746 filii
361 680 553 765 judeorum
573 687 607 748 et
624 680 813 747 infidelium
834 700 855 747 a
875 679 1072 764 parentibus
1092 677 1233 762 projecti
1257 679 1325 742 sint

158 794 260 874 atque
290 789 457 866 derelicti;
473 807 558 877 ,nam
577 790 613 854 in
636 790 700 857 hnc
717 809 797 856 casu
820 787 977 854 subducti
998 785 1195 852 dicuntura
1218 785 1326 870 patria

156 902 335 982 potestate.
352 897 484 962 Etenim
498 899 614 964 relicto
629 899 859 983 aparentibus
874 897 984 963 alticio
998 895 1144 981 pietatis,
1156 895 1323 960 amittitur
1367 953 1368 958 ,

30 1055 36 1071 .
153 1010 212 1090 jus
225 1012 417 1092 paternum.
430 1007 496 1071 Sed
508 1007 724 1103 quandonam
738 1011 941 1072 censeantur
962 1024 1101 1090 prorsus
1122 1001 1270 1070 derelicti
1285 1023 1324 1070 ac

155 1116 322 1199 projecti?
336 1116 409 1181 Non
421 1116 764 1182 consentiuntomnes
778 1116 814 1179 in
829 1113 1094 1180 determinandis
1102 1113 1236 1178 casibus
1249 1131 1324 1197 par-
1443 1193 1446 1201 .

157 1221 363 1301 ticularibus,
379 1241 458 1288 eum
469 1223 650 1307 aliquando
664 1227 822 1305 parentes
835 1227 992 1306 repetant
1003 1224 1184 1306 proiectos.

196 1333 228 1396 3⁰
244 1332 277 1396 Si
290 1333 475 1397 afferantur
486 1350 507 1396 a
520 1331 836 1414 parentibus'etiam
850 1330 1040 1415 neophytis,
1051 1332 1122 1396 imo
1137 1329 1279 1395 ethnicis
1292 1333 1326 1394 et

154 1441 278 1524 judaeis
302 1440 337 1504 in
362 1439 560 1505 infidelitate
587 1445 621 1506 et
638 1441 810 1524 judaismo
834 1440 1123 1524 permanentibus,
1139 1437 1326 1504 dummodo

158 1550 249 1614 bona
271 1548 338 1612 fide
363 1549 405 1612 ab
429 1547 478 1613 eis
496 1548 531 1613 id
545 1549 605 1612 ilat
628 1550 822 1616 etinfantes
848 1548 1006 1632 baptizati
1023 1548 1113 1632 apud
1127 1547 1327 1613 christianos

158 1661 380 1722 remaneant:
397 1655 521 1721 Bened.
540 1655 621 1736 XIV,
636 1658 672 1721 in
687 1675 739 1740 ap.
761 1657 803 1724 ad
818 1656 956 1721 Petrum
971 1655 1067 1720 Guill.
1089 1655 1123 1720 si
1142 1655 1328 1720 afferantur
1412 1650 1419 1746 'y

158 1763 202 1828 ad
210 1765 417 1846 baptismum
429 1781 449 1828 a
460 1767 555 1847 parte
569 1777 745 1844 conversa,
761 1765 863 1830 etiam
878 1763 984 1829 altera
996 1763 1104 1828 invita
1115 1783 1122 1826 :
1132 1766 1267 1828 constat
1283 1779 1325 1826 ex

158 1889 188 1934 c.
204 1869 260 1934 Ex
272 1870 401 1949 litteris,
413 1871 454 1934 de
468 1889 613 1935 correers.
629 1871 691 1953 ins.
706 1872 754 1936 0b
763 1873 916 1937 favorem
929 1871 1010 1935 fidei
1022 1875 1056 1934 et
1070 1872 1200 1935 bonum
1208 1867 1324 1954 prolis,

158 1997 237 2062 pars
253 1979 399 2043 afferens
414 1997 548 2063 semper
562 1979 709 2056 auditur,
728 1979 799 2044 sive
822 1980 895 2044 haec
908 1998 986 2063 pars
1002 1980 1046 2043 sit
1063 1985 1174 2046 mater
1192 1979 1263 2044 aive
1283 1967 1327 2043 sit

80 2101 85 2114 ’
159 2094 267 2171 pater.
288 2087 326 2152 ln
343 2092 437 2172 patre
453 2089 639 2153 universim
660 2094 713 2155 ast
729 2093 787 2172 jus
801 2088 1008 2172 praevalens;
1033 2089 1069 2154 in
1090 2093 1198 2154 matra
1212 2093 1329 2154 autem

159 2198 257 2261 favor
290 2195 369 2260 fidei
402 2194 588 2280 plurimum
617 2197 717 2274 valet,
752 2216 855 2282 quam
879 2199 938 2280 jus
965 2195 1119 2263 naturale
1138 2196 1327 2280 praevalens

160 2303 277 2394 patris.

200 2411 233 2475 4⁰
256 2411 441 2477 Difficultas
462 2430 537 2476 esse
553 2417 671 2496 posset
697 2412 738 2478 de
758 2412 1020 2478 ascendentibus
1034 2412 1071 2476 in
1082 2413 1172 2478 linea
1187 2417 1330 2496 paterna

160 2519 215 2584 vel
227 2524 392 2585 materne.
409 2519 474 2584 Sed
489 2509 531 2585 eir
543 2521 678 2586 decreto
695 2520 792 2603 Greg.
807 2521 879 2584 Xlll
889 2520 1031 2610 aliisque
1037 2513 1171 2604 juribus
1182 2525 1328 2597 constat,
1378 2593 1380 2596 ¹
1501 2527 1506 2546 '

161 2627 192 2692 si
205 2627 395 2692 offerantur
411 2629 530 2692 abavo
549 2634 702 2711 paterno,
727 2620 834 2694 etiam
851 2629 1038 2695 reluctante
1067 2635 1212 2716 utroque
1237 2628 1330 2712 geni-

162 2748 248 2822 tore;
265 2743 386 2809 deinde
399 2763 442 2808 ex
455 2745 629 2828 responsis
643 2745 767 2810 Bened.
784 2745 865 2822 xiv,
881 2747 1025 2829 episttb
1036 2747 1107 2812 dec.
1121 2746 1209 2823 1711,
1227 2745 1330 2811 etlam

161 2855 296 2917 constat
318 2853 525 2936 baptismum
545 2854 691 2918 conferri
709 2873 830 2938 posse,
857 2854 885 2918 si
906 2855 982 2920 avia
1003 2857 1145 2938 paterna
1165 2871 1331 2920 conversa

161 2966 305 3043 nepotes
326 2978 370 3025 ex
390 2960 460 3026 lilio
482 2979 648 3028 converso
664 2963 794 3041 alferat,
816 2963 919 3028 etiam
937 2963 1188 3029 contradicente
1211 2969 1330 3028 matre.

162 3067 313 3134 Tandem
342 3087 386 3132 ex
415 3069 557 3150 paritate
582 3071 734 3147 rationis,
757 3071 800 3134 ob
819 3071 973 3136 favorem
997 3090 1120 3155 nempe
1144 3070 1330 3153 religionis,

163 3173 267 3258 aliqui
280 3175 451 3240 affirmant
462 3175 527 3240 hoc
542 3177 644 3241 etiam
657 3177 787 3242 licitum
802 3196 890 3256 esse,
907 3178 935 3241 si
950 3177 1026 3243 avia
1040 3179 1331 3254 maternaatlerat,

164 3281 353 3348 reluctante
364 3287 477 3366 patre;
497 3284 558 3348 sed
571 3285 636 3349 hoc
649 3285 780 3350 censeri
796 3285 898 3350 debet
911 3285 1075 3362 illicitum,
1100 3291 1134 3350 et
1147 3305 1218 3351 non
1232 3287 1335 3350 habe-

165 3393 222 3452 tur
230 3391 356 3473 paritas
370 3391 521 3466 rationis,
537 3391 698 3475 quiaavia
711 3397 866 3459 materna
878 3397 1037 3458 censetur
1049 3394 1159 3476 magis
1173 3398 1336 3460 extranea

165 3495 303 3562 familiae
319 3515 421 3582 quam
437 3497 513 3562 avia
524 3503 674 3581 paterna.
703 3565 708 3580 ‚

204 3607 238 3670 5⁰
253 3605 298 3681 Si,
314 3605 511 3687 parentibus
535 3604 711 3684 defunctis,
728 3609 915 3672 afferantur
935 3627 956 3675 a
977 3610 1146 3674 tutoribus
1162 3627 1169 3670 τ
1184 3609 1232 3672 ita
1243 3624 1335 3674 com·

166 3715 282 3778 munis
296 3713 475 3778 sententia.
489 3705 585 3778 Ratio
601 3721 653 3780 est
673 3716 752 3800 quia
765 3717 802 3782 in
824 3718 888 3783 hoc
902 3735 982 3782 casu
998 3722 1128 3784 tutores
1153 3734 1336 3801 repreasen-

167 3826 243 3886 tant
256 3824 426 3903 parentes,
442 3839 588 3904 quorum
596 3825 675 3905 jura
691 3824 888 3889 sortiuntur.

209 3929 241 3992 6⁰
257 3927 290 3990 Si
305 3927 443 4011 ipsimet
451 3928 644 4010 judaeorum
660 3934 694 3993 et
707 3930 895 3996 infidelium
910 3932 979 4010 tilii,
998 3934 1111 3998 statim
1126 3933 1220 3998 acad
1235 3951 1338 3996 usum

168 4035 311 4102 rationis
329 4035 563 4118 pervenerint,
590 4035 798 4120 baptismum
825 4039 914 4106 ultro
933 4039 1207 4124 postulaverint:
1231 4040 1337 4104 Beue·
1433 4018 1436 4026 ¹

169 4144 279 4208 dictas
290 4141 371 4218 XIV,
386 4142 422 4206 in
436 4145 490 4207 cit.
504 4163 555 4228 ep.
567 4144 719 4211 Rationis
729 4165 811 4210 usus
823 4147 1024 4229 regulariter
1033 4153 1191 4212 censetur
1205 4146 1341 4212 inchoa·

169 4257 226 4316 tus
240 4252 283 4316 ab
293 4268 383 4315 anno
399 4251 606 4334 septime,ex
617 4253 793 4319 decretoS.
804 4255 924 4338 Gongr.
937 4256 1036 4322 Gonc.
1054 4255 1162 4338 ttijul.
1173 4255 1251 4318 1639
1262 4273 1269 4330 ;
1280 4253 1340 4318 sed

169 4361 207 4422 in
221 4358 323 4424 dubio
338 4357 380 4422 de
394 4361 543 4441 perlecto
558 4363 698 4427 rationis
712 4383 788 4440 usu,
801 4365 989 4449 baptismus
999 4363 1150 4448 protrahi
1162 4363 1274 4428 debet.
1289 4361 1340 4424 Illi

170 4471 354 4533 censentur
368 4468 421 4530 sui
431 4469 517 4550 iuris
531 4471 643 4553 quoad
665 4473 884 4555 baptismum,
908 4474 1024 4539 statim
1040 4471 1079 4538 ac
1091 4472 1219 4537 habent
1235 4487 1338 4535 usum

170 4574 325 4640 rationis.
858 4649 859 4652 Ἴ
1124 4569 1128 4651 ᾗ

213 4682 242 4766 b)
257 4681 350 4748 Circa
362 4681 476 4749 illicite
492 4685 547 4751 vel
565 4685 653 4754 licite
670 4688 855 4771 baptizatos
869 4689 905 4753 in
928 4688 1069 4756 articulo
1083 4691 1214 4767 mortis,
1244 4687 1272 4752 si
1299 4685 1342 4752 ad

332 4811 376 4855 111.
1145 4800 1185 4865 90
