3482 5560
371 521 431 592 att
832 543 884 592 scs
905 541 1084 592 ceramum.

371 663 630 730 accommodare
643 664 745 747 juste
756 667 791 729 et
799 664 989 730 rationabili
1000 664 1180 729 intentioni
1192 662 1441 740 denuntiantis;
1456 661 1547 730 unde

372 773 509 856 quando
524 773 685 838 delictum
700 777 753 837 est
767 771 937 837 occultum
953 777 988 836 ct
998 773 1126 837 nemini
1140 771 1429 856 praejudiciorum,
1447 774 1548 838 debet

371 880 419 945 ita
439 880 635 965 procedere,
657 884 696 944 ut
720 899 830 964 neque
852 881 1027 946 infamiam
1044 880 1182 962 irroget,
1200 899 1312 965 neque
1330 880 1502 957 delictum,
1519 883 1547 944 si
1639 938 1644 944 .

371 1005 477 1067 grave
491 989 544 1064 sit,
559 988 756 1053 manifestet
772 1009 779 1052 z
794 993 911 1054 tamen
935 994 1049 1073 potest
1069 1007 1148 1053 cum
1167 1007 1237 1053 uno
1261 988 1317 1052 vel
1340 987 1446 1054 altero
1470 1007 1548 1054 con·

372 1094 498 1159 sultare
514 1094 555 1160 de
571 1095 674 1160 modo
688 1097 906 1162 correctionis
917 1097 1110 1162 tractandae.
1125 1133 1165 1142 —
1177 1096 1210 1160 Si
1224 1095 1384 1162 delictum
1394 1097 1439 1160 sit
1451 1102 1549 1162 noto·

371 1201 473 1278 rium,
488 1203 544 1266 vel
569 1203 741 1269 occultum
764 1204 913 1289 quidem,
931 1204 992 1270 sed
1014 1205 1219 1270 damnosum
1238 1205 1474 1270 communitati
1492 1204 1548 1268 vel

371 1309 483 1386 tertio,
499 1329 570 1376 non
594 1330 734 1377 necesse
755 1317 808 1377 est
829 1317 867 1377 ut
888 1313 1035 1394 corrigat
1058 1312 1315 1397 delinquentem
1328 1319 1470 1390 secreto,
1488 1313 1548 1378 sed

371 1419 555 1502 praecipere
568 1425 683 1504 potest
697 1421 837 1488 delatori
856 1427 904 1499 ut,
920 1421 1037 1488 relicta
1050 1421 1309 1488 denuntiatione
1327 1423 1487 1498 fraterna,
1504 1421 1547 1486 ad

369 1527 567 1610 judicialem
582 1534 742 1598 transeat.

411 1637 508 1705 Ratio
524 1645 586 1716 est,
605 1641 684 1724 quia
698 1642 828 1707 bonum
842 1661 1026 1708 commune
1040 1648 1075 1708 et
1085 1642 1276 1708 innocentis
1292 1641 1381 1706 tertii
1396 1639 1547 1725 praeferri

374 1747 474 1813 debet
487 1749 578 1814 bono
592 1749 785 1832 particulari
798 1751 964 1818 nocentis.

413 1858 441 1941 c)
453 1857 671 1924 Denuntiatio
684 1857 860 1940 judicialis
880 1868 933 1926 est
955 1860 1068 1926 delicti
1086 1860 1175 1946 apud
1191 1865 1442 1944 competentem
1460 1857 1548 1942 judi-

373 1984 448 2030 cem
466 1966 555 2030 lacta
572 1966 812 2034 manifestatio.
833 1967 953 2033 Ditt'ert
966 1970 1008 2034 ab
1024 1969 1255 2045 accusatione,
1277 1969 1356 2052 quia
1373 1949 1549 2032 accusator

373 2091 409 2138 se
427 2071 555 2154 obligat
573 2071 616 2138 ad
634 2073 774 2150 crimen,
792 2076 884 2159 quod
903 2077 1044 2160 opponit
1064 2095 1136 2154 reo,
1151 2076 1376 2160 probandum,
1393 2075 1475 2138 dum
1491 2072 1549 2138 de

373 2181 549 2248 nuntiator
568 2199 639 2246 non
661 2187 796 2246 tenetur
811 2183 1013 2264 regulariter
1031 2183 1206 2268 injudicio
1224 2201 1414 2268 proponere
1429 2183 1548 2265 proba-

373 2291 495 2355 tiones.

413 2398 645 2464 Subdividitur
668 2399 703 2463 in
722 2399 856 2464 civilem
880 2405 915 2465 et
938 2401 1136 2466 canonicam
1152 2399 1281 2465 :civilis
1305 2395 1548 2482 seuJudicislis

374 2507 530 2590 specillce
548 2513 601 2573 est
615 2507 739 2573 delatio
757 2508 930 2573 criminosi
948 2509 991 2575 ad
1002 2509 1164 2593 judicem,
1180 2510 1224 2574 ad
1238 2509 1422 2574 vindictam
1440 2507 1549 2592 publi-

373 2633 449 2680 cam
477 2615 533 2682 vel
558 2615 602 2680 ad
626 2616 797 2700 privatum
823 2617 999 2700 proprium
1024 2617 1190 2682 interesse
1215 2622 1249 2682 et
1272 2617 1387 2683 damni
1415 2634 1550 2700 repara-

376 2722 505 2786 tionem
521 2743 528 2786 :
545 2722 624 2787 iude
640 2729 693 2789 est
703 2723 838 2808 publica
851 2724 907 2788 vel
928 2725 1070 2808 privetu.
1086 2724 1215 2793 Dicitur
1235 2725 1352 2804 ciuilis,
1373 2742 1443 2788 non
1458 2723 1549 2808 quod

373 2832 519 2915 proponi
536 2838 684 2915 nequeat
700 2836 779 2898 ante
794 2833 946 2917 judicem
965 2831 1242 2908 ecclesiasticum,
1265 2833 1324 2897 sed
1340 2833 1431 2917 quod
1450 2831 1551 2912 origi·

374 2957 453 3004 nem
471 2938 571 3004 ducat
588 2943 699 3023 ajure
712 2940 812 3014 civili.
828 2941 956 3005 Dicitur
967 2941 1136 3024 generalis
1151 2941 1287 3024 quando
1299 2942 1374 3024 quis
1390 2939 1550 3005 delictum

374 3046 502 3133 absque
527 3043 802 3114 denominatione
826 3048 1054 3133 delinquentis
1075 3049 1203 3134 prodit3
1226 3049 1284 3114 illa
1299 3065 1549 3132 equorumque

373 3157 504 3224 institui
527 3161 651 3240 potest.
676 3156 835 3241 Specialis
854 3163 915 3234 est,
938 3158 965 3222 si
980 3158 1141 3224 delictum
1165 3159 1267 3222 simul
1291 3162 1325 3222 et
1349 3157 1549 3240 delinquens

375 3265 466 3349 apud
477 3264 629 3349 judicem
642 3264 896 3341 denominatum
920 3271 954 3330 et
967 3267 1040 3331 haec
1053 3267 1184 3331 institui
1202 3269 1316 3349 potest
1333 3263 1457 3329 abillis
1478 3270 1550 3328 tau-

375 3378 448 3438 tum
463 3391 609 3458 quorum
630 3372 773 3436 interest
796 3373 921 3438 habere
943 3374 1072 3438 bonum
1093 3374 1282 3458 praelatum,
1302 3371 1549 3438 administrato-

374 3499 448 3546 rem
473 3501 480 3544 :
502 3479 620 3563 quales
649 3485 730 3544 sunt
757 3481 893 3556 subditi,
924 3487 962 3545 ut
984 3501 1017 3546 v.
1040 3501 1073 3564 g.
1096 3481 1291 3565 parochiani
1313 3480 1424 3565 quoad
1449 3497 1547 3563 parc-

374 3589 487 3665 chum,
504 3589 655 3670 religiosi
668 3589 781 3672 quoad
793 3589 983 3673 praelatum.

333 3732 341 3747 ·
416 3697 599 3774 Caeratea,
614 3715 634 3762 a
647 3697 751 3762 sacris
763 3697 950 3762 canonibus
968 3697 1171 3775 introducta,
1189 3703 1243 3764 est
1257 3697 1380 3762 delatio
1398 3695 1549 3762 criminis

375 3803 466 3886 apud
482 3804 693 3887 superiorem
709 3804 986 3882 ecclesiasticum,
1004 3811 1042 3869 ut
1062 3825 1123 3891 per
1140 3824 1220 3872 eum
1238 3807 1367 3871 crimen
1388 3803 1471 3869 iDud
1489 3803 1550 3867 im-

375 3910 541 3994 pedistur.
563 3911 690 3976 Dicitur
709 3912 878 3994 generalis
901 3913 955 3979 vel
981 3912 1145 3998 specialis,
1170 3919 1272 3999 prout
1292 3913 1451 3978 omnihus
1474 3929 1549 3996 per·

376 4020 480 4085 missa
494 4023 557 4096 est,
571 4019 628 4084 vel
639 4020 740 4084 certis
755 4024 888 4084 tantum
902 4021 1070 4104 personis,
1087 4039 1147 4085 seu
1170 4022 1301 4086 ratione
1324 4036 1550 4104 personarum

376 4146 452 4212 quae
466 4127 667 4192 denuntiare
678 4133 833 4212 possunt.
850 4130 957 4194 Locus
973 4134 1026 4193 est
1039 4129 1288 4194 denuntiationi
1302 4130 1338 4193 in
1355 4129 1430 4192 loro
1449 4144 1567 4193 cano·-

375 4237 463 4312 nico‚
480 4235 616 4320 quando
630 4237 660 4300 is
675 4237 733 4320 qui
749 4236 969 4301 denuntiatur
983 4242 1036 4300 est
1043 4235 1196 4315 clericus,
1210 4236 1347 4321 quando
1357 4237 1486 4300 crimen
1498 4240 1550 4298 est

376 4343 652 4421 ecclesiasticum,
667 4349 706 4407 ut
722 4344 873 4422 haeresis,
888 4344 1043 4422 simonia,
1062 4349 1096 4409 et
1118 4343 1308 4426 generatim
1330 4361 1432 4409 causa
1454 4343 1550 4426 spiri-

378 4451 476 4516 tualis
491 4450 546 4516 vel
561 4450 725 4537 spirituali
743 4469 893 4528 annexa3
910 4451 939 4516 si
949 4452 1082 4534 justitia
1101 4452 1245 4517 obtineri
1259 4453 1460 4536 nequeerin
1473 4452 1548 4516 loro

374 4560 476 4638 civili,
493 4561 548 4626 vel
563 4562 591 4625 si
605 4561 810 4627 denuntians
825 4561 869 4624 sit
881 4579 1028 4644 persona
1041 4563 1253 4628 miserabilis.
