3514 5564
556 639 644 686 nam
663 640 802 695 ounnrus
822 642 1046 690 oscnnmnun.
1315 611 1387 694 'ica
1453 709 1460 720 ἱ

221 745 318 808 rante
340 742 454 826 ipsum
482 761 557 810 esse
576 745 809 827 conjugatum,
835 731 912 829 post
938 752 1085 815 mortem
1109 749 1227 831 prime
1252 741 1388 818 tenetur

221 869 387 916 renovare
401 869 608 918 consensum
626 856 660 916 et
681 852 882 918 contrahere
896 872 975 919 cum
998 856 1158 932 secunda,
1175 857 1203 921 si
1223 857 1288 924 ista
1305 859 1388 925 velii
1497 855 1500 862 ’

221 962 260 1040 (c.
277 959 293 1023 1
310 962 376 1024 eti
396 959 429 1024 h.
448 963 501 1040 t.);
519 979 598 1026 nam
616 979 659 1024 ax
677 980 747 1027 una
766 967 861 1045 parte
884 982 954 1029 non
975 969 1027 1028 est
1038 965 1093 1030 hic
1106 965 1387 1050 impedimentum

221 1068 386 1147 oriminis;
403 1089 446 1136 ex
454 1070 560 1136 altera
568 1089 650 1137 vero
664 1077 770 1155 parte,
785 1071 924 1156 decepta
935 1093 997 1158 per
1009 1075 1256 1158 separationem
1263 1078 1389 1160 patitur

222 1174 396 1254 damnum,
422 1176 512 1261 quod
532 1178 679 1262 reparari
700 1177 802 1243 debet
825 1197 887 1262 per
909 1181 1166 1246 matrimomum
1181 1182 1285 1247 habili
1306 1190 1388 1249 tem·

221 1302 303 1367 pore
317 1285 514 1350 meandum.
530 1287 564 1350 Si
577 1292 691 1351 tamen
701 1287 958 1352 matrimonium
966 1288 1102 1374 ineatur
1110 1306 1189 1354 eum
1199 1292 1298 1357 tertia
1312 1297 1391 1374 post

221 1397 368 1458 mortam
379 1395 496 1477 primae
515 1395 681 1478 conjugis,
698 1395 861 1471 subsistit,
884 1400 918 1460 et
932 1395 1080 1480 decepte
1095 1396 1159 1462 alin
1172 1399 1275 1466 modo
1295 1400 1389 1466 dam·

124 1561 131 1574 ,
170 1511 176 1523 “
222 1518 306 1564 num
322 1501 573 1566 resarciendum
588 1507 650 1566 est.

261 1608 360 1692 Resp.
389 1609 418 1673 3.
448 1608 647 1692 Ignorantes
682 1609 832 1692 ligantur
860 1610 1103 1694 impedimento
1131 1614 1282 1679 criminis
1306 1635 1314 1680 :
1341 1618 1389 1683 iia

221 1717 318 1799 Moya
341 1722 375 1781 et
399 1716 510 1796 liciti,
540 1718 657 1794 Gohat,
687 1717 849 1782 Schmalz.
883 1723 917 1782 et
939 1721 1154 1786 communior
1167 1721 1243 1806 ι111).
1272 1729 1390 1790 eontra

222 1824 337 1889 Palud.
354 1825 483 1908 Major,
499 1825 638 1900 Pichlen
662 1829 744 1903 etc.;
760 1842 840 1890 nam
860 1825 915 1889 SS.
933 1843 1081 1893 canones
1097 1829 1148 1908 31,
1167 1849 1199 1913 q.
1223 1830 1238 1892 i
1256 1830 1337 1896 eth.
1363 1836 1386 1894 t.

222 1932 351 2000 nnllam
364 1935 716 2001 mentionemiaciunt
731 1935 773 2000 de
785 1935 906 2000 notitia
920 1953 964 2000 an
975 1937 1050 2020 quis
1060 1937 1196 2002 sciverit
1206 1938 1271 2004 hoc
1284 1939 1388 2023 impe-

222 2041 411 2106 dimentum
424 2031 597 2107 annexum
612 2061 687 2124 esse
698 2043 845 2120 delictis3
861 2061 943 2124 argo
953 2043 1136 2108 voluerunt
1149 2063 1190 2111 ec
1203 2044 1302 2128 IIgari
1315 2045 1387 2113 slve
1414 2109 1418 2116 .

221 2149 378 2225 scientes,
407 2150 478 2216 sive
506 2151 720 2232 ignorantem
745 2154 847 2234 prout
869 2167 1018 2216 canones
1040 2152 1124 2217 istos
1147 2152 1389 2238 interpretatur

220 2257 333 2340 praxis
363 2259 534 2323 curiarum
563 2261 633 2324 tam
659 2258 820 2325 Romane
853 2276 955 2342 quam
981 2260 1123 2325 aliarum
1151 2260 1385 2340 eeclesiamm,

220 2364 304 2430 tales
316 2366 560 2450 personasaine
572 2366 823 2449 dispensatione
837 2385 907 2431 non
920 2365 1171 2432 admittentium
1183 2368 1225 2432 ad
1239 2370 1385 2453 nuptias.

220 2471 319 2538 Ratio
335 2477 398 2550 est,
419 2474 498 2558 quia
519 2473 747 2539 inhabilitates
766 2477 876 2557 ajuro
899 2473 1099 2540 introductae
1113 2476 1333 2543 incurrantur
1345 2480 1387 2544 ab

219 2579 465 2660 ignorantibus,
490 2585 529 2644 ut
548 2585 642 2665 patet
662 2581 698 2646 ln
718 2581 1021 2662 irregulariiaIibus
1044 2583 1087 2648 ad
1111 2584 1258 2662 ordines,
1285 2586 1388 2652 bene·
1464 2659 1467 2666 ,

219 2687 305 2764 licia,
322 2693 398 2765 etc.;
409 2690 468 2755 sed
480 2689 763 2773 impedimentum
771 2689 932 2767 criminis,
944 2689 1022 2755 licet
1032 2691 1195 2757 fundetur
1206 2693 1242 2757 in
1255 2693 1385 2772 delirio,

220 2800 273 2864 esi
287 2801 402 2862 tamen
416 2815 478 2881 per
491 2815 527 2862 se
542 2803 577 2862 et
594 2797 823 2882 principaliter
835 2798 1027 2866 inhabilitas
1050 2799 1094 2864 ad
1118 2801 1385 2881 matrimonium,

219 2904 305 2969 sicui
329 2904 396 2970 alia
417 2905 660 2988 impedimenta
686 2923 728 2969 ex
755 2905 896 2970 crimine
920 2909 1004 2982 orta,
1039 2911 1077 2970 ut
1102 2908 1387 2990 impedimentum

218 3016 340 3089 meins,
357 3017 485 3097 raptus,
500 3013 672 3080 aiflnitatis
686 3032 729 3078 ex
743 3013 865 3096 copula
878 3013 1010 3091 illicita3
1025 3017 1186 3099 quianon
1203 3015 1309 3094 decet,
1323 3035 1387 3084 nec

216 3122 409 3198 honestum,
433 3140 496 3188 nec
514 3122 657 3206 reipubl.
677 3123 867 3187 christiana
887 3105 1071 3206 expediens
1095 3129 1147 3190 est
1175 3123 1258 3190 iales
1273 3144 1386 3210 perso-

217 3247 279 3295 nas
300 3229 388 3295 Inter
411 3248 447 3296 se
470 3231 636 3314 copulari,
665 3249 743 3296 cum
760 3230 911 3315 alioquin
936 3231 972 3297 in
991 3232 1215 3298 matrimoniis
1238 3235 1386 3300 maxime

217 3337 410 3403 attendatur
432 3339 512 3422 quid
536 3338 653 3406 deceat
676 3339 928 3422 honestumque
952 3340 996 3404 sit
1014 3339 1048 3423 (l.
1070 3339 1163 3418 xiii,
1189 3341 1224 3405 ff.
1244 3340 1286 3406 de
1306 3340 1386 3407 iiiia

218 3446 339 3530 napi).
356 3445 454 3529 Ergo.
721 3543 724 3550 Ι
1346 3480 1350 3485 ’

252 3600 363 3660 Dices:
385 3606 413 3660 1ο
432 3604 492 3660 iioe
511 3600 756 3685 impedimentum
777 3607 824 3660 cst
842 3601 973 3674 poenale,
994 3601 1109 3662 scilicet
1126 3604 1158 3662 in
1177 3617 1296 3677 poenam
1310 3605 1385 3665 tanti

216 3689 332 3763 delicti;
348 3707 437 3766 poene
451 3696 550 3751 aumm
569 3692 755 3768 ignorantem
771 3708 831 3752 non
847 3694 980 3768 stringit.
995 3697 1025 3751 2⁰
1045 3694 1244 3755 inhabilitatis
1258 3696 1386 3771 penatis

216 3781 330 3855 obligat
353 3795 420 3840 eum
447 3781 499 3855 qni
528 3787 631 3855 peccat
654 3787 758 3841 contra
781 3783 894 3858 legem,
921 3783 1237 3857 respueremus
1260 3785 1386 3861 Ignarus

218 3884 313 3942 poenae
333 3884 393 3928 non
414 3875 518 3944 peccat
537 3875 641 3930 eontra
660 3871 775 3947 legem,
803 3885 863 3944 qua
882 3872 1047 3945 paneam
1066 3887 1148 3948 ergo.
1169 3877 1198 3932 3·
1215 3874 1387 3947 ignorantia

180 3990 182 3994 ι
217 3958 287 4016 iacti
305 3963 430 4018 excusat
448 3958 485 4018 ab
503 3958 716 4033 impedimento
736 3959 886 4033 criminis;
907 3975 979 4036 ergo
998 3959 1086 4020 etiam
1105 3961 1275 4036 ignorantia
1290 3962 1384 4036 juris,

218 4061 286 4106 curn
301 4047 331 4106 in
347 4051 454 4107 neutro
468 4061 541 4108 casu
555 4053 695 4123 peccetur
708 4054 813 4109 contra
828 4051 925 4125 legem
943 4050 1121 4123 ignoratam.
1136 4053 1166 4108 4⁹
1179 4050 1386 4126 irregularitas

218 4150 254 4194 ex
267 4136 389 4209 delicto,
404 4137 530 4210 privatio
546 4139 625 4211 juris
642 4139 679 4198 ad
698 4139 858 4213 petendum
877 4137 1011 4197 debitum
1026 4139 1200 4214 coniugale,
1215 4139 1386 4200 inhabilitas

218 4226 255 4285 ad
270 4226 447 4285 heneiicinm
463 4241 499 4284 ex
514 4227 653 4300 simonia,
676 4241 812 4287 censurae
828 4243 887 4286 non
909 4228 1104 4288 incurrantur
1119 4228 1156 4288 ab
1175 4229 1387 4303 ignorantibus

219 4315 256 4390 (c.
269 4319 301 4388 i,
318 4315 428 4386 Consi,
444 4316 475 4374 in
491 4315 543 4388 6⁰];
560 4331 632 4392 ergo
642 4333 697 4376 nec
711 4317 957 4391 impedimentum
973 4318 1211 4391 criminisiiesp.
1221 4319 1257 4377 ad
1269 4322 1295 4376 i.
1310 4320 1386 4378 ilist.

220 4410 280 4464 ant.
299 4425 306 4464 :
322 4411 368 4464 est
381 4405 497 4479 penate
507 4407 743 4481 occasionaliter,
759 4407 938 4467 secundario
946 4410 976 4465 et
985 4407 1016 4466 in
1029 4408 1284 4481 consequentiam,
1300 4423 1385 4469 cone.

220 4501 281 4556 ant.
291 4517 300 4570 ;
316 4497 457 4570 primario
480 4503 509 4556 et
528 4513 580 4572 per
601 4514 648 4570 se,
663 4514 732 4574 neg.
753 4503 813 4558 ant.
835 4502 895 4558 iioc
917 4497 1163 4572 impedimentum
1181 4497 1322 4570 primario
1341 4503 1388 4558 est

221 4585 404 4658 inhabilitnS,
422 4587 566 4660 quianon
582 4588 680 4660 decet,
697 4603 752 4648 nee
766 4588 886 4662 expedit
899 4587 973 4646 iales
987 4603 1132 4660 personas
1146 4588 1281 4662 copulari
1295 4608 1301 4646 :
1315 4589 1388 4648 alio·

222 4676 295 4748 quin
314 4674 484 4748 ignorantia
498 4691 515 4734 a
529 4676 679 4749 plerisque
696 4678 817 4752 praeteri
836 4681 948 4750 posset.
965 4677 1007 4734 iid
1023 4681 1050 4734 2.
1065 4679 1115 4737 Est
1132 4677 1234 4736 eadem
1252 4677 1384 4746 solutio:

224 4779 292 4826 nam
311 4765 508 4825 inhabilitatio
526 4765 583 4826 ista
599 4767 801 4843 principaliter
815 4766 918 4828 estob
938 4765 1149 4839 indecentiam,
1166 4781 1233 4844 quc
1251 4767 1282 4828 in
1299 4783 1387 4844 repn-
