3514 5564
359 594 418 661 loo
815 592 1067 660 ros'cmomeuu.

359 731 413 796 nis
430 727 581 814 periculo
604 727 794 795 infectionis
812 728 975 812 prevalet
992 745 1089 793 amor
1111 729 1316 812 conjugalis,
1338 729 1527 812 prasertim
1598 803 1603 812 ι

360 839 389 902 si
403 839 490 903 adsit
503 837 690 922 periculum
712 837 964 902 incontinentia
981 838 1017 901 in
1037 841 1182 920 utroque
1205 840 1363 919 conjuge.
1386 837 1452 902 Nec
1471 839 1527 903 olt-

361 953 427 1012 stat
440 947 530 1032 quod
541 948 657 1013 forsan
671 947 783 1030 proles
800 950 958 1012 nascetur
972 945 1121 1028 leprosa3
1137 946 1218 1029 quia
1231 944 1309 1010 huic
1330 946 1452 1010 melius
1476 952 1529 1012 est

358 1053 528 1138 leprosam
544 1072 619 1120 esse
635 1073 737 1138 quam
752 1055 845 1120 nullo
860 1055 963 1121 modo
978 1073 1064 1118 esse.

400 1163 433 1228 Si
446 1165 541 1247 lepra
553 1183 622 1229 non
637 1170 690 1230 est
704 1166 911 1247 contagiosa,
932 1183 1011 1250 pars
1033 1183 1116 1230 sana
1131 1167 1265 1229 tenetur
1276 1163 1412 1248 leproso
1427 1166 1527 1232 coha-

359 1272 465 1337 bitare
481 1276 516 1337 et
529 1273 681 1338 debitum
695 1273 854 1339 reddere:
876 1292 943 1358 quo
966 1291 1069 1338 sensu
1083 1273 1235 1356 procedit
1257 1291 1285 1338 o.
1307 1273 1322 1337 l
1340 1279 1375 1338 et
1391 1275 1457 1338 th.
1481 1277 1527 1352 t.;

361 1381 440 1465 quia
458 1381 513 1445 hio
533 1399 603 1446 non
622 1381 719 1447 adest
732 1385 825 1464 justa
841 1401 945 1447 carisa
965 1399 1132 1447 excusans
1158 1381 1200 1446 ab
1224 1382 1429 1463 obligatione
1450 1400 1529 1446 con·

357 1487 476 1571 jugali,
500 1489 565 1553 nisi
580 1489 696 1553 forsan
710 1489 836 1553 nimius
849 1489 971 1555 horror
984 1492 1077 1553 esset
1089 1489 1124 1552 in
1139 1487 1312 1553 reddendo
1328 1488 1453 1554 debito.

398 1595 497 1660 Facta
511 1597 722 1679 separatione
732 1596 956 1679 leprosorum,
971 1596 1129 1680 utrinque
1141 1613 1161 1661 a
1174 1595 1288 1679 judice
1304 1596 1529 1663 ecclesiastico

251 1774 254 1783 ,
359 1703 571 1786 injungenda
585 1685 637 1767 esl
650 1703 860 1788 continentia
874 1707 914 1786 (c.
934 1704 949 1766 l
965 1704 998 1768 h.
1017 1704 1065 1787 t).

807 2075 992 2152 Tll'ULUS
1018 2077 1080 2160 lX.

710 2263 752 2309 ott
783 2261 953 2310 consocio
983 2261 1179 2310 salivatum.

402 2567 440 2631 ln
455 2568 489 2631 h.
509 2571 529 2633 t.
547 2570 760 2634 examinetur
770 2568 1052 2653 impedimentum
1065 2569 1264 2634 conditionis
1279 2568 1418 2646 ancilis,
1439 2566 1530 2650 quod

357 2692 454 2766 nunc
476 2694 591 2740 rarum
616 2681 681 2756 cst,
713 2697 791 2743 cum
816 2677 960 2743 servitus
981 2675 1099 2760 legalis
1122 2675 1212 2760 apud
1235 2675 1437 2742 christianos
1459 2675 1529 2743 iore

364 2782 595 2866 exspiraverit.

548 2971 568 3022 1.
584 2968 701 3031 Quando
715 2969 838 3025 conditio
854 2970 962 3025 servitis
977 2970 1091 3024 dirimat
1104 2969 1341 3034 matrimonium?

403 3113 502 3196 Resp.
527 3115 556 3177 l.
576 3114 614 3178 ln
632 3114 732 3180 unico
752 3119 885 3180 tantum
905 3133 985 3180 casu
1005 3133 1073 3200 quo
1096 3116 1181 3179 liber
1205 3115 1371 3204 ignorans
1391 3114 1531 3181 alteram

364 3225 495 3304 partem
517 3240 593 3286 esse
614 3223 768 3286 servituti
791 3217 984 3300 obnoxiam,
1009 3223 1177 3289 contrahit
1190 3241 1268 3287 cum
1288 3222 1345 3287 illa
1358 3223 1531 3288 matrimo-

305 3331 306 3334 ’
362 3331 469 3407 nium,
487 3330 551 3394 etsi
566 3331 757 3412 ignorantia
772 3331 815 3395 sit
826 3331 1137 3397 modicumorassa:
1158 3331 1205 3396 ita
1218 3349 1291 3397 can.
1307 3331 1328 3395 l
1342 3336 1376 3396 et
1390 3349 1460 3416 seq.
1477 3332 1527 3408 29,

364 3457 395 3520 q.
412 3439 443 3514 l,
460 3433 499 3502 et‘
506 3455 577 3521 cap.
594 3439 614 3501 l
629 3444 663 3502 et
675 3439 734 3503 tin.
750 3439 783 3502 h.
802 3443 845 3515 t.;
864 3457 945 3503 nam
960 3438 1040 3504 licet
1056 3443 1249 3504 contractus
1262 3437 1327 3505 iste
1338 3441 1416 3523 jure
1434 3443 1529 3503 natu-

364 3544 425 3609 rali
448 3545 492 3609 sit
508 3545 651 3622 validus,
679 3551 717 3610 ut
737 3565 860 3612 comm.
887 3551 990 3624 tenet,
1013 3553 1128 3612 tamon
1153 3547 1300 3613 Ecclesia
1326 3566 1396 3612 non
1422 3547 1531 3612 voluit

365 3655 444 3717 e'um
458 3652 571 3717 valera
589 3655 633 3717 ob
650 3655 761 3736 justas
785 3671 914 3732 causas,
931 3659 1013 3738 puta
1035 3655 1077 3720 ob
1096 3655 1358 3739 inequalitatem
1371 3671 1530 3738 persona-

364 3778 452 3836 rum,
469 3761 512 3825 ob
530 3760 692 3842 injuriam
711 3759 817 3826 libero
832 3761 960 3826 illatam
979 3768 1014 3827 et
1030 3763 1182 3846 prolibus
1204 3761 1425 3828 inferendam.
1450 3762 1530 3841 Quas

314 3935 316 3942 ,
367 3867 507 3932 assertio
522 3867 634 3931 locum
650 3867 758 3961 habet
772 3868 875 3933 etiam
894 3873 974 3933 tuno
995 3869 1076 3934 dum
1101 3869 1310 3936 contrahitur
1328 3887 1405 3934 cum
1426 3873 1532 3933 statu-
1643 3917 1645 3922 .

348 3975 487 4064 libera;
503 3975 582 4058 quia
596 3979 749 4058 tempore
764 3973 977 4052 intermedio,
994 3976 1163 4060 pendente
1179 3975 1372 4042 conditione
1390 3980 1423 4040 ot
1444 3979 1529 4040 tem-

366 4099 460 4165 poro,
479 4081 658 4147 estancilla
672 4081 703 4166 (l.
716 4081 768 4159 lli,
783 4082 818 4145 ff.
830 4082 871 4146 de
881 4082 1102 4166 Stomatas).
1121 4082 1454 4149 Convalescitautem
1467 4083 1532 4147 hoc

366 4188 632 4264 matrimonium,
647 4189 676 4252 si
690 4188 784 4265 liber,
802 4189 939 4271 cognito
955 4207 1068 4254 errore
1084 4191 1267 4267 servitutis,
1281 4190 1425 4254 ratificat
1443 4189 1533 4272 prio-

366 4316 652 4365 remconsensum
660 4317 819 4382 expresse
832 4299 888 4364 vel
901 4299 1000 4364 tacite
1012 4317 1072 4382 per
1082 4299 1240 4383 copulam
1248 4301 1287 4383 (c.
1299 4300 1362 4364 iet
1370 4300 1427 4363 lin.
1437 4299 1470 4363 h.
1482 4300 1530 4381 t),

367 4407 446 4490 quia
462 4409 539 4490 jure
562 4409 702 4490 antiquo
722 4407 797 4472 talis
816 4405 937 4490 copula
954 4407 1171 4489 presumitur
1184 4407 1258 4471 sssri
1281 4407 1404 4472 affectu
1418 4408 1533 4489 conju-

368 4515 436 4598 gali
455 4519 552 4599 :jure
567 4521 681 4581 autern
702 4515 801 4593 Tria,
819 4516 846 4579 si
869 4516 1015 4579 servitus
1036 4514 1167 4598 publice
1189 4515 1389 4592 innotescat,
1412 4531 1534 4580 conva-

368 4623 483 4694 lidatio
498 4625 571 4690 lieri
586 4625 687 4690 debet
699 4643 813 4692 coram
827 4624 973 4708 parocho
989 4625 1190 4690 attactibus.

410 4732 508 4818 Rosp.
535 4733 564 4800 t.
587 4731 682 4802 Valet
702 4730 957 4802 matrimonium
984 4732 1019 4801 in
1044 4731 1309 4818 secessibus:
1339 4731 1372 4802 1⁰
1396 4731 1424 4802 si
1451 4729 1536 4800 liber
