3412 5570
872 533 923 590 tos
943 531 1123 591 crnoutctnl.

767 917 990 995 TITULUS
1042 920 1227 996 XXVIII.

669 1106 707 1150 DE
730 1105 851 1151 cronico
872 1107 930 1150 NON
952 1107 1099 1152 onnlnlro
1120 1107 1329 1154 unumunurn.

451 1407 589 1474 CrImIni
603 1408 716 1475 elerici
731 1409 885 1474 censuris
898 1409 1017 1473 Irretiti
1028 1410 1254 1475 ministrantis
1269 1411 1370 1476 ofssne
1387 1415 1440 1474 est
1456 1411 1592 1476 cumen

412 1518 522 1585 clerIci
541 1519 731 1584 exercentis
746 1518 901 1584 ordinem
916 1537 1019 1602 quem
1035 1519 1228 1584 nonhabet.

663 1709 683 1759 1.
699 1706 811 1760 cuman
829 1708 858 1760 et
870 1719 961 1772 poenae
978 1706 1171 1772 usurpationis
1185 1707 1328 1762 ordinum.

450 1853 582 1933 allisus
598 1854 727 1919 ordinis
741 1871 811 1919 non
822 1855 946 1937 recepti
963 1859 1017 1919 est
1029 1854 1158 1919 crimen
1171 1873 1287 1937 grave,
1303 1855 1394 1939 quod
1406 1853 1591 1920 committi-

409 1969 474 2042 tur,
492 1984 524 2027 ν.
542 1984 576 2048 g.
592 1981 670 2028 curn
684 1963 720 2026 in
734 1962 924 2027 minoribus
940 1967 1073 2027 tantum
1087 1964 1292 2028 constitutus
1309 1981 1388 2027 cum
1407 1962 1591 2030 dalmatIca

409 2076 444 2136 et
457 2071 632 2155 manipulo
648 2071 847 2136 solemniter
861 2076 975 2136 cantat
989 2072 1178 2155 epistolam,
1195 2071 1250 2136 vel
1265 2071 1429 2136 dlaconus
1443 2072 1590 2135 missam

407 2181 565 2258 celebrat,
591 2180 790 2246 solemniter
805 2182 962 2264 baptizat,
978 2181 1115 2264 uupIIas
1129 2185 1190 2246 aut
1202 2200 1307 2265 aquas
1326 2180 1504 2256 benedicit,
1517 2185 1585 2245 etc.

447 2287 477 2370 b)
492 2288 605 2352 Poenae
619 2287 696 2354 latae
706 2293 825 2353 contra
839 2289 1116 2352 ministrantesin
1127 2288 1245 2353 ordine
1256 2307 1325 2354 non
1335 2292 1492 2372 suscepto
1502 2291 1590 2352 sunt

408 2401 609 2480 sequentes:

447 2507 478 2568 1ο
494 2503 605 2568 Prima
620 2521 723 2587 poena
743 2508 796 2567 est
810 2503 1128 2580 excommunicatio
1144 2523 1186 2568 ex
1201 2522 1229 2569 c.
1247 2505 1263 2568 l
1279 2505 1312 2568 b.
1331 2505 1381 2568 tit.
1403 2503 1437 2568 in
1454 2522 1522 2588 qno
1536 2501 1589 2568 le-

321 2651 324 2658 ·
406 2615 537 2696 gimus:
556 2637 572 2670 «
588 2616 726 2696 propter
738 2611 967 2675 temeritatem
980 2611 1028 2692 (in
1042 2611 1100 2676 tali
1114 2632 1180 2677 usu
1195 2612 1323 2678 ordinis
1337 2630 1408 2677 non
1419 2605 1586 2695 suscepti)

405 2719 583 2804 abjIciatur
609 2720 651 2784 ab
677 2717 824 2784 Ecclesia
840 2744 869 2781 a.
889 2719 937 2781 Ex
964 2719 1070 2784 verbo
1098 2719 1289 2802 adjiciatur,
1317 2719 1408 2801 quod
1433 2719 1589 2783 ministe-

405 2829 494 2893 rium
507 2829 655 2894 hominis
670 2829 806 2908 indicat,
822 2833 917 2911 patet
929 2829 1320 2895 excommunicationem
1340 2847 1416 2894 esse
1431 2827 1586 2893 ferendae

405 2942 539 3002 tantum
554 2938 743 3002 sententiae.
1285 2939 1288 2946 '

396 3069 398 3072 ·
443 3047 477 3109 2⁰
491 3045 756 3130 Secundapoena
769 3047 1021 3128 estsuspensio,
1031 3045 1073 3110 ad
1084 3045 1259 3110 biennium
1268 3045 1527 3120 veltriennium,
1540 3043 1587 3110 ab

404 3158 522 3223 ordine
538 3158 658 3223 ultimo
674 3162 842 3241 suscepto,
860 3159 1055 3240 infligenda,
1073 3177 1116 3223 ex
1130 3176 1202 3241 cap.
1220 3159 1278 3223 lin.
1288 3159 1321 3222 h.
1340 3164 1362 3221 t.
1375 3157 1412 3221 ln
1427 3160 1492 3223 hoc
1506 3177 1587 3242 cap.

404 3267 565 3330 statuitur
580 3266 671 3351 quod
687 3266 848 3330 diaconus
864 3265 922 3349 qui
937 3267 1077 3330 missam
1091 3264 1262 3330 celebrare
1277 3266 1546 3348 praesumpsen't,
1563 3285 1588 3330 a

405 3375 583 3441 dlaconatu
594 3379 731 3440 maneat
746 3392 943 3457 suspensus.

442 3485 475 3548 3ο
490 3483 601 3548 Tertia
615 3489 650 3546 et
663 3483 833 3567 praecipua
842 3499 945 3565 poena
956 3484 1008 3545 est
1021 3481 1264 3563 irregularitas,
1281 3480 1402 3552 saltem
1416 3480 1584 3565 paruulis,

402 3593 435 3656 vi
451 3595 549 3676 eujus
568 3592 610 3657 ad
631 3591 823 3674 superiores
843 3589 980 3654 ordines
998 3608 1067 3654 non
1084 3594 1231 3674 possunt
1252 3589 1447 3672 promoveri
1467 3587 1586 3654 taliter

401 3701 646 3765 ministrantes.
663 3699 714 3764 lta
727 3716 887 3781 expresse
904 3715 932 3761 c.
950 3699 965 3760 l
982 3702 1016 3761 et
1029 3699 1049 3761 i
1062 3697 1095 3760 b.
1112 3699 1175 3774 tit,
1196 3702 1231 3761 et
1242 3696 1324 3762 istas
1343 3716 1464 3780 poenas
1480 3716 1585 3762 reno

401 3813 570 3874 voverunt
585 3808 723 3888 Gregor.
740 3805 823 3883 Xlll,
841 3806 923 3870 Sint.
941 3805 977 3881 V,
996 3805 1097 3869 Glem.
1115 3804 1184 3868 Vlll
1205 3809 1323 3886 (coust.
1340 3803 1419 3870 Etsi
1431 3807 1531 3890 ulios)
1545 3817 1585 3873 et

400 3916 523 3982 Urban.
547 3914 617 3980 Vlll
637 3915 756 3995 (const.
778 3911 1020 3998 Apostolorum,
1045 3912 1102 3994 qui
1123 3913 1226 3976 etiam
1248 3911 1332 3976 olias
1360 3913 1579 3992 addiderunt,

401 4024 528 4089 scillcet
541 4021 822 4104 degradationem
839 4025 873 4084 et
888 4019 1104 4084 traditionem
1119 4019 1219 4082 euriae
1241 4018 1404 4084 saeculari.

472 4216 505 4267 u.
519 4210 701 4266 conditiones
715 4210 859 4276 requisita
876 4209 910 4262 ad
928 4209 1131 4262 incurrendam
1145 4219 1260 4272 poenam
1276 4207 1499 4274 irregularitatis.

440 4361 472 4424 l⁰
492 4357 688 4444 Requiritur
709 4376 750 4420 ee
770 4362 870 4441 porte
890 4353 1032 4435 subjecti
1052 4358 1090 4418 ut
1114 4353 1158 4416 sit
1176 4371 1284 4436 capax
1304 4353 1577 4436 irregularitatis,

400 4490 461 4535 seu
475 4469 518 4534 sit
532 4468 721 4552 baptizatus
734 4470 769 4530 et
782 4484 856 4529 mas
870 4484 878 4542 ;
901 4483 981 4528 nam
997 4482 1076 4529 oum
1098 4481 1169 4528 non
1183 4463 1372 4547 baptizatus
1396 4470 1430 4529 et
1448 4466 1580 4532 femina

400 4580 467 4642 sint
476 4581 553 4661 jure
565 4577 680 4641 diviua
694 4577 871 4657 incapaces
886 4573 1025 4648 ordinIs,
1042 4577 1123 4636 sunt
1135 4573 1239 4638 etiam
1252 4573 1429 4655 incapaces
1447 4575 1579 4656 irregu-

396 4686 554 4768 laritatis,
567 4685 662 4750 Unde
676 4684 774 4750 aliter
787 4681 951 4767 puniendi
967 4686 1058 4746 sunt.
1113 4723 1120 4738 .
