3412 5570
500 529 587 578 nnru
608 530 735 587 orturus
755 530 979 578 nncnarsnuu.
1273 509 1334 574 tas

199 651 232 716 3⁰
240 649 293 716 An
300 650 586 733 irregularitatem
594 652 744 718 incurrat
754 653 812 737 qui
823 656 961 734 exercet
974 649 1269 734 aetumproprium
1280 668 1331 715 or-

162 753 1332 844 dinismiu'oris‘?Primasententianegat‚etdocetrequiriutclericus

160 868 1339 954 censuretusexerceatactumpropriumalicujusordinismajorisquia

160 979 353 1045 functiones
367 977 541 1042 minorum
553 965 820 1044 ordinumhodie
833 998 904 1043 non
920 982 1102 1043 suntaotus
1110 977 1237 1061 proprii
1249 977 1338 1042 ordi-

162 1087 215 1152 nis
226 1085 387 1152 olericalis
401 1107 408 1150 :
423 1086 466 1151 ad
482 1105 539 1151 ees
554 1087 730 1162 obeundas
745 1086 953 1171 deputantur
964 1086 1050 1152 laici.
1062 1085 1128 1151 Sed
1142 1085 1248 1150 altera
1263 1105 1338 1151 sen-

163 1195 268 1258 tentia
276 1194 433 1270 affirmat,
441 1193 561 1259 saltem
571 1195 598 1258 si
609 1195 750 1260 clericus
759 1195 984 1261 talemactum
993 1183 1192 1260 solemniter
1200 1197 1234 1258 ct
1242 1193 1338 1278 quasi

163 1321 206 1368 ex
220 1303 331 1368 alticio
346 1305 482 1386 proprio
498 1309 663 1370 exerceat.
680 1305 777 1370 Ratio
791 1309 854 1383 est,
862 1305 942 1388 quia
951 1306 1031 1386 jura
1041 1322 1111 1368 non
1125 1302 1339 1384 distinguunt

162 1410 252 1474 inter
264 1415 360 1475 actus
374 1411 533 1476 ordinum
544 1415 715 1495 majorum
731 1418 766 1476 et
776 1414 960 1478 minorum.
978 1411 1133 1476 Giraldus
1147 1414 1245 1492 putat
1258 1427 1338 1474 oon-

162 1519 364 1583 troversiam
376 1519 477 1584 hodie
491 1505 694 1605 diremptam
709 1539 784 1586 esse
799 1522 954 1587 insensu
972 1520 1188 1594 alssrmativo,
1205 1523 1279 1582 tum
1295 1535 1338 1580 ex

163 1625 250 1708 stylo
260 1627 521 1692 Poenitentian'ae
530 1626 603 1691 etS.
615 1626 736 1710 Congr.
747 1628 846 1694 donc.
858 1635 931 1694 tum
942 1647 985 1694 ex
993 1627 1219 1698 declaratione
1232 1627 1338 1690 Bene·

163 1736 241 1801 dieti
259 1735 329 1801 XIV
349 1737 385 1801 in
398 1738 496 1821 epist.
513 1736 639 1821 encycl.
658 1737 717 1806 Au
725 1738 995 1822 punitentiurios
1011 1735 1116 1812 Urbis,
1134 1752 1224 1800 anno
1245 1735 1334 1798 1749.

164 1844 415 1922 Verumtamen,
430 1845 593 1929 quidquid
608 1846 652 1910 sit
664 1845 706 1910 de
722 1848 909 1930 quaestione
931 1843 1119 1922 doctrinali,
1143 1840 1243 1908 hodie
1258 1859 1337 1907 cum

161 1951 219 2016 vix
234 1952 361 2036 aliquid
384 1953 510 2018 saciant
529 1953 565 2018 in
587 1953 777 2019 minoribus
796 1954 983 2030 constituti,
1003 1951 1093 2038 quod
1117 1969 1187 2016 non
1206 1949 1338 2014 soleant

161 2060 272 2126 lacere
291 2061 378 2138 laici,
397 2079 467 2127 non
486 2061 623 2127 videtur
647 2062 819 2147 quomodo
838 2063 903 2146 ipsi
921 2061 1032 2126 clerici
1053 2062 1195 2145 possent
1214 2057 1338 2124 solem-

161 2169 250 2233 niter
266 2188 424 2236 exercere
447 2174 543 2236 actus
561 2170 689 2234 ordinis
703 2191 710 2248 ;
727 2171 832 2253 igitur
849 2172 908 2235 vix
928 2170 999 2236 dari
1015 2174 1133 2252 posset
1153 2185 1336 2250 casusque

160 2277 272 2344 clerici
294 2279 507 2344 incurrerent
530 2278 831 2361 irregularitatem,
862 2281 929 2344 nisi
949 2283 1071 2361 agatur
1094 2277 1135 2342 de
1157 2277 1335 2354 exorcista,

160 2386 220 2470 qui
244 2391 339 2450 veste
359 2404 454 2453 sacra
476 2385 627 2466 indutuS,
653 2389 862 2454 exorcismos
881 2387 1036 2452 Ecclesiae
1058 2386 1215 2451 recitaret
1235 2401 1338 2467 super

161 2510 413 2576 energumenos
563 2499 564 2502 ’
750 2497 752 2500 ’
948 2497 949 2500 ’

198 2600 232 2664 4⁰
245 2602 309 2678 Qui
332 2603 512 2681 dubitaret,
531 2623 576 2670 an
596 2605 640 2668 sit
656 2623 737 2670 vere
760 2603 1085 2680 excommunicatus,
1104 2601 1336 2668 incurreretne

159 2709 456 2796 irregularitatem,
472 2712 511 2790 si,
529 2716 639 2778 stante
656 2713 770 2790 dubio,
786 2716 961 2778 exerceret
975 2717 1089 2778 actum
1101 2711 1338 2794 propriumor·

162 2816 270 2882 dinis?
290 2818 389 2903 Resp.
406 2838 487 2884 cum
502 2820 738 2886 distinctione:

201 2925 235 2989 Si
250 2945 271 2991 a
281 2926 395 3008 judice
412 2926 638 2994 ecclesiastico
656 2930 721 2993 fuit
744 2931 1069 3007 excommunicatus,
1087 2933 1122 2994 et
1141 2927 1272 2994 dubitet
1292 2944 1337 2992 an

160 3035 311 3118 legitime
328 3041 364 3100 et
376 3036 487 3102 valide
501 3036 570 3102 lata
585 3038 689 3102 fuerit
708 3039 1028 3114 excommunicatio,
1051 3019 1239 3102 incurreret
1255 3035 1337 3099 irre·

155 3143 388 3226 gularitatem,
407 3145 575 3229 quietalis
589 3164 651 3230 pre
667 3149 962 3212 excommunicato
977 3165 1013 3212 se
1028 3131 1153 3211 hebere
1170 3144 1281 3220 dehet,
1298 3145 1337 3206 nt

161 3253 388 3316 cummuniter
403 3253 527 3318 docent
540 3253 605 3316 bb.
622 3289 662 3300 -
677 3253 807 3320 Slvere
823 3255 964 3332 dubitet,
981 3273 1025 3319 an
1041 3253 1082 3318 de
1095 3253 1184 3318 lecto
1204 3267 1337 3316 excom·

160 3361 353 3425 municatus
367 3361 420 3438 sit,
434 3365 469 3426 et
479 3349 635 3428 adhibeat
646 3363 795 3428 debitam
811 3363 1021 3446 diligentiam
1036 3363 1079 3429 ad
1092 3363 1142 3426 rei
1156 3361 1335 3426 veritatem

160 3467 399 3550 indagandam,
429 3469 637 3553 probabilius
672 3488 742 3537 non
766 3471 956 3536 incurreret
982 3470 1278 3552 irregularitatem,
1306 3467 1335 3530 si

161 3581 337 3642 exerceret
350 3582 463 3642 actum
477 3578 603 3643 ordinis
619 3597 626 3655 ;
644 3579 747 3643 estin
761 3579 979 3663 possessione
1001 3596 1070 3642 suae
1084 3577 1249 3642 libertatis
1263 3596 1270 3638 :
1286 3574 1335 3638 ita

161 3684 361 3768 Schmalzgss,
376 3706 410 3751 n.
422 3687 475 3764 39,
489 3691 523 3752 ot
537 3687 604 3752 aiii.
620 3687 780 3753 Nonnulli
794 3693 921 3764 tamen,
937 3688 1028 3752 inter
1041 3705 1127 3771 quos
1142 3685 1332 3764 Reiffenst,

160 3809 194 3856 n.
205 3793 254 3870 16,
266 3793 300 3858 h.
310 3798 349 3872 t,
360 3793 485 3859 docent
498 3793 600 3859 talem
617 3795 829 3860 dubitantem
839 3794 947 3859 teneri
959 3795 1132 3876 subpoena
1141 3811 1335 3858 excommu-

160 3901 338 3966 nicationis
360 3903 530 3967 abstinere
542 3904 585 3967 ab
597 3902 759 3967 exercitio
775 3902 914 3980 ordinis,
929 3906 964 3967 et
976 3901 1142 3967 idvolunt
1156 3919 1274 3965 eruere
1292 3921 1335 3965 ex

159 4027 188 4073 c.
203 4008 407 4075 Audientem
429 4012 536 4094 petito
555 4010 596 4076 de
611 4011 740 4076 Homic.
759 4010 810 4075 Ad
828 4011 996 4076 rationem
1015 4009 1225 4094 respondent
1243 4009 1335 4094 quod

160 4115 195 4182 in
209 4135 246 4182 re
260 4117 381 4184 morali
396 4119 493 4204 sequi
508 4119 672 4184 debemus
686 4122 817 4202 partem
833 4120 1003 4186 tutiorem.

651 4421 844 4440 fi*—
