3508 5568
543 608 630 652 arnna
650 607 786 662 orsurus
808 583 1027 654 occurramus.
1339 598 1374 660 il

204 730 254 790 tra
268 723 436 800 Pontium,
454 729 488 790 et
501 703 628 808 paucos
642 724 738 800 alios,
755 724 813 810 qui
828 725 1012 790 essentiam
1026 727 1235 794 matrimonii
1253 733 1378 797 consti-

203 843 304 904 tuunt
317 840 353 903 in
375 837 449 903 solo
467 855 649 912 consensu,
666 857 727 900 seu
746 839 986 922 conjunctione
1004 839 1197 904 animorum
1212 843 1286 907 sine
1309 844 1377 910 ullo

202 966 372 1014 consensu
392 948 428 1011 iu
445 946 612 1030 copulam.
638 945 735 1011 Proh.
758 964 801 1010 ex
825 945 919 1022 Gen,
937 966 971 1024 n,
987 947 1037 1024 il,
1054 949 1111 1012 uhi
1129 968 1136 1012 :
1156 973 1171 1008 u
1188 949 1380 1016 Adhaerebit

203 1057 298 1121 uxori
325 1075 412 1132 suae,
437 1060 471 1119 et
497 1061 597 1120 erunt
626 1055 693 1120 duo
716 1055 750 1118 in
779 1072 879 1120 carue
906 1075 985 1132 una,
1003 1081 1018 1114 o
1036 1061 1071 1120 et
1099 1057 1112 1121 l
1136 1057 1223 1136 Gor„
1250 1079 1302 1136 vu,
1325 1059 1375 1124 4:

203 1191 217 1224 «
234 1165 352 1230 Mulier
369 1165 422 1228 sui
437 1164 588 1248 corporis
609 1168 815 1247 potestatem
829 1165 1026 1242 nonhabet,
1049 1166 1109 1230 sed
1129 1167 1199 1242 vir;
1224 1167 1379 1233 similiter

201 1278 316 1338 autem
334 1277 368 1336 et
381 1273 434 1337 vir
454 1273 506 1336 sui
522 1272 673 1356 corporis
689 1276 895 1354 potestatem
916 1290 985 1337 uon
1007 1274 1120 1352 habet,
1137 1275 1197 1340 sed
1213 1275 1345 1340 mulier.
1360 1301 1376 1334 o

201 1380 294 1445 ldem
309 1381 408 1445 docet
425 1380 607 1446 Florentio.
627 1381 662 1446 in
674 1380 764 1445 decr.
778 1383 879 1458 uu.,§
896 1382 1043 1462 septim,
1059 1381 1256 1459 Tridentin,
1281 1401 1308 1446 s.
1325 1383 1375 1460 ii,

200 1507 228 1552 o.
254 1489 476 1567 Matrimonii,
502 1493 536 1552 et
551 1507 578 1552 c.
604 1489 633 1562 l,
663 1489 704 1552 o'e
724 1488 875 1568 Reform.
894 1489 1044 1552 matrim.
1066 1488 1114 1552 lix
1136 1509 1204 1572 qua
1225 1474 1400 1557 doctrina

201 1597 247 1660 ita
268 1600 490 1677 argumentor
513 1616 520 1657 :
542 1594 795 1660 Matrimonium
816 1595 1054 1672 essentialiter,
1074 1600 1109 1660 et
1123 1615 1164 1659 ex
1179 1602 1301 1662 natura
1316 1617 1378 1663 sua

199 1704 393 1767 institutum
418 1703 533 1768 estad
559 1702 832 1786 procreationem
855 1703 1013 1786 prolium,
1038 1708 1073 1768 et
1095 1706 1377 1788 propagationem

199 1812 335 1892 generis
357 1812 518 1887 hnmani;
544 1830 626 1892 ergo
647 1829 836 1876 cousensus
857 1811 1021 1876 maritalis
1049 1813 1277 1877 essentialiter
1296 1815 1376 1877 ferri

200 1921 300 1985 dehet
314 1923 349 1985 iu
364 1924 421 2004 Jus
435 1926 469 1986 et
484 1925 692 2004 potestatem
707 1922 749 1987 ad
764 1927 860 1986 actus
875 1923 1073 2004 conjugales
1090 1943 1097 1986 :
1115 1924 1206 1986 subs.
1232 1923 1291 1987 sed
1313 1924 1377 1988 hcc

198 2029 271 2112 ipsc
287 2029 379 2112 quod
394 2029 469 2113 quis
483 2031 676 2094 consentiat
693 2031 728 2093 in
743 2029 847 2094 talem
860 2034 1078 2113 potestatem,
1096 2032 1199 2095 etiam
1216 2030 1376 2116 implicite

198 2137 368 2201 consentit
387 2137 422 2200 in
444 2137 611 2220 copulam,
630 2157 691 2201 seu
715 2138 750 2202 iu
774 2143 869 2202 actus
889 2137 1088 2220 conjugales
1105 2159 1112 2201 :
1128 2157 1211 2203 nam
1232 2158 1376 2204 cousen-

198 2247 286 2312 tieus
300 2249 334 2312 in
351 2267 501 2326 causam,
517 2249 706 2314 virtualiter
721 2255 755 2313 et
769 2249 929 2332 implicite
947 2250 1118 2314 consentit
1131 2250 1166 2313 in
1182 2253 1256 2333 ejus
1276 2251 1376 2316 elioc-

198 2357 291 2432 tum3
317 2376 399 2438 ergo
423 2375 611 2423 consensus
646 2356 835 2440 conjugalis
868 2357 990 2420 saltem
1017 2357 1179 2440 implicite
1207 2357 1314 2422 fertur
1339 2359 1374 2421 in

196 2464 353 2548 copulam
370 2486 378 2526 :
396 2483 493 2529 secus
515 2483 585 2530 non
604 2470 745 2548 apparet
759 2464 985 2548 repugnantia
1003 2483 1064 2528 cur
1082 2466 1171 2530 inter
1187 2468 1318 2548 patrem
1341 2470 1375 2530 et

197 2573 301 2638 filiam
321 2592 391 2638 non
404 2578 520 2657 posset
535 2574 792 2638 matrimonium
811 2573 1008 2638 consistere.
1026 2572 1120 2637 Unde
1133 2572 1165 2637 S.
1181 2574 1219 2636 o.
1237 2573 1272 2636 in
1287 2572 1373 2656 Sop-

194 2683 310 2766 plem„
321 2703 353 2765 q.
369 2683 420 2758 48,
437 2686 499 2746 art.
517 2683 546 2758 l,
562 2683 660 2746 dccet
670 2683 862 2746 consentire
873 2681 908 2746 in
921 2681 1178 2745 matrimonium
1192 2679 1284 2744 idem
1298 2699 1373 2744 esse

197 2809 235 2854 ac
248 2815 264 2848 «
280 2791 472 2854 consentire
487 2791 523 2854 in
542 2790 701 2874 copulam
715 2789 887 2853 carnalem
908 2788 1081 2871 implicite,
1099 2807 1169 2853 non
1193 2789 1350 2870 explicite
1364 2809 1371 2864 ;

196 2917 266 2961 non
282 2897 373 2961 euim
389 2897 490 2962 debet
504 2898 658 2979 intelligi,
675 2897 741 2961 nisi
756 2896 1012 2979 sicutimplicite
1028 2896 1222 2960 continetur
1232 2897 1373 2962 effectus

195 3005 231 3068 iu
245 3023 348 3070 causa
364 3027 371 3068 :
389 3007 468 3090 quia
485 3011 637 3090 potestas
656 3004 800 3070 carnalis
821 3005 961 3087 oopulae,
982 3005 1017 3068 iu
1032 3024 1135 3088 quam
1149 3007 1370 3084 consentitur,

197 3119 249 3178 est
262 3133 366 3180 causa
378 3116 521 3180 carnalis
535 3116 676 3199 copulae,
694 3115 781 3180 sicut
791 3118 941 3197 potestas
954 3113 1072 3177 utendi
1086 3132 1123 3178 re
1137 3132 1199 3178 sua
1209 3117 1262 3178 est
1271 3133 1373 3180 causa

196 3241 278 3287 usus
295 3249 322 3284 u.
339 3224 378 3287 Et
393 3245 425 3308 p.
442 3227 471 3302 3,
488 3245 519 3308 q.
535 3225 584 3301 29,
601 3229 663 3290 art.
676 3225 706 3300 i,
725 3224 760 3287 io
775 3242 875 3308 corp,
894 3223 941 3287 ait
958 3243 964 3285 :
983 3248 997 3280 α
1013 3223 1159 3286 Omnino
1173 3241 1294 3286 verum
1308 3223 1373 3287 fuit

195 3333 342 3396 matrim.
360 3333 448 3413 Virg.
467 3333 580 3396 illatris
594 3332 665 3407 liei,
688 3335 722 3395 et
735 3331 871 3414 loseph,
889 3330 969 3414 quia
989 3335 1133 3414 uterque
1150 3330 1324 3394 consensit
1336 3331 1371 3394 iu

195 3439 352 3523 copulam
367 3441 584 3524 conjugalem
597 3440 734 3524 (hocest
745 3439 781 3502 iu
791 3438 977 3514 vinculum,
990 3455 1052 3502 seu
1073 3442 1279 3521 potestatem
1292 3457 1371 3502 con·

192 3548 369 3632 jngalem),
393 3567 464 3614 nou
487 3554 602 3612 autem
625 3566 782 3631 expresse
797 3547 833 3610 iu
848 3545 1006 3629 copulam
1021 3545 1203 3622 carnalem,
1220 3547 1287 3611 nisi
1305 3547 1369 3610 sub

195 3655 399 3732 conditione,
423 3657 451 3718 si
466 3655 536 3720 Deo
551 3654 700 3738 placeret
716 3657 765 3736 (l).
781 3679 796 3712 »
817 3656 869 3719 An
883 3671 966 3718 vero
991 3671 1181 3718 consensus
1205 3652 1368 3718 maritalis

195 3764 344 3847 suppleri
358 3763 468 3846 possit
483 3783 504 3828 a
517 3763 597 3838 Deo,
620 3763 816 3828 dubitatur:
838 3761 1085 3827 affirmantium
1103 3761 1217 3845 opinio
1235 3761 1371 3825 videtur

194 3873 397 3955 probabilis;
417 3871 496 3956 quia
508 3873 610 3948 Deus,
626 3890 705 3936 oum
722 3871 757 3935 in
773 3891 835 3936 sua
849 3874 1019 3954 potestate
1035 3888 1177 3952 corpora
1189 3869 1369 3934 hominum

194 3979 331 4055 habeat,
364 3983 479 4062 potest
502 3980 615 4043 virum
645 3983 679 4043 et
702 3976 884 4044 mulierem
907 3981 1118 4062 conjungere
1147 3979 1274 4062 absque
1299 3977 1368 4042 ullo

195 4104 314 4186 eornm
328 4101 508 4162 consensu,
531 4085 710 4150 tribuendo
723 4087 858 4169 utrique
872 4089 929 4170 jus
945 4092 1106 4150 mutuum
1120 4085 1162 4149 ad
1178 4101 1279 4149 usum
1297 4102 1368 4147 ccr-

193 4212 326 4285 porum.

226 4367 259 4430 (l)
275 4367 305 4418 D.
318 4366 432 4417 Thomas
447 4365 473 4416 in
491 4368 515 4430 l,
529 4365 589 4416 dist.
601 4369 640 4428 3⁰,
651 4381 676 4431 q.
691 4369 715 4430 ἓ,
729 4381 854 4432 expresse
866 4367 944 4418 docet
958 4369 985 4418 Β.
999 4367 1135 4432 Virginem
1155 4365 1280 4415 habuisse
1294 4365 1369 4416 ubso-

195 4444 249 4496 lute
270 4447 361 4494 votum
380 4446 517 4507 perpetuae
537 4443 671 4506 castitatis,
692 4457 803 4509 eamque
820 4445 945 4496 habuisse
966 4443 1190 4496 assecurationem
1208 4443 1370 4492 anaceto

195 4521 222 4572 S.
238 4520 353 4584 losepho
372 4518 445 4583 quod
459 4531 513 4570 non
528 4523 598 4569 esset
611 4523 752 4570 exacturus
773 4520 905 4585 copulam.
923 4521 1045 4571 conditio
1065 4517 1205 4582 implicita,
1227 4518 1278 4568 nisi
1299 4517 1369 4567 Deus

194 4597 371 4662 dispensative
389 4595 464 4644 aliter
484 4594 627 4656 ordinaret,
644 4595 722 4646 etiarn
744 4611 817 4647 nunc
833 4598 903 4648 inest
918 4597 1003 4647 cuivis
1019 4597 1079 4646 voto
1094 4593 1217 4644 absoluto
1234 4593 1368 4644 castitatis.

195 4671 272 4724 aliud
282 4676 329 4730 est.
340 4669 412 4734 quod
425 4673 576 4721 contractus
588 4686 604 4720 a
612 4671 673 4736 jure
683 4671 725 4722 vel
739 4675 794 4722 arte
809 4673 947 4723 ordinetur
960 4673 994 4722 ad
1009 4671 1098 4730 finem,
1113 4673 1139 4719 et
1150 4669 1222 4720 eliud
1234 4672 1283 4730 est,
1297 4668 1369 4732 quod

199 4747 358 4798 contrahens
371 4746 413 4798 vel
427 4746 521 4799 artilex
539 4761 599 4798 eum
615 4747 694 4800 linem
710 4748 839 4799 intendat.
855 4749 926 4800 lidii.
942 4747 1042 4800 Girolcl.
