3508 5568
556 617 644 666 ursan
664 619 803 674 orsurus
821 620 1039 668 accamanus.
1350 605 1392 668 73
1440 681 1445 686 Ι
1565 638 1572 654 ·

212 739 278 806 nisi
292 742 326 803 vi
342 737 482 804 dominii
497 735 557 804 alti
577 757 620 803 ex
635 740 730 820 justa
748 742 783 803 et
795 738 893 820 gravi
907 755 1011 816 causa
1025 758 1033 802 ε
1049 753 1131 805 uam
1150 738 1241 822 Papa
1263 738 1390 822 ligatur

208 850 286 931 jure
300 845 461 923 naturali,
482 863 593 930 neque
616 847 674 929 jus
696 845 792 912 alteri
818 845 1002 930 quaesitum
1028 845 1147 913 tollere
1172 851 1302 931 potest,
1322 847 1388 912 nisi

212 955 517 1039 adsitjustacausa
531 955 703 1021 sufficiens
716 955 759 1020 ad
781 955 1009 1020 irritationem
1028 955 1150 1041 prioris
1171 973 1385 1022 consensus:

212 1063 301 1146 quia,
323 1062 513 1128 irritatione
534 1064 631 1139 lacta,
662 1061 825 1128 indirecte
841 1061 971 1128 tollitur
995 1062 1156 1145 obligatio
1177 1064 1388 1148 sponsalium

210 1190 272 1253 per
286 1171 547 1236 subductionem
561 1170 723 1235 materiae.
740 1169 817 1235 llaec
830 1174 946 1235 tamen
964 1175 1116 1254 potestas
1139 1170 1294 1236 irritandi
1316 1189 1388 1237 non

211 1285 264 1346 est
276 1297 439 1346 concessa
452 1280 620 1364 episcopo,
638 1278 860 1362 utcolligitur
875 1298 919 1344 ex
932 1297 961 1344 c.
978 1281 1028 1356 l0,
1052 1280 1094 1346 da
1115 1279 1288 1367 Spectat,
1306 1297 1386 1346 curn

207 1390 265 1472 jus
280 1387 460 1472 puaesitnm
476 1386 592 1452 tollere
607 1404 677 1452 non
690 1387 808 1470 possit,
826 1386 892 1451 nisi
906 1405 1087 1469 supremus
1099 1388 1268 1473 princeps.
1296 1389 1307 1410 ²

251 1495 350 1578 Resp.
367 1496 397 1559 3.
421 1493 599 1578 Sponsalia
622 1495 740 1577 priora
762 1512 833 1560 non
856 1493 1090 1560 dissolvuntur
1113 1513 1175 1579 per
1197 1495 1388 1580 posteriora

150 1611 153 1620 '
207 1604 331 1684 jurata,
347 1601 403 1668 vel
416 1620 478 1686 per
489 1601 647 1684 capulam
661 1603 796 1666 llrmata
813 1621 820 1665 :
835 1601 882 1666 ita
896 1619 1020 1668 comm.
1044 1620 1088 1667 ex
1106 1620 1134 1667 c.
1153 1603 1196 1676 22
1216 1608 1252 1667 et
1272 1603 1325 1679 31,
1345 1604 1387 1668 de

174 1795 178 1803 ι
210 1710 330 1795 Spona.
346 1709 442 1775 Ratio
456 1709 569 1792 primi,
586 1709 665 1794 quia
674 1727 737 1793 per
752 1708 924 1792 sponsalia
937 1709 1052 1792 priora
1065 1711 1123 1793 jus
1135 1711 1387 1777 matrimoniale

210 1821 263 1884 est
275 1817 335 1883 uni
348 1817 575 1900 promissum3
593 1835 675 1898 ergo
692 1816 823 1900 dejure
839 1816 985 1884 naturali
1000 1815 1111 1882 valide
1126 1817 1280 1902 promitti
1290 1817 1388 1884 alteri

209 1929 329 2012 nequit
345 1928 449 1993 etiam
463 1926 645 2004 accedente
657 1929 854 2010 juramento
869 1947 877 2004 ;
902 1927 981 2012 quia
1005 1926 1070 1991 hoo
1095 1926 1131 1991 iu
1151 1927 1388 2011 praejudicium

211 2035 301 2101 tertii
320 2053 390 2101 non
409 2040 504 2100 tenet
520 2053 549 2100 c.
569 2035 624 2112 18,
646 2035 687 2099 de
710 2035 835 2116 larci,
850 2053 894 2100 ne
920 2033 964 2098 sit
980 2033 1155 2100 uncinum
1173 2034 1386 2120 iniquitatis:

210 2144 300 2210 unde
322 2135 516 2227 posteriora
531 2142 703 2225 sponsalia
719 2148 799 2236 sunt
821 2146 899 2227 jure
922 2143 1069 2208 naturali
1089 2142 1249 2222 invalida,
1275 2163 1387 2230 neque

210 2251 375 2334 obligant,
392 2252 457 2318 etsi
468 2250 583 2334 priora
597 2251 886 2327 dissolverentur3
903 2250 970 2315 nisi
982 2268 1045 2334 per
1066 2249 1222 2316 accidens
1246 2251 1389 2320 subhac

211 2360 406 2428 conditione
421 2359 504 2426 inita
517 2359 674 2437 fuissent,
689 2364 727 2424 ut
741 2359 906 2436 valerent,
923 2360 951 2424 si
971 2359 1087 2443 priora
1106 2359 1385 2426 dissolverentur.

209 2468 306 2535 Ratio
326 2468 477 2546 secundi,
503 2469 582 2552 quia
603 2468 724 2552 copula
744 2467 860 2534 illicita
880 2484 950 2532 non
976 2467 1095 2532 tribuit
1114 2470 1172 2551 jus
1194 2466 1388 2533 resolvendi

209 2577 357 2661 priorem
365 2581 587 2654 contractum,
600 2565 713 2661 neque
722 2594 783 2660 per
792 2575 886 2640 illam
895 2575 967 2642 tolli
977 2575 1079 2640 debet
1085 2577 1143 2659 jus
1154 2575 1251 2642 alteri
1261 2594 1387 2660 sponso

211 2686 407 2774 quaesitum
425 2704 518 2767 ergo.
534 2686 657 2770 Excipe
672 2685 786 2751 locum
805 2686 863 2750 ubi
878 2685 965 2750 Trid.
985 2702 1056 2750 non
1072 2685 1167 2767 viget
1187 2705 1194 2748 :
1215 2685 1261 2752 ibi
1282 2686 1386 2764 enim,

211 2795 239 2859 si
252 2795 374 2879 copula
386 2797 476 2861 facta
491 2800 544 2862 est
560 2795 685 2861 affectu
703 2795 887 2879 conjugali,
911 2793 1082 2879 sponsalia
1107 2795 1258 2872 secunda
1279 2799 1388 2860 trans-

211 2907 295 2969 eunt
307 2903 343 2968 in
357 2903 624 2998 matrimonium.
646 2902 684 2968 111
703 2902 762 2968 illo
776 2921 858 2970 casu
882 2920 950 2988 quo
972 2921 1100 2986 sponsa
1117 2903 1267 2969 secunda
1285 2902 1388 2970 dello-

210 3017 294 3092 rato,
309 3012 429 3093 ignara
441 3012 593 3096 priorum
608 3009 828 3096 sponsalium,
844 3015 1019 3100 pateretur
1032 3011 1196 3078 damnum
1209 3011 1308 3078 aliter
1317 3031 1388 3080 non

208 3120 407 3205 reparabile,
423 3121 489 3188 uisi
503 3140 564 3205 per
577 3121 845 3197 matrimonium,
862 3138 989 3203 sponsa
1002 3120 1106 3205 prior,
1121 3119 1244 3186 saltem
1255 3139 1299 3186 ex
1311 3121 1387 3186 cha·

209 3229 324 3307 ritate,
343 3235 520 3298 teneretur
532 3229 706 3294 remittere
717 3231 775 3312 jus
789 3247 907 3308 suum,
925 3234 964 3292 ut
981 3225 1080 3295 docet
1094 3227 1243 3293 Sanchez
1264 3249 1271 3292 :
1291 3225 1387 3294 adid
1444 3212 1448 3217 ’

210 3337 375 3404 tamenin
390 3337 502 3420 rigore
518 3337 560 3402 ab
576 3337 736 3421 episcopo
750 3336 827 3418 cogi
842 3353 912 3401 non
934 3339 1074 3421 posset:
1097 3335 1177 3420 quia
1199 3353 1269 3401 uon
1286 3353 1388 3419 appa-

210 3451 263 3513 ret
273 3450 331 3532 jus
345 3446 471 3532 aliquid
486 3447 617 3513 ratione
632 3449 731 3529 cujus
756 3451 899 3529 cogatur
916 3445 1038 3530 aliquis
1064 3445 1185 3511 cedere
1208 3445 1286 3528 jure
1311 3461 1385 3519 suo,

212 3560 249 3620 ut
267 3555 444 3639 proximus
465 3573 485 3620 a
504 3555 601 3637 gravi
621 3554 747 3620 damno
766 3554 940 3619 liberetur.
967 3552 1006 3618 ln
1024 3553 1121 3637 praxi
1135 3553 1314 3638 parochus,
1333 3551 1389 3618 vel

213 3663 391 3748 episcopus
412 3663 555 3736 suadere
571 3665 685 3746 potest
705 3661 920 3728 amicabilem
943 3661 1240 3744 compositionem,
1265 3660 1293 3724 si
1315 3661 1389 3726 haec

212 3771 256 3835 sit
273 3769 453 3855 possibilis.
523 3769 524 3772 ’
677 3757 678 3760 '

248 3910 334 3968 Dices
353 3907 514 3967 :conditio
533 3908 684 3967 defloratae
701 3912 748 3967 est
767 3906 958 3967 favorabilior
983 3910 1013 3964 et
1040 3905 1174 3980 equitati
1195 3905 1388 3978 conformior,

213 3997 284 4071 quia
303 3997 363 4056 ista
377 4003 470 4058 certat
484 3998 521 4057 dc
535 3999 645 4058 damac
664 3996 796 4056 1111111110.
813 3999 901 4070 flesp.
920 3999 993 4071 Nep.
1009 4000 1089 4068 ant.;
1108 4011 1178 4056 nam
1196 3997 1285 4056 etiarn
1308 3999 1389 4071 pn'or

213 4101 327 4161 sponsa
340 4093 432 4146 certat
445 4089 481 4148 de
496 4089 605 4148 damno
620 4088 753 4159 vitando,
771 4103 808 4146 ne
819 4087 887 4161 J'ure
898 4087 1027 4162 quaesito
1039 4087 1205 4161 spolietur:
1222 4087 1283 4147 imo
1293 4089 1320 4147 sl
1336 4105 1389 4162 por

214 4177 288 4239 tales
308 4179 518 4238 deflorationes
542 4179 643 4253 priora
666 4178 821 4253 sponsalia
842 4179 1041 4250 solverentur,
1063 4179 1124 4238 lata
1138 4184 1221 4237 esset
1240 4183 1326 4252 porta
1351 4180 1387 4240 cd

214 4267 444 4327 dissolutionem
460 4269 592 4342 plurium
607 4269 806 4344 sponsalium.

254 4423 353 4508 Reep.
370 4424 400 4488 1.
411 4425 587 4508 sponsalia
599 4445 661 4510 per
670 4427 883 4510 subsequens
894 4426 1151 4492 matrimonium
1160 4441 1239 4489 cum
1254 4423 1320 4491 alia
1328 4426 1390 4490 ini-

214 4535 288 4598 tum
301 4531 520 4618 probabiliter
532 4551 602 4599 non
617 4534 807 4613 solvuntur,
823 4534 885 4600 sed
897 4538 1030 4599 tanturn
1045 4530 1302 4618 suspenduntur
1322 4553 1329 4596 :
1343 4533 1391 4600 ita

213 4639 349 4706 Adrion.
366 4641 468 4724 Vaga,
487 4642 648 4719 Schmier,
665 4643 827 4709 Scbmalz.
841 4647 875 4709 ct
889 4643 946 4708 alii
958 4647 1077 4710 contra
1089 4641 1249 4719 Sanchez,
1260 4641 1388 4726 Laym„

218 4748 369 4827 Guttier.,
389 4755 466 4828 etc,
482 4768 629 4834 quorum
645 4751 814 4820 sententia
833 4756 887 4820 est
904 4769 1001 4836 aeque
1016 4749 1210 4835 probabilis.
1227 4787 1265 4799 -
1290 4749 1387 4818 Proh.
