3514 5564
537 617 626 662 irena
647 619 782 672 ausurus
803 617 1019 666 nacnnrnnruu.
1307 603 1365 668 tea

87 777 92 794 .
202 741 298 808 potest
312 735 413 794 omnia
423 750 480 795 sua
488 735 619 808 pretiosa
628 739 764 810 Augusto
772 735 882 795 donare
892 735 1023 810 (Konig);
1039 737 1069 793 40
1079 735 1257 796 donationes
1269 751 1365 798 remu-

200 826 366 897 necatoriae,
381 825 470 884 modo
483 839 542 884 non
558 826 620 902 sint
634 825 812 894 excessivae;
838 840 908 884 cum
929 840 990 883 non
1009 825 1072 884 sint
1085 826 1213 899 propriae
1228 827 1365 886 donatio-

199 929 254 972 nes
269 931 306 972 ex
320 929 401 974 mera
411 913 623 989 liberalitatetl.
634 919 655 980 t,
669 921 712 986 tr,
724 915 754 974 ti.
768 915 804 974 de
814 916 947 987 Donat.);
963 921 991 972 50
1006 915 1171 988 repudiatio
1185 916 1365 976 baereditatis

198 1003 244 1062 vel
256 1003 347 1078 iegati
359 1003 437 1062 iacta
450 1004 481 1060 in
498 1004 624 1078 gratiam
636 1005 740 1062 uxoris
757 1003 937 1075 substitutae,
948 1018 1009 1078 qua
1021 1004 1184 1077 repudians
1194 1020 1253 1063 non
1269 1007 1366 1079 perdit

198 1091 234 1150 dc
245 1107 312 1164 suo,
328 1094 382 1152 scd
396 1098 512 1152 autum
524 1107 584 1151 non
599 1093 726 1166 acquirit
740 1094 770 1164 (i.
785 1097 844 1164 Vll,
858 1097 873 1163 5
889 1097 930 1157 tt,
951 1096 993 1162 tt,
1008 1091 1039 1150 tr.
1052 1093 1082 1150 b.
1099 1094 1146 1165 t.);
1161 1098 1190 1150 60
1204 1095 1302 1152 cessio
1316 1095 1363 1154 lu-

199 1199 317 1242 crorum
335 1189 404 1242 ante
427 1185 547 1257 nuptias
561 1183 639 1242 iacta
658 1198 695 1244 cx
713 1189 815 1258 pacto,
833 1184 904 1257 quia
922 1183 983 1240 vim
1001 1182 1091 1242 babet
1108 1189 1280 1244 contractus
1296 1200 1366 1244 one-

198 1273 276 1343 rosi;
303 1277 334 1332 at
349 1279 417 1348 post
435 1275 566 1347 nuptias,
578 1273 631 1332 ubi
642 1273 694 1347 jus
714 1274 875 1348 quesitum
890 1278 936 1332 est
958 1273 995 1332 ad
1010 1274 1094 1332 luera
1107 1273 1289 1346 communia,
1303 1289 1364 1333 non

198 1367 297 1436 potest
307 1363 370 1420 fieri
387 1362 455 1422 talis
466 1363 574 1432 cessio,
592 1364 661 1437 quia
677 1378 729 1436 per
743 1363 824 1422 iilam
840 1363 1054 1436 patrimonium
1068 1363 1201 1422 cedentis
1221 1364 1363 1423 diminui-

199 1459 262 1524 tur;
283 1453 338 1512 dos
356 1457 454 1512 amen
473 1466 534 1510 non
554 1453 672 1523 tradita,
693 1453 779 1510 uxori
793 1451 901 1510 remitti
917 1458 1015 1526 potest
1032 1453 1062 1526 (l.
1085 1455 1154 1524 tvi,
1173 1451 1206 1510 ir.
1226 1453 1256 1510 b.
1279 1459 1300 1510 t.
1321 1459 1364 1525 te,

197 1556 225 1598 v.
241 1541 299 1600 Sed
313 1542 380 1614 etsi,
395 1557 421 1600 c.
437 1542 472 1602 de
482 1543 589 1601 Donet.
604 1546 674 1601 eote
689 1541 796 1614 eapti.

233 1632 321 1704 Resp.
331 1635 357 1688 3.
371 1632 530 1690 t⁰Donatio
539 1631 679 1701 invalida,
689 1632 784 1690 sinon
793 1635 957 1702 revocetur,
969 1635 1063 1690 morte
1073 1629 1213 1689 donantis
1223 1630 1364 1706 conjugis

197 1720 479 1794 convalescittcdn.
488 1721 517 1778 b.
526 1727 561 1792 t,
571 1719 789 1794 l.xitllt,§t,ii.
801 1725 831 1778 et
840 1720 859 1778 l.
868 1723 950 1792 xxv,
961 1736 988 1780 c.
1001 1721 1091 1791 cod),
1102 1734 1171 1778 nam
1184 1725 1256 1780 tunc
1266 1726 1365 1780 cessat
1415 1709 1419 1718 ’

198 1811 341 1869 motivum
354 1810 574 1882 prohibitionis,
588 1811 702 1870 scilicet
716 1825 754 1870 ne
767 1824 852 1868 amor
866 1811 1028 1886 conjugum
1044 1811 1084 1870 sit
1097 1811 1269 1882 venantius,
1281 1811 1365 1870 durn-

198 1900 287 1958 modo
303 1900 423 1958 donatio
441 1905 493 1958 500
509 1900 622 1960 solidos
637 1901 784 1958 excedens
794 1899 872 1958 sacta
885 1899 976 1958 fucrit
987 1915 1055 1960 cum
1068 1899 1271 1958 insinuatione
1285 1901 1365 1974 apud

195 1989 326 2062 judicem
338 1995 367 2048 et
378 2005 426 2051 res
434 1991 544 2049 donata
556 1991 595 2048 sit
604 1990 783 2049 saltemsrcte
798 1991 905 2049 tradita
917 1991 1071 2050 donatario
1085 1989 1114 2065 (t.
1130 1989 1364 2064 xx1u‚u.b.t.)‚

197 2092 336 2151 quocasu
350 2077 439 2137 etiem
452 2079 569 2138 fructus
584 2078 626 2138 rei
636 2079 753 2138 donatae
767 2078 842 2138 dunt
857 2079 1018 2150 donatarii;
1030 2079 1101 2153 quia
1118 2079 1303 2138 confirmatio
1314 2095 1367 2153 per

194 2174 319 2227 mortem
336 2168 542 2228 retrotrahitur
557 2169 593 2228 ad
608 2173 727 2242 tempus
740 2165 800 2242 que
812 2168 955 2227 donatum
969 2169 1027 2227 tuit
1040 2171 1077 2242 (c.
1098 2173 1142 2237 25,
1163 2184 1189 2227 c.
1205 2168 1234 2226 b.
1259 2175 1281 2226 t.
1299 2169 1364 2241 bt).

194 2265 223 2316 t·
234 2259 323 2316 Morte
338 2257 417 2316 civili
441 2257 592 2328 donantis,
609 2258 679 2317 licet
698 2258 820 2316 donatio
841 2257 1032 2326 confirmetur
1047 2263 1185 2330 respectu
1199 2259 1278 2330 fisci,
1292 2265 1326 2316 ut
1339 2260 1366 2318 is

194 2363 259 2408 cam
275 2362 412 2407 revocare
428 2363 488 2406 non
506 2347 616 2421 possit,
637 2353 814 2406 nontamen
835 2346 1030 2405 confirmatur
1054 2353 1192 2419 respectu
1212 2349 1366 2419 donantis,

197 2439 269 2511 quia
279 2439 306 2497 is
318 2438 407 2497 bodie
421 2452 482 2496 non
498 2437 538 2496 sit
547 2453 651 2498 servus
667 2453 782 2511 pcanae3
801 2437 825 2496 si
841 2452 912 2496 vero
926 2438 1024 2496 iactus
1039 2441 1086 2496 est
1099 2451 1205 2496 servus
1223 2437 1367 2508 hominia,

194 2529 239 2586 vel
254 2529 427 2603 religiosus
442 2528 563 2588 donatio
584 2528 758 2586 auctoritate
776 2528 890 2586 domini
905 2527 950 2585 vel
965 2527 1077 2600 praelati
1099 2527 1230 2586 revocari
1251 2531 1365 2600 potest;

195 2618 253 2676 uisi
265 2618 371 2692 religio
386 2618 513 2692 incapax
522 2623 607 2676 esset
617 2617 820 2677 successionis
830 2636 837 2675 :
847 2617 958 2676 itabaec
969 2621 1142 2677 statuuntur
1155 2617 1176 2675 l.
1192 2620 1285 2683 xxlv,
1298 2631 1366 2677 curu

125 2751 128 2756 -
195 2723 258 2781 seq.
276 2707 370 2778 autb,
386 2714 415 2766 et
429 2708 450 2764 i.
465 2710 549 2779 xxv,
565 2723 590 2766 c.
608 2707 638 2765 b.
654 2712 673 2764 t.

237 2862 279 2912 111.
295 2858 411 2922 Quando
427 2859 476 2912 doe
492 2835 582 2924 repeti
595 2857 692 2923 possit,
710 2859 739 2910 et
753 2870 816 2924 qua
830 2857 946 2910 veniant
960 2857 989 2910 in
1004 2856 1077 2910 dotis
1092 2855 1321 2940 restitutionem?

231 2985 318 3054 Hesp.
335 2987 362 3036 1⁰
382 2983 442 3040 Dos
463 2979 640 3055 regulariter
657 2979 810 3052 repetitur,
824 2979 923 3038 seluto
943 2978 1134 3037 matrimonio
1148 2977 1186 3052 (c.
1204 2978 1258 3036 fin.
1277 2977 1306 3035 b.
1322 2983 1366 3049 t),

194 3071 266 3144 quia
279 3076 380 3129 cessat
393 3085 485 3128 causa
501 3069 673 3128 sustinendi
689 3083 781 3128 onera
799 3069 981 3127 matrimonii
991 3113 998 3139 ,
1008 3068 1074 3132 ,nisi
1089 3074 1269 3126 conventum
1278 3069 1318 3127 sit
1331 3071 1368 3128 dc

196 3161 264 3219 dote
279 3157 424 3219 lucranda
437 3159 466 3232 (l.
483 3161 517 3229 ii,
531 3175 557 3217 c.
570 3158 605 3218 de
616 3159 698 3218 Pect.
711 3158 866 3230 converet).
883 3160 1042 3216 Constante
1057 3164 1154 3216 autern
1166 3159 1366 3231 matrimonio,

195 3250 250 3308 dos
265 3251 297 3306 in
308 3249 404 3308 tribus
418 3248 538 3308 casibus
552 3249 646 3322 repeti
661 3253 759 3321 potest
781 3267 788 3305 :
811 3248 837 3306 si
860 3248 985 3306 maritus
1004 3262 1060 3306 sua
1076 3247 1165 3320 culpa
1184 3249 1221 3306 ad
1236 3248 1367 3320 inopiam

195 3343 314 3413 vergat,
339 3337 366 3396 si
389 3351 507 3411 poenam
530 3337 755 3396 confiscationis
774 3337 913 3410 patiatur,
936 3336 964 3395 si
988 3351 1063 3395 uxor
1089 3351 1149 3394 non
1165 3335 1272 3396 babeat
1287 3339 1367 3396 undc

195 3429 255 3488 alat
269 3428 379 3488 liberos
394 3429 503 3501 prioris
518 3427 709 3498 matrimonii,
727 3431 875 3501 parentes,
891 3427 1035 3484 iratrcset
1047 3441 1167 3484 sereres
1177 3425 1208 3499 (l.
1225 3429 1321 3497 xxiv,
1334 3426 1365 3485 u.

194 3518 288 3578 Solet.
299 3524 402 3587 metr,
420 3518 439 3574 l.
451 3519 546 3587 xxxi,
562 3517 650 3588 eod),
663 3516 722 3575 nisi
739 3515 864 3574 maritus
880 3515 917 3572 ad
929 3513 1061 3587 inopiam
1073 3529 1202 3588 vergens
1216 3514 1366 3574 veiitdare

195 3607 404 3680 fidejussorem
432 3622 493 3680 quo
516 3621 588 3665 casu
609 3605 702 3678 juder
729 3603 922 3663 arbitrabitur
946 3618 984 3662 an
1006 3603 1062 3662 des
1087 3619 1240 3662 remanere
1261 3604 1367 3664 debeat

196 3698 274 3773 apud
291 3697 442 3768 maritum,
457 3697 503 3755 vel
521 3697 628 3771 deponi
647 3697 724 3770 apud
739 3701 935 3768 sequestrem,
962 3698 996 3754 ut
1009 3695 1036 3753 is
1056 3696 1163 3753 marite
1184 3695 1301 3754 tructus
1316 3697 1366 3754 det

79 3783 82 3786 ’
196 3803 251 3860 pre
270 3787 458 3849 sustinendis
475 3786 617 3845 oneribus
632 3785 814 3844 matrimonii
834 3803 842 3842 ε
868 3785 909 3843 ita
924 3799 990 3842 can.
1006 3799 1043 3842 ex
1056 3800 1082 3842 c.
1096 3788 1113 3840 7
1128 3784 1158 3841 b.
1182 3789 1215 3854 t.,
1234 3785 1304 3844 licet
1324 3784 1364 3844 le·

196 3879 283 3952 gisiae
309 3875 399 3934 velint
425 3878 456 3935 in
480 3891 553 3935 casu
573 3875 683 3948 iuopiae
703 3874 800 3933 dotem
822 3887 882 3931 non
903 3889 970 3933 esse
990 3873 1216 3948 relinquendam
1246 3875 1364 3932 marito.

196 3971 225 4022 2⁰
239 3970 270 4025 ln
291 3963 510 4024 restitutionem
527 3965 605 4024 detis
623 3964 705 4022 venit
724 3963 868 4045 quidquid
890 3963 1016 4021 maritus
1035 3962 1113 4032 delo,
1133 3961 1179 4020 vel
1201 3963 1289 4036 culpa
1307 3963 1366 4021 lata

195 4062 247 4115 aut
261 4055 329 4126 levi,
345 4056 376 4113 in
391 4071 422 4113 re
435 4055 531 4118 dotali
541 4055 610 4113 iecit
626 4055 653 4121 ti.
667 4056 750 4124 xvu,
766 4053 796 4110 u.
818 4052 852 4111 de
869 4053 942 4112 lare
956 4051 1038 4124 dot).
1060 4052 1089 4110 Si
1105 4053 1297 4126 quantitates,
1319 4053 1365 4111 vel

196 4159 321 4218 corpora
339 4159 391 4217 per
405 4145 527 4202 modurn
549 4143 729 4202 venditionis
750 4142 905 4213 estimato,
926 4142 1077 4214 perierunt
1099 4141 1233 4212 fortuito,
1249 4143 1365 4215 pericu-

196 4236 259 4294 turn
274 4240 321 4294 est
334 4235 445 4304 mariti,
458 4240 600 4306 tanquam
618 4233 743 4304 domini,
758 4233 893 4306 adeoque
909 4232 1135 4290 aestimationem
1150 4232 1308 4290 restituere
1320 4232 1367 4290 de-

196 4327 256 4385 bet.
271 4327 300 4385 Si
315 4331 414 4386 autem
430 4339 479 4384 res
495 4325 668 4394 immobilis,
684 4325 728 4382 vel
744 4325 863 4382 mobilis
879 4339 939 4382 nou
954 4323 1121 4398 iungibiiis,
1142 4338 1203 4380 non
1224 4323 1369 4382 aestimata

197 4431 251 4488 per
263 4417 383 4474 modum
399 4415 593 4484 venditionis,
608 4429 679 4474 casu
695 4415 792 4487 periit,
806 4415 947 4472 damnum
963 4419 1010 4472 cst
1024 4413 1138 4482 uxoris
1153 4417 1295 4485 tauquam
1315 4413 1366 4470 do-

199 4506 298 4573 minae,
316 4509 345 4562 at
356 4517 480 4575 conseq.
492 4517 550 4560 nou
569 4503 650 4560 venit
664 4503 693 4559 in
706 4503 922 4560 restitutionem
935 4502 1024 4559 dotis.
1038 4499 1194 4574 Privilcgia
1209 4499 1288 4559 dotis
1301 4500 1367 4560 vide

136 4587 138 4592 ’
199 4595 249 4653 tib.
266 4597 312 4664 lii,
323 4594 368 4651 tit.
377 4593 412 4652 de
423 4595 544 4666 ripuar.
554 4597 583 4650 3⁰
597 4596 629 4650 in
641 4592 825 4650 restituenda
838 4592 906 4650 dote
915 4591 1020 4649 marito
1035 4591 1175 4663 competit
1190 4590 1366 4650 beneficium

199 4699 253 4742 seu
269 4683 400 4755 exceptio
414 4683 628 4755 emperantia,
643 4697 680 4739 ne
692 4682 759 4756 cogi
774 4683 873 4755 possit
886 4681 917 4738 in
940 4680 1082 4748 solidum,
1102 4680 1155 4738 sed
1175 4679 1204 4736 in
1220 4685 1366 4752 quantum

198 4779 306 4848 petest,
329 4774 412 4834 saiva
431 4788 488 4833 sua
505 4775 633 4832 honesta
651 4779 681 4832 ct
701 4771 879 4845 competenti
902 4769 1121 4833 sustentatione
1141 4769 1202 4844 (tib.
1219 4772 1364 4840 tt111‚xv‚
