<?xml version="1.0" encoding="UTF-8"?>
<!DOCTYPE html PUBLIC "-//W3C//DTD XHTML 1.0 Transitional//EN"
    "http://www.w3.org/TR/xhtml1/DTD/xhtml1-transitional.dtd">
<html xmlns="http://www.w3.org/1999/xhtml" xml:lang="en" lang="en">
 <head>
  <title>
</title>
<meta http-equiv="Content-Type" content="text/html;charset=utf-8" />
  <meta name='ocr-system' content='tesseract 3.04.00' />
  <meta name='ocr-capabilities' content='ocr_page ocr_carea ocr_par ocr_line ocrx_word'/>
</head>
<body>
  <div class='ocr_page' id='page_1' title='image "./juscanonicumjux01grangoog/juscanonicumjux01grangoog_0279.png"; bbox 0 0 3482 5560; ppageno 0'>
   <div class='ocr_carea' id='block_1_1' title="bbox 411 535 1379 608">
    <p class='ocr_par' dir='ltr' id='par_1_1' title="bbox 411 535 1379 608">
     <span class='ocr_line' id='line_1_1' title="bbox 411 535 1379 608; baseline 0.007 -13"><span class='ocrx_word' id='word_1_1' title='bbox 411 542 413 548; x_wconf 80' lang='grc'><em>’</em></span> <span class='ocrx_word' id='word_1_2' title='bbox 544 551 631 598; x_wconf 81' lang='lat' dir='ltr'>cisse</span> <span class='ocrx_word' id='word_1_3' title='bbox 653 551 781 608; x_wconf 78' lang='lat' dir='ltr'>omarus</span> <span class='ocrx_word' id='word_1_4' title='bbox 802 548 1024 598; x_wconf 77' lang='lat' dir='ltr'>cesseramus.</span> <span class='ocrx_word' id='word_1_5' title='bbox 1319 535 1379 602; x_wconf 68' lang='lat'>269</span> 
     </span>
    </p>
   </div>
   <div class='ocr_carea' id='block_1_2' title="bbox 200 669 1434 4546">
    <p class='ocr_par' dir='ltr' id='par_1_2' title="bbox 205 669 1382 1840">
     <span class='ocr_line' id='line_1_2' title="bbox 207 669 1377 756; baseline 0.008 -24"><span class='ocrx_word' id='word_1_6' title='bbox 207 669 395 754; x_wconf 90' lang='lat' dir='ltr'>temporali,</span> <span class='ocrx_word' id='word_1_7' title='bbox 418 670 480 735; x_wconf 90' lang='lat' dir='ltr'>sed</span> <span class='ocrx_word' id='word_1_8' title='bbox 503 671 669 738; x_wconf 74' lang='lat' dir='ltr'><strong>duntaxat</strong></span> <span class='ocrx_word' id='word_1_9' title='bbox 692 673 780 756; x_wconf 77' lang='lat' dir='ltr'>Juris</span> <span class='ocrx_word' id='word_1_10' title='bbox 802 672 1029 750; x_wconf 87' lang='lat' dir='ltr'>ecclesiastici,</span> <span class='ocrx_word' id='word_1_11' title='bbox 1046 675 1147 755; x_wconf 85' lang='lat' dir='ltr'>juxta</span> <span class='ocrx_word' id='word_1_12' title='bbox 1164 692 1193 739; x_wconf 92' lang='lat' dir='ltr'>c.</span> <span class='ocrx_word' id='word_1_13' title='bbox 1214 675 1255 740; x_wconf 82' lang='lat' dir='ltr'>to</span> <span class='ocrx_word' id='word_1_14' title='bbox 1271 677 1305 740; x_wconf 93' lang='lat' dir='ltr'>h.</span> <span class='ocrx_word' id='word_1_15' title='bbox 1328 679 1377 741; x_wconf 92' lang='lat' dir='ltr'>tit.</span> 
     </span>
     <span class='ocr_line' id='line_1_3' title="bbox 205 777 1380 867; baseline 0.006 -24"><span class='ocrx_word' id='word_1_16' title='bbox 205 777 397 843; x_wconf 73' lang='lat' dir='ltr'>Notandum</span> <span class='ocrx_word' id='word_1_17' title='bbox 412 784 591 846; x_wconf 87' lang='lat' dir='ltr'>esttamen</span> <span class='ocrx_word' id='word_1_18' title='bbox 606 781 697 866; x_wconf 90' lang='lat' dir='ltr'>quod</span> <span class='ocrx_word' id='word_1_19' title='bbox 710 783 900 864; x_wconf 81' lang='lat' dir='ltr'><strong>generatim</strong></span> <span class='ocrx_word' id='word_1_20' title='bbox 914 783 1161 847; x_wconf 90' lang='lat' dir='ltr'>monasterium</span> <span class='ocrx_word' id='word_1_21' title='bbox 1175 782 1302 867; x_wconf 88' lang='lat' dir='ltr'>aliquid</span> <span class='ocrx_word' id='word_1_22' title='bbox 1318 803 1380 867; x_wconf 91' lang='lat' dir='ltr'>pro</span> 
     </span>
     <span class='ocr_line' id='line_1_4' title="bbox 207 886 1381 974; baseline 0.007 -25"><span class='ocrx_word' id='word_1_23' title='bbox 207 886 454 952; x_wconf 67' lang='lat' dir='ltr'>sustentatione</span> <span class='ocrx_word' id='word_1_24' title='bbox 480 889 690 954; x_wconf 89' lang='lat' dir='ltr'>novitiorum</span> <span class='ocrx_word' id='word_1_25' title='bbox 711 890 849 972; x_wconf 80' lang='lat' dir='ltr'>exigere</span> <span class='ocrx_word' id='word_1_26' title='bbox 867 893 991 972; x_wconf 91' lang='lat' dir='ltr'>potest,</span> <span class='ocrx_word' id='word_1_27' title='bbox 1010 889 1090 974; x_wconf 91' lang='lat' dir='ltr'>quia</span> <span class='ocrx_word' id='word_1_28' title='bbox 1105 891 1161 956; x_wconf 86' lang='lat' dir='ltr'>isti</span> <span class='ocrx_word' id='word_1_29' title='bbox 1182 891 1292 956; x_wconf 88' lang='lat' dir='ltr'>adbuc</span> <span class='ocrx_word' id='word_1_30' title='bbox 1311 909 1381 957; x_wconf 92' lang='lat' dir='ltr'>non</span> 
     </span>
     <span class='ocr_line' id='line_1_5' title="bbox 206 993 1382 1082; baseline 0.005 -24"><span class='ocrx_word' id='word_1_31' title='bbox 206 994 379 1077; x_wconf 75' lang='lat' dir='ltr'>pertinent</span> <span class='ocrx_word' id='word_1_32' title='bbox 398 994 441 1058; x_wconf 88' lang='lat' dir='ltr'>ad</span> <span class='ocrx_word' id='word_1_33' title='bbox 461 993 665 1076; x_wconf 83' lang='lat' dir='ltr'>religionem</span> <span class='ocrx_word' id='word_1_34' title='bbox 687 1001 722 1062; x_wconf 91' lang='lat' dir='ltr'>et</span> <span class='ocrx_word' id='word_1_35' title='bbox 737 1014 800 1079; x_wconf 91' lang='lat' dir='ltr'>pro</span> <span class='ocrx_word' id='word_1_36' title='bbox 819 996 918 1062; x_wconf 90' lang='lat' dir='ltr'>libitu</span> <span class='ocrx_word' id='word_1_37' title='bbox 942 997 1116 1064; x_wconf 79' lang='lat' dir='ltr'>discedere</span> <span class='ocrx_word' id='word_1_38' title='bbox 1136 1004 1299 1082; x_wconf 88' lang='lat' dir='ltr'>possunt;</span> <span class='ocrx_word' id='word_1_39' title='bbox 1321 1000 1382 1064; x_wconf 93' lang='lat' dir='ltr'>sed</span> 
     </span>
     <span class='ocr_line' id='line_1_6' title="bbox 206 1101 1381 1186; baseline 0.004 -21"><span class='ocrx_word' id='word_1_40' title='bbox 206 1101 385 1166; x_wconf 90' lang='lat' dir='ltr'>retinenda</span> <span class='ocrx_word' id='word_1_41' title='bbox 405 1108 459 1167; x_wconf 84' lang='lat' dir='ltr'>est</span> <span class='ocrx_word' id='word_1_42' title='bbox 483 1104 597 1186; x_wconf 80' lang='lat' dir='ltr'>praxis</span> <span class='ocrx_word' id='word_1_43' title='bbox 615 1104 699 1169; x_wconf 92' lang='lat' dir='ltr'>nihil</span> <span class='ocrx_word' id='word_1_44' title='bbox 731 1105 901 1186; x_wconf 79' lang='lat' dir='ltr'>exigendi,</span> <span class='ocrx_word' id='word_1_45' title='bbox 923 1105 981 1169; x_wconf 91' lang='lat' dir='ltr'>ubi</span> <span class='ocrx_word' id='word_1_46' title='bbox 1003 1106 1067 1172; x_wconf 90' lang='lat' dir='ltr'>erit</span> <span class='ocrx_word' id='word_1_47' title='bbox 1084 1106 1290 1184; x_wconf 87' lang='lat' dir='ltr'>introducta,</span> <span class='ocrx_word' id='word_1_48' title='bbox 1317 1108 1381 1172; x_wconf 87' lang='lat' dir='ltr'>etsi</span> 
     </span>
     <span class='ocr_line' id='line_1_7' title="bbox 206 1210 1378 1297; baseline 0.003 -21"><span class='ocrx_word' id='word_1_49' title='bbox 206 1228 300 1276; x_wconf 89' lang='lat' dir='ltr'>conc.</span> <span class='ocrx_word' id='word_1_50' title='bbox 323 1210 410 1276; x_wconf 86' lang='lat' dir='ltr'>Trid.</span> <span class='ocrx_word' id='word_1_51' title='bbox 433 1211 593 1297; x_wconf 88' lang='lat' dir='ltr'>loquatur</span> <span class='ocrx_word' id='word_1_52' title='bbox 611 1215 802 1296; x_wconf 75' lang='lat' dir='ltr'>generatim</span> <span class='ocrx_word' id='word_1_53' title='bbox 829 1215 871 1279; x_wconf 94' lang='lat' dir='ltr'>de</span> <span class='ocrx_word' id='word_1_54' title='bbox 892 1217 1139 1281; x_wconf 74' lang='lat' dir='ltr'>sustentatione</span> <span class='ocrx_word' id='word_1_55' title='bbox 1159 1217 1378 1293; x_wconf 90' lang='lat' dir='ltr'>novitiorum,</span> 
     </span>
     <span class='ocr_line' id='line_1_8' title="bbox 206 1319 1381 1407; baseline 0.006 -24"><span class='ocrx_word' id='word_1_56' title='bbox 206 1319 300 1384; x_wconf 90' lang='lat' dir='ltr'>nullo</span> <span class='ocrx_word' id='word_1_57' title='bbox 324 1319 414 1385; x_wconf 88' lang='lat' dir='ltr'>lacto</span> <span class='ocrx_word' id='word_1_58' title='bbox 429 1320 622 1386; x_wconf 90' lang='lat' dir='ltr'>discrimine</span> <span class='ocrx_word' id='word_1_59' title='bbox 644 1322 733 1387; x_wconf 90' lang='lat' dir='ltr'>inter</span> <span class='ocrx_word' id='word_1_60' title='bbox 751 1323 999 1388; x_wconf 83' lang='lat' dir='ltr'>monesterium</span> <span class='ocrx_word' id='word_1_61' title='bbox 1013 1323 1109 1388; x_wconf 86' lang='lat' dir='ltr'>dives</span> <span class='ocrx_word' id='word_1_62' title='bbox 1123 1323 1179 1388; x_wconf 86' lang='lat' dir='ltr'>vel</span> <span class='ocrx_word' id='word_1_63' title='bbox 1192 1323 1301 1407; x_wconf 91' lang='lat' dir='ltr'>inops.</span> <span class='ocrx_word' id='word_1_64' title='bbox 1323 1322 1381 1390; x_wconf 79' lang='lat' dir='ltr'>la·</span> 
     </span>
     <span class='ocr_line' id='line_1_9' title="bbox 206 1427 1381 1498; baseline 0.003 -6"><span class='ocrx_word' id='word_1_65' title='bbox 206 1443 287 1492; x_wconf 92' lang='lat' dir='ltr'>men</span> <span class='ocrx_word' id='word_1_66' title='bbox 301 1427 547 1494; x_wconf 90' lang='lat' dir='ltr'>attendendum</span> <span class='ocrx_word' id='word_1_67' title='bbox 567 1433 619 1494; x_wconf 87' lang='lat' dir='ltr'>est</span> <span class='ocrx_word' id='word_1_68' title='bbox 636 1447 680 1494; x_wconf 92' lang='lat' dir='ltr'>ne</span> <span class='ocrx_word' id='word_1_69' title='bbox 699 1429 762 1494; x_wconf 91' lang='lat' dir='ltr'>dos</span> <span class='ocrx_word' id='word_1_70' title='bbox 784 1429 840 1496; x_wconf 86' lang='lat' dir='ltr'>vel</span> <span class='ocrx_word' id='word_1_71' title='bbox 859 1431 1063 1498; x_wconf 75' lang='lat' dir='ltr'>sustentatio</span> <span class='ocrx_word' id='word_1_72' title='bbox 1084 1430 1381 1498; x_wconf 77' lang='lat' dir='ltr'>indiscriminatim</span> 
     </span>
     <span class='ocr_line' id='line_1_10' title="bbox 205 1529 1382 1623; baseline 0.001 -21"><span class='ocrx_word' id='word_1_73' title='bbox 205 1542 355 1623; x_wconf 69' lang='lat' dir='ltr'>potatum</span> <span class='ocrx_word' id='word_1_74' title='bbox 373 1556 471 1604; x_wconf 91' lang='lat' dir='ltr'>secus</span> <span class='ocrx_word' id='word_1_75' title='bbox 487 1536 604 1602; x_wconf 90' lang='lat' dir='ltr'>multis</span> <span class='ocrx_word' id='word_1_76' title='bbox 617 1538 824 1622; x_wconf 90' lang='lat' dir='ltr'>pauperibus</span> <span class='ocrx_word' id='word_1_77' title='bbox 838 1529 1095 1621; x_wconf 72' lang='lat' dir='ltr'>magis&#39;idoneis</span> <span class='ocrx_word' id='word_1_78' title='bbox 1117 1538 1382 1623; x_wconf 75' lang='lat' dir='ltr'>praecluderetur</span> 
     </span>
     <span class='ocr_line' id='line_1_11' title="bbox 207 1646 1382 1732; baseline -0.001 -20"><span class='ocrx_word' id='word_1_79' title='bbox 207 1648 262 1712; x_wconf 89' lang='lat' dir='ltr'>via</span> <span class='ocrx_word' id='word_1_80' title='bbox 274 1648 317 1714; x_wconf 93' lang='lat' dir='ltr'>ad</span> <span class='ocrx_word' id='word_1_81' title='bbox 327 1653 454 1713; x_wconf 88' lang='lat' dir='ltr'>statum</span> <span class='ocrx_word' id='word_1_82' title='bbox 467 1646 665 1730; x_wconf 80' lang='lat' dir='ltr'>religiosum</span> <span class='ocrx_word' id='word_1_83' title='bbox 678 1667 686 1724; x_wconf 93' lang='lat'>;</span> <span class='ocrx_word' id='word_1_84' title='bbox 702 1646 785 1712; x_wconf 90' lang='lat' dir='ltr'>item</span> <span class='ocrx_word' id='word_1_85' title='bbox 800 1665 845 1712; x_wconf 90' lang='lat' dir='ltr'>ne</span> <span class='ocrx_word' id='word_1_86' title='bbox 856 1647 1015 1712; x_wconf 89' lang='lat' dir='ltr'>inhabilis</span> <span class='ocrx_word' id='word_1_87' title='bbox 1030 1648 1233 1732; x_wconf 88' lang='lat' dir='ltr'>suscipiatur</span> <span class='ocrx_word' id='word_1_88' title='bbox 1241 1652 1382 1732; x_wconf 91' lang='lat' dir='ltr'>propter</span> 
     </span>
     <span class='ocr_line' id='line_1_12' title="bbox 206 1757 397 1840; baseline 0 -18"><span class='ocrx_word' id='word_1_89' title='bbox 206 1757 397 1840; x_wconf 89' lang='lat' dir='ltr'>pecuniam.</span> 
     </span>
    </p>

    <p class='ocr_par' dir='ltr' id='par_1_3' title="bbox 200 1863 1434 4204">
     <span class='ocr_line' id='line_1_13' title="bbox 244 1863 1380 1949; baseline 0.002 -19"><span class='ocrx_word' id='word_1_90' title='bbox 244 1867 270 1948; x_wconf 84' lang='lat' dir='ltr'>a)</span> <span class='ocrx_word' id='word_1_91' title='bbox 292 1865 478 1932; x_wconf 86' lang='lat' dir='ltr'>Pensiones</span> <span class='ocrx_word' id='word_1_92' title='bbox 498 1883 582 1949; x_wconf 86' lang='lat' dir='ltr'>quas</span> <span class='ocrx_word' id='word_1_93' title='bbox 601 1864 713 1931; x_wconf 90' lang='lat' dir='ltr'>clerici</span> <span class='ocrx_word' id='word_1_94' title='bbox 728 1864 850 1929; x_wconf 79' lang='lat' dir='ltr'>divitm</span> <span class='ocrx_word' id='word_1_95' title='bbox 869 1883 890 1930; x_wconf 97' lang='lat' dir='ltr'>a</span> <span class='ocrx_word' id='word_1_96' title='bbox 907 1863 1064 1929; x_wconf 84' lang='lat' dir='ltr'>fidelibus</span> <span class='ocrx_word' id='word_1_97' title='bbox 1084 1864 1227 1946; x_wconf 75' lang='lat' dir='ltr'>exigumt</span> <span class='ocrx_word' id='word_1_98' title='bbox 1247 1866 1380 1932; x_wconf 76' lang='lat' dir='ltr'>radone</span> 
     </span>
     <span class='ocr_line' id='line_1_14' title="bbox 203 1973 1382 2058; baseline 0.001 -21"><span class='ocrx_word' id='word_1_99' title='bbox 203 1974 472 2040; x_wconf 89' lang='lat' dir='ltr'>ministeriorum</span> <span class='ocrx_word' id='word_1_100' title='bbox 486 1973 724 2056; x_wconf 78' lang='lat' dir='ltr'>spiritualium,</span> <span class='ocrx_word' id='word_1_101' title='bbox 741 1977 779 2037; x_wconf 92' lang='lat' dir='ltr'>ut</span> <span class='ocrx_word' id='word_1_102' title='bbox 791 1973 963 2046; x_wconf 81' lang='lat' dir='ltr'>funerum,</span> <span class='ocrx_word' id='word_1_103' title='bbox 980 1973 1289 2050; x_wconf 79' lang='lat' dir='ltr'>matrimoniorum,</span> <span class='ocrx_word' id='word_1_104' title='bbox 1300 1974 1382 2058; x_wconf 87' lang='lat' dir='ltr'>bap-</span> 
     </span>
     <span class='ocr_line' id='line_1_15' title="bbox 203 2080 1381 2162; baseline 0.001 -18"><span class='ocrx_word' id='word_1_105' title='bbox 203 2081 389 2158; x_wconf 89' lang='lat' dir='ltr'>tismatum,</span> <span class='ocrx_word' id='word_1_106' title='bbox 408 2087 484 2158; x_wconf 86' lang='lat' dir='ltr'>etc,</span> <span class='ocrx_word' id='word_1_107' title='bbox 501 2101 571 2148; x_wconf 91' lang='lat' dir='ltr'>non</span> <span class='ocrx_word' id='word_1_108' title='bbox 586 2087 667 2147; x_wconf 88' lang='lat' dir='ltr'>sunt</span> <span class='ocrx_word' id='word_1_109' title='bbox 681 2083 886 2157; x_wconf 82' lang='lat' dir='ltr'>simoniace,</span> <span class='ocrx_word' id='word_1_110' title='bbox 905 2080 969 2146; x_wconf 88' lang='lat' dir='ltr'>etsi</span> <span class='ocrx_word' id='word_1_111' title='bbox 983 2086 1105 2162; x_wconf 75' lang='lat' dir='ltr'>agatur</span> <span class='ocrx_word' id='word_1_112' title='bbox 1119 2081 1161 2147; x_wconf 91' lang='lat' dir='ltr'>de</span> <span class='ocrx_word' id='word_1_113' title='bbox 1175 2081 1278 2146; x_wconf 90' lang='lat' dir='ltr'>modo</span> <span class='ocrx_word' id='word_1_114' title='bbox 1292 2082 1381 2146; x_wconf 89' lang='lat' dir='ltr'>ordi-</span> 
     </span>
     <span class='ocr_line' id='line_1_16' title="bbox 202 2189 1381 2275; baseline 0.001 -20"><span class='ocrx_word' id='word_1_115' title='bbox 202 2191 297 2256; x_wconf 87' lang='lat' dir='ltr'>nario</span> <span class='ocrx_word' id='word_1_116' title='bbox 311 2192 445 2273; x_wconf 76' lang='lat' dir='ltr'>agendi,</span> <span class='ocrx_word' id='word_1_117' title='bbox 462 2209 524 2256; x_wconf 89' lang='lat' dir='ltr'>seu</span> <span class='ocrx_word' id='word_1_118' title='bbox 537 2193 665 2275; x_wconf 83' lang='lat' dir='ltr'>absque</span> <span class='ocrx_word' id='word_1_119' title='bbox 686 2209 812 2275; x_wconf 89' lang='lat' dir='ltr'>pompa</span> <span class='ocrx_word' id='word_1_120' title='bbox 835 2189 986 2274; x_wconf 90' lang='lat' dir='ltr'>speciali,</span> <span class='ocrx_word' id='word_1_121' title='bbox 1005 2195 1040 2256; x_wconf 88' lang='lat' dir='ltr'>et</span> <span class='ocrx_word' id='word_1_122' title='bbox 1054 2190 1112 2273; x_wconf 86' lang='lat' dir='ltr'>qui</span> <span class='ocrx_word' id='word_1_123' title='bbox 1125 2191 1237 2255; x_wconf 89' lang='lat' dir='ltr'>otltcia</span> <span class='ocrx_word' id='word_1_124' title='bbox 1250 2189 1309 2255; x_wconf 91' lang='lat' dir='ltr'>illa</span> <span class='ocrx_word' id='word_1_125' title='bbox 1322 2209 1381 2275; x_wconf 90' lang='lat' dir='ltr'>pe-</span> 
     </span>
     <span class='ocr_line' id='line_1_17' title="bbox 202 2298 1382 2383; baseline 0.001 -20"><span class='ocrx_word' id='word_1_126' title='bbox 202 2299 290 2380; x_wconf 79' lang='lat' dir='ltr'>ragit</span> <span class='ocrx_word' id='word_1_127' title='bbox 300 2299 344 2362; x_wconf 89' lang='lat' dir='ltr'>sit</span> <span class='ocrx_word' id='word_1_128' title='bbox 358 2301 543 2383; x_wconf 89' lang='lat' dir='ltr'>parochus:</span> <span class='ocrx_word' id='word_1_129' title='bbox 558 2317 640 2366; x_wconf 88' lang='lat' dir='ltr'>nam</span> <span class='ocrx_word' id='word_1_130' title='bbox 651 2317 680 2364; x_wconf 91' lang='lat' dir='ltr'>c.</span> <span class='ocrx_word' id='word_1_131' title='bbox 693 2300 732 2363; x_wconf 70' lang='lat'>62</span> <span class='ocrx_word' id='word_1_132' title='bbox 745 2301 779 2364; x_wconf 92' lang='lat' dir='ltr'>h.</span> <span class='ocrx_word' id='word_1_133' title='bbox 794 2299 857 2376; x_wconf 82' lang='lat' dir='ltr'>tit,</span> <span class='ocrx_word' id='word_1_134' title='bbox 872 2298 959 2364; x_wconf 79' lang='lat' dir='ltr'>l&#39;rid.</span> <span class='ocrx_word' id='word_1_135' title='bbox 978 2317 1005 2364; x_wconf 89' lang='lat' dir='ltr'>s.</span> <span class='ocrx_word' id='word_1_136' title='bbox 1019 2298 1069 2374; x_wconf 69' lang='lat' dir='ltr'>lt,</span> <span class='ocrx_word' id='word_1_137' title='bbox 1081 2317 1110 2364; x_wconf 91' lang='lat' dir='ltr'>c.</span> <span class='ocrx_word' id='word_1_138' title='bbox 1126 2298 1174 2375; x_wconf 83' lang='lat' dir='ltr'>tt,</span> <span class='ocrx_word' id='word_1_139' title='bbox 1192 2299 1234 2363; x_wconf 85' lang='lat' dir='ltr'>de</span> <span class='ocrx_word' id='word_1_140' title='bbox 1244 2299 1333 2380; x_wconf 71' lang='lat' dir='ltr'>Res,</span> <span class='ocrx_word' id='word_1_141' title='bbox 1347 2302 1382 2364; x_wconf 91' lang='lat' dir='ltr'>et</span> 
     </span>
     <span class='ocr_line' id='line_1_18' title="bbox 202 2406 1381 2492; baseline -0.001 -21"><span class='ocrx_word' id='word_1_142' title='bbox 202 2406 267 2471; x_wconf 87' lang='lat' dir='ltr'>Rit.</span> <span class='ocrx_word' id='word_1_143' title='bbox 287 2407 398 2484; x_wconf 68' lang='lat' dir='ltr'>Rom,</span> <span class='ocrx_word' id='word_1_144' title='bbox 420 2408 461 2474; x_wconf 87' lang='lat' dir='ltr'>de</span> <span class='ocrx_word' id='word_1_145' title='bbox 477 2408 668 2492; x_wconf 67' lang='lat' dir='ltr'>Exsequias,</span> <span class='ocrx_word' id='word_1_146' title='bbox 687 2408 927 2492; x_wconf 87' lang='lat' dir='ltr'>approbantur,</span> <span class='ocrx_word' id='word_1_147' title='bbox 945 2412 981 2472; x_wconf 90' lang='lat' dir='ltr'>et</span> <span class='ocrx_word' id='word_1_148' title='bbox 996 2408 1123 2473; x_wconf 85' lang='lat' dir='ltr'>servari</span> <span class='ocrx_word' id='word_1_149' title='bbox 1138 2407 1381 2492; x_wconf 68' lang='lat' dir='ltr'>praecipiuntur</span> 
     </span>
     <span class='ocr_line' id='line_1_19' title="bbox 202 2499 1380 2599; baseline -0.002 -19"><span class='ocrx_word' id='word_1_150' title='bbox 202 2516 468 2581; x_wconf 89' lang='lat' dir='ltr'>consuetudines</span> <span class='ocrx_word' id='word_1_151' title='bbox 486 2517 551 2599; x_wconf 85' lang='lat' dir='ltr'>piae</span> <span class='ocrx_word' id='word_1_152' title='bbox 569 2521 603 2581; x_wconf 91' lang='lat' dir='ltr'>et</span> <span class='ocrx_word' id='word_1_153' title='bbox 616 2515 803 2582; x_wconf 74' lang='lat' dir='ltr'>laudabiles</span> <span class='ocrx_word' id='word_1_154' title='bbox 823 2517 858 2580; x_wconf 90' lang='lat' dir='ltr'>in</span> <span class='ocrx_word' id='word_1_155' title='bbox 877 2517 1072 2599; x_wconf 75' lang='lat' dir='ltr'>receptione</span> <span class='ocrx_word' id='word_1_156' title='bbox 1088 2499 1380 2580; x_wconf 79' lang='lat' dir='ltr'>sacramentorum</span> 
     </span>
     <span class='ocr_line' id='line_1_20' title="bbox 203 2623 1380 2708; baseline 0.001 -21"><span class='ocrx_word' id='word_1_157' title='bbox 203 2623 414 2708; x_wconf 87' lang='lat' dir='ltr'>aliorumque</span> <span class='ocrx_word' id='word_1_158' title='bbox 443 2623 671 2706; x_wconf 77' lang='lat' dir='ltr'>spiritualium</span> <span class='ocrx_word' id='word_1_159' title='bbox 698 2623 992 2689; x_wconf 77' lang='lat' dir='ltr'>administratione</span> <span class='ocrx_word' id='word_1_160' title='bbox 1019 2623 1094 2688; x_wconf 87' lang='lat' dir='ltr'>fleri</span> <span class='ocrx_word' id='word_1_161' title='bbox 1124 2623 1248 2698; x_wconf 75' lang='lat' dir='ltr'>solitae3</span> <span class='ocrx_word' id='word_1_162' title='bbox 1275 2641 1380 2706; x_wconf 90' lang='lat' dir='ltr'>porro</span> 
     </span>
     <span class='ocr_line' id='line_1_21' title="bbox 203 2728 1380 2814; baseline -0.002 -18"><span class='ocrx_word' id='word_1_163' title='bbox 203 2732 334 2796; x_wconf 86' lang='lat' dir='ltr'>solvere</span> <span class='ocrx_word' id='word_1_164' title='bbox 352 2729 531 2809; x_wconf 75' lang='lat' dir='ltr'>funeralis,</span> <span class='ocrx_word' id='word_1_165' title='bbox 555 2728 769 2814; x_wconf 89' lang='lat' dir='ltr'>baptismalia</span> <span class='ocrx_word' id='word_1_166' title='bbox 793 2735 828 2796; x_wconf 93' lang='lat' dir='ltr'>et</span> <span class='ocrx_word' id='word_1_167' title='bbox 847 2729 922 2796; x_wconf 83' lang='lat' dir='ltr'>aliae</span> <span class='ocrx_word' id='word_1_168' title='bbox 947 2729 1145 2813; x_wconf 89' lang='lat' dir='ltr'>hujusmodi</span> <span class='ocrx_word' id='word_1_169' title='bbox 1169 2730 1318 2812; x_wconf 89' lang='lat' dir='ltr'>pertinet</span> <span class='ocrx_word' id='word_1_170' title='bbox 1336 2730 1380 2794; x_wconf 92' lang='lat' dir='ltr'>ad</span> 
     </span>
     <span class='ocr_line' id='line_1_22' title="bbox 203 2837 1434 2924; baseline -0.002 -22"><span class='ocrx_word' id='word_1_171' title='bbox 203 2841 276 2924; x_wconf 90' lang='lat' dir='ltr'>pias</span> <span class='ocrx_word' id='word_1_172' title='bbox 295 2844 329 2904; x_wconf 89' lang='lat' dir='ltr'>et</span> <span class='ocrx_word' id='word_1_173' title='bbox 343 2837 531 2904; x_wconf 85' lang='lat' dir='ltr'>laudabiles</span> <span class='ocrx_word' id='word_1_174' title='bbox 551 2838 817 2904; x_wconf 90' lang='lat' dir='ltr'>consuetudines</span> <span class='ocrx_word' id='word_1_175' title='bbox 833 2839 885 2920; x_wconf 88' lang='lat' dir='ltr'>(t).</span> <span class='ocrx_word' id='word_1_176' title='bbox 910 2837 1008 2919; x_wconf 81' lang='lat' dir='ltr'>Ergo.</span> <span class='ocrx_word' id='word_1_177' title='bbox 1028 2837 1122 2902; x_wconf 90' lang='lat' dir='ltr'>ldem</span> <span class='ocrx_word' id='word_1_178' title='bbox 1142 2837 1323 2902; x_wconf 92' lang='lat' dir='ltr'>dicendum</span> <span class='ocrx_word' id='word_1_179' title='bbox 1339 2837 1380 2901; x_wconf 94' lang='lat' dir='ltr'>de</span> <span class='ocrx_word' id='word_1_180' title='bbox 1430 2862 1434 2871; x_wconf 63' lang='lat'><strong><em>¹</em></strong></span> 
     </span>
     <span class='ocr_line' id='line_1_23' title="bbox 202 2947 1382 3033; baseline -0.003 -18"><span class='ocrx_word' id='word_1_181' title='bbox 202 2949 347 3033; x_wconf 90' lang='lat' dir='ltr'>pecunia</span> <span class='ocrx_word' id='word_1_182' title='bbox 377 2967 452 3032; x_wconf 83' lang='lat' dir='ltr'>quae</span> <span class='ocrx_word' id='word_1_183' title='bbox 481 2947 625 3013; x_wconf 89' lang='lat' dir='ltr'>solvitur</span> <span class='ocrx_word' id='word_1_184' title='bbox 648 2947 825 3013; x_wconf 89' lang='lat' dir='ltr'>occasione</span> <span class='ocrx_word' id='word_1_185' title='bbox 850 2947 1155 3030; x_wconf 89' lang='lat' dir='ltr'>dispensationum,</span> <span class='ocrx_word' id='word_1_186' title='bbox 1186 2951 1249 3010; x_wconf 88' lang='lat' dir='ltr'>etc.</span> <span class='ocrx_word' id='word_1_187' title='bbox 1282 2947 1382 3028; x_wconf 85' lang='lat' dir='ltr'>juxta</span> 
     </span>
     <span class='ocr_line' id='line_1_24' title="bbox 205 3052 1382 3139; baseline -0.008 -14"><span class='ocrx_word' id='word_1_188' title='bbox 205 3061 320 3125; x_wconf 79' lang='lat' dir='ltr'>texam</span> <span class='ocrx_word' id='word_1_189' title='bbox 334 3057 397 3122; x_wconf 89' lang='lat' dir='ltr'>aS.</span> <span class='ocrx_word' id='word_1_190' title='bbox 409 3057 495 3122; x_wconf 87' lang='lat' dir='ltr'>Sede</span> <span class='ocrx_word' id='word_1_191' title='bbox 506 3060 680 3134; x_wconf 86' lang='lat' dir='ltr'>statutam,</span> <span class='ocrx_word' id='word_1_192' title='bbox 694 3055 773 3139; x_wconf 88' lang='lat' dir='ltr'>quia</span> <span class='ocrx_word' id='word_1_193' title='bbox 781 3055 854 3120; x_wconf 82' lang='lat' dir='ltr'>baec</span> <span class='ocrx_word' id='word_1_194' title='bbox 866 3053 966 3119; x_wconf 90' lang='lat' dir='ltr'>datur</span> <span class='ocrx_word' id='word_1_195' title='bbox 976 3052 1074 3118; x_wconf 87' lang='lat' dir='ltr'>titulo</span> <span class='ocrx_word' id='word_1_196' title='bbox 1089 3052 1315 3136; x_wconf 85' lang='lat' dir='ltr'>eleemosynae</span> <span class='ocrx_word' id='word_1_197' title='bbox 1327 3052 1382 3119; x_wconf 89' lang='lat' dir='ltr'>vel</span> 
     </span>
     <span class='ocr_line' id='line_1_25' title="bbox 206 3162 1381 3249; baseline -0.003 -21"><span class='ocrx_word' id='word_1_198' title='bbox 206 3166 463 3230; x_wconf 87' lang='lat' dir='ltr'>sustentationis</span> <span class='ocrx_word' id='word_1_199' title='bbox 487 3183 632 3231; x_wconf 90' lang='lat' dir='ltr'>onerum</span> <span class='ocrx_word' id='word_1_200' title='bbox 645 3165 873 3249; x_wconf 80' lang='lat' dir='ltr'>pontificatus.</span> <span class='ocrx_word' id='word_1_201' title='bbox 898 3162 995 3228; x_wconf 90' lang='lat' dir='ltr'>Ratio</span> <span class='ocrx_word' id='word_1_202' title='bbox 1012 3166 1075 3238; x_wconf 87' lang='lat' dir='ltr'>est,</span> <span class='ocrx_word' id='word_1_203' title='bbox 1096 3162 1176 3246; x_wconf 88' lang='lat' dir='ltr'>quia</span> <span class='ocrx_word' id='word_1_204' title='bbox 1198 3163 1381 3245; x_wconf 89' lang='lat' dir='ltr'>pensiones</span> 
     </span>
     <span class='ocr_line' id='line_1_26' title="bbox 204 3270 1383 3357; baseline -0.002 -22"><span class='ocrx_word' id='word_1_205' title='bbox 204 3273 279 3338; x_wconf 75' lang='lat' dir='ltr'>istae</span> <span class='ocrx_word' id='word_1_206' title='bbox 299 3291 369 3339; x_wconf 90' lang='lat' dir='ltr'>non</span> <span class='ocrx_word' id='word_1_207' title='bbox 391 3274 576 3354; x_wconf 82' lang='lat' dir='ltr'>exiguntur</span> <span class='ocrx_word' id='word_1_208' title='bbox 594 3278 633 3338; x_wconf 91' lang='lat' dir='ltr'>ut</span> <span class='ocrx_word' id='word_1_209' title='bbox 649 3273 798 3357; x_wconf 91' lang='lat' dir='ltr'>pretium</span> <span class='ocrx_word' id='word_1_210' title='bbox 814 3289 877 3356; x_wconf 90' lang='lat' dir='ltr'>pro</span> <span class='ocrx_word' id='word_1_211' title='bbox 896 3272 971 3356; x_wconf 89' lang='lat' dir='ltr'>ipso</span> <span class='ocrx_word' id='word_1_212' title='bbox 986 3287 1081 3336; x_wconf 88' lang='lat' dir='ltr'>sacro</span> <span class='ocrx_word' id='word_1_213' title='bbox 1100 3270 1300 3346; x_wconf 88' lang='lat' dir='ltr'>ministerio,</span> <span class='ocrx_word' id='word_1_214' title='bbox 1322 3270 1383 3334; x_wconf 90' lang='lat' dir='ltr'>sed</span> 
     </span>
     <span class='ocr_line' id='line_1_27' title="bbox 205 3377 1383 3464; baseline -0.005 -18"><span class='ocrx_word' id='word_1_215' title='bbox 205 3381 272 3446; x_wconf 88' lang='lat' dir='ltr'>alic</span> <span class='ocrx_word' id='word_1_216' title='bbox 298 3381 396 3447; x_wconf 85' lang='lat' dir='ltr'>titulo</span> <span class='ocrx_word' id='word_1_217' title='bbox 420 3399 483 3464; x_wconf 91' lang='lat' dir='ltr'>per</span> <span class='ocrx_word' id='word_1_218' title='bbox 504 3382 789 3447; x_wconf 87' lang='lat' dir='ltr'>consuetudinem</span> <span class='ocrx_word' id='word_1_219' title='bbox 813 3380 1018 3464; x_wconf 90' lang='lat' dir='ltr'>approbato;</span> <span class='ocrx_word' id='word_1_220' title='bbox 1045 3381 1080 3442; x_wconf 92' lang='lat' dir='ltr'>et</span> <span class='ocrx_word' id='word_1_221' title='bbox 1106 3377 1246 3461; x_wconf 85' lang='lat' dir='ltr'>quidem</span> <span class='ocrx_word' id='word_1_222' title='bbox 1271 3377 1383 3443; x_wconf 90' lang='lat' dir='ltr'>clerici</span> 
     </span>
     <span class='ocr_line' id='line_1_28' title="bbox 200 3485 1382 3576; baseline -0.006 -20"><span class='ocrx_word' id='word_1_223' title='bbox 200 3509 369 3576; x_wconf 83' lang='lat' dir='ltr'>pauperes</span> <span class='ocrx_word' id='word_1_224' title='bbox 393 3492 466 3574; x_wconf 87' lang='lat' dir='ltr'>jam</span> <span class='ocrx_word' id='word_1_225' title='bbox 494 3489 637 3571; x_wconf 81' lang='lat' dir='ltr'>exigunt</span> <span class='ocrx_word' id='word_1_226' title='bbox 661 3490 743 3556; x_wconf 87' lang='lat' dir='ltr'>istas</span> <span class='ocrx_word' id='word_1_227' title='bbox 771 3486 1076 3572; x_wconf 85' lang='lat' dir='ltr'>pensionestitulo</span> <span class='ocrx_word' id='word_1_228' title='bbox 1107 3485 1382 3562; x_wconf 85' lang='lat' dir='ltr'>sustentationis;</span> 
     </span>
     <span class='ocr_line' id='line_1_29' title="bbox 207 3593 1382 3684; baseline -0.004 -22"><span class='ocrx_word' id='word_1_229' title='bbox 207 3598 329 3664; x_wconf 91' lang='lat' dir='ltr'>deinde</span> <span class='ocrx_word' id='word_1_230' title='bbox 348 3603 419 3664; x_wconf 90' lang='lat' dir='ltr'>tam</span> <span class='ocrx_word' id='word_1_231' title='bbox 432 3598 593 3664; x_wconf 89' lang='lat' dir='ltr'>divitibus</span> <span class='ocrx_word' id='word_1_232' title='bbox 610 3616 714 3684; x_wconf 82' lang='lat' dir='ltr'>quam</span> <span class='ocrx_word' id='word_1_233' title='bbox 726 3597 933 3683; x_wconf 89' lang='lat' dir='ltr'>pauperibus</span> <span class='ocrx_word' id='word_1_234' title='bbox 948 3596 1079 3662; x_wconf 81' lang='lat' dir='ltr'>clericis</span> <span class='ocrx_word' id='word_1_235' title='bbox 1101 3595 1270 3660; x_wconf 90' lang='lat' dir='ltr'>debentur</span> <span class='ocrx_word' id='word_1_236' title='bbox 1284 3593 1382 3658; x_wconf 90' lang='lat' dir='ltr'>titulo</span> 
     </span>
     <span class='ocr_line' id='line_1_30' title="bbox 208 3702 1384 3772; baseline -0.004 -2"><span class='ocrx_word' id='word_1_237' title='bbox 208 3705 419 3772; x_wconf 87' lang='lat' dir='ltr'>oblationum</span> <span class='ocrx_word' id='word_1_238' title='bbox 444 3725 487 3772; x_wconf 84' lang='lat' dir='ltr'>ex</span> <span class='ocrx_word' id='word_1_239' title='bbox 507 3706 755 3772; x_wconf 90' lang='lat' dir='ltr'>consuetudine</span> <span class='ocrx_word' id='word_1_240' title='bbox 782 3705 974 3770; x_wconf 87' lang='lat' dir='ltr'>debitarum</span> <span class='ocrx_word' id='word_1_241' title='bbox 997 3709 1032 3768; x_wconf 91' lang='lat' dir='ltr'>et</span> <span class='ocrx_word' id='word_1_242' title='bbox 1056 3702 1154 3768; x_wconf 90' lang='lat' dir='ltr'>titulo</span> <span class='ocrx_word' id='word_1_243' title='bbox 1174 3703 1384 3768; x_wconf 88' lang='lat' dir='ltr'>decimarum</span> 
     </span>
     <span class='ocr_line' id='line_1_31' title="bbox 206 3811 1384 3900; baseline 0.001 -22"><span class='ocrx_word' id='word_1_244' title='bbox 206 3814 454 3897; x_wconf 87' lang='lat' dir='ltr'>personalium,</span> <span class='ocrx_word' id='word_1_245' title='bbox 470 3814 507 3878; x_wconf 91' lang='lat' dir='ltr'>in</span> <span class='ocrx_word' id='word_1_246' title='bbox 526 3833 672 3900; x_wconf 88' lang='lat' dir='ltr'>quarum</span> <span class='ocrx_word' id='word_1_247' title='bbox 685 3814 800 3880; x_wconf 90' lang='lat' dir='ltr'>locum</span> <span class='ocrx_word' id='word_1_248' title='bbox 819 3813 980 3878; x_wconf 87' lang='lat' dir='ltr'>videntur</span> <span class='ocrx_word' id='word_1_249' title='bbox 995 3811 1199 3878; x_wconf 88' lang='lat' dir='ltr'>successisse</span> <span class='ocrx_word' id='word_1_250' title='bbox 1213 3813 1287 3878; x_wconf 76' lang='lat' dir='ltr'>istae</span> <span class='ocrx_word' id='word_1_251' title='bbox 1301 3833 1384 3897; x_wconf 91' lang='lat' dir='ltr'>pen·</span> 
     </span>
     <span class='ocr_line' id='line_1_32' title="bbox 208 3922 1384 4006; baseline 0 -20"><span class='ocrx_word' id='word_1_252' title='bbox 208 3923 332 3987; x_wconf 90' lang='lat' dir='ltr'>siones.</span> <span class='ocrx_word' id='word_1_253' title='bbox 357 3923 407 3988; x_wconf 86' lang='lat' dir='ltr'>tlb</span> <span class='ocrx_word' id='word_1_254' title='bbox 432 3923 528 3990; x_wconf 90' lang='lat' dir='ltr'>initio</span> <span class='ocrx_word' id='word_1_255' title='bbox 549 3929 646 3990; x_wconf 88' lang='lat' dir='ltr'>erant</span> <span class='ocrx_word' id='word_1_256' title='bbox 666 3922 868 3989; x_wconf 80' lang='lat' dir='ltr'>voluntariae</span> <span class='ocrx_word' id='word_1_257' title='bbox 887 3922 1088 3998; x_wconf 90' lang='lat' dir='ltr'>oblationes,</span> <span class='ocrx_word' id='word_1_258' title='bbox 1107 3939 1182 4006; x_wconf 85' lang='lat' dir='ltr'>quae</span> <span class='ocrx_word' id='word_1_259' title='bbox 1202 3927 1332 4005; x_wconf 90' lang='lat' dir='ltr'>postea,</span> <span class='ocrx_word' id='word_1_260' title='bbox 1350 3923 1384 3986; x_wconf 89' lang='lat' dir='ltr'>vi</span> 
     </span>
     <span class='ocr_line' id='line_1_33' title="bbox 206 4029 1384 4114; baseline 0.003 -21"><span class='ocrx_word' id='word_1_261' title='bbox 206 4030 462 4096; x_wconf 88' lang='lat' dir='ltr'>consuetudinis</span> <span class='ocrx_word' id='word_1_262' title='bbox 475 4031 531 4097; x_wconf 87' lang='lat' dir='ltr'>vel</span> <span class='ocrx_word' id='word_1_263' title='bbox 547 4033 762 4100; x_wconf 86' lang='lat' dir='ltr'>decretorum</span> <span class='ocrx_word' id='word_1_264' title='bbox 777 4029 1032 4114; x_wconf 89' lang='lat' dir='ltr'>episcopalium,</span> <span class='ocrx_word' id='word_1_265' title='bbox 1055 4035 1138 4094; x_wconf 79' lang='lat' dir='ltr'>acta</span> <span class='ocrx_word' id='word_1_266' title='bbox 1154 4033 1234 4093; x_wconf 88' lang='lat' dir='ltr'>sunt</span> <span class='ocrx_word' id='word_1_267' title='bbox 1257 4029 1384 4111; x_wconf 80' lang='lat' dir='ltr'>obliga·</span> 
     </span>
     <span class='ocr_line' id='line_1_34' title="bbox 207 4139 312 4204; baseline 0 -3"><span class='ocrx_word' id='word_1_268' title='bbox 207 4139 312 4204; x_wconf 86' lang='lat' dir='ltr'>toriae.</span> 
     </span>
    </p>

    <p class='ocr_par' dir='ltr' id='par_1_4' title="bbox 205 4245 1383 4546">
     <span class='ocr_line' id='line_1_35' title="bbox 245 4245 1382 4329; baseline 0.002 -21"><span class='ocrx_word' id='word_1_269' title='bbox 245 4245 372 4312; x_wconf 85' lang='lat' dir='ltr'>Tamen</span> <span class='ocrx_word' id='word_1_270' title='bbox 386 4248 417 4310; x_wconf 77' lang='lat'>1⁰</span> <span class='ocrx_word' id='word_1_271' title='bbox 440 4246 468 4310; x_wconf 91' lang='lat' dir='ltr'>si</span> <span class='ocrx_word' id='word_1_272' title='bbox 487 4245 629 4312; x_wconf 87' lang='lat' dir='ltr'>clericus</span> <span class='ocrx_word' id='word_1_273' title='bbox 645 4264 689 4310; x_wconf 84' lang='lat' dir='ltr'>ex</span> <span class='ocrx_word' id='word_1_274' title='bbox 704 4245 838 4329; x_wconf 89' lang='lat' dir='ltr'>justitia</span> <span class='ocrx_word' id='word_1_275' title='bbox 857 4249 995 4316; x_wconf 84' lang='lat' dir='ltr'>tenetur</span> <span class='ocrx_word' id='word_1_276' title='bbox 1008 4251 1141 4312; x_wconf 92' lang='lat' dir='ltr'>certum</span> <span class='ocrx_word' id='word_1_277' title='bbox 1156 4245 1382 4310; x_wconf 88' lang='lat' dir='ltr'>ministerium</span> 
     </span>
     <span class='ocr_line' id='line_1_36' title="bbox 205 4351 1380 4436; baseline 0.003 -20"><span class='ocrx_word' id='word_1_278' title='bbox 205 4359 377 4436; x_wconf 76' lang='lat' dir='ltr'>praestare,</span> <span class='ocrx_word' id='word_1_279' title='bbox 392 4372 456 4419; x_wconf 92' lang='lat' dir='ltr'>nec</span> <span class='ocrx_word' id='word_1_280' title='bbox 470 4354 560 4419; x_wconf 90' lang='lat' dir='ltr'>adsit</span> <span class='ocrx_word' id='word_1_281' title='bbox 573 4351 785 4420; x_wconf 90' lang='lat' dir='ltr'>consuetudo</span> <span class='ocrx_word' id='word_1_282' title='bbox 800 4353 954 4434; x_wconf 80' lang='lat' dir='ltr'>legitima</span> <span class='ocrx_word' id='word_1_283' title='bbox 968 4358 1003 4418; x_wconf 92' lang='lat' dir='ltr'>et</span> <span class='ocrx_word' id='word_1_284' title='bbox 1015 4353 1058 4418; x_wconf 91' lang='lat' dir='ltr'>ab</span> <span class='ocrx_word' id='word_1_285' title='bbox 1068 4353 1215 4420; x_wconf 89' lang='lat' dir='ltr'>Ecclesia</span> <span class='ocrx_word' id='word_1_286' title='bbox 1228 4353 1380 4436; x_wconf 86' lang='lat' dir='ltr'>probata,</span> 
     </span>
     <span class='ocr_line' id='line_1_37' title="bbox 207 4461 1383 4546; baseline 0.001 -22"><span class='ocrx_word' id='word_1_287' title='bbox 207 4478 278 4526; x_wconf 92' lang='lat' dir='ltr'>non</span> <span class='ocrx_word' id='word_1_288' title='bbox 290 4465 404 4544; x_wconf 90' lang='lat' dir='ltr'>potest</span> <span class='ocrx_word' id='word_1_289' title='bbox 417 4480 478 4546; x_wconf 89' lang='lat' dir='ltr'>pro</span> <span class='ocrx_word' id='word_1_290' title='bbox 490 4481 531 4528; x_wconf 92' lang='lat' dir='ltr'>eo</span> <span class='ocrx_word' id='word_1_291' title='bbox 541 4462 721 4545; x_wconf 87' lang='lat' dir='ltr'>pecuniam</span> <span class='ocrx_word' id='word_1_292' title='bbox 731 4461 898 4546; x_wconf 88' lang='lat' dir='ltr'>accipere:</span> <span class='ocrx_word' id='word_1_293' title='bbox 913 4462 971 4539; x_wconf 89' lang='lat' dir='ltr'>sic,</span> <span class='ocrx_word' id='word_1_294' title='bbox 988 4482 1020 4526; x_wconf 87' lang='lat' dir='ltr'>v.</span> <span class='ocrx_word' id='word_1_295' title='bbox 1037 4481 1071 4544; x_wconf 81' lang='lat' dir='ltr'>g.</span> <span class='ocrx_word' id='word_1_296' title='bbox 1089 4463 1256 4546; x_wconf 90' lang='lat' dir='ltr'>parochus</span> <span class='ocrx_word' id='word_1_297' title='bbox 1267 4462 1325 4546; x_wconf 86' lang='lat' dir='ltr'>qui</span> <span class='ocrx_word' id='word_1_298' title='bbox 1340 4481 1383 4528; x_wconf 84' lang='lat' dir='ltr'>ex</span> 
     </span>
    </p>
   </div>
   <div class='ocr_carea' id='block_1_3' title="bbox 209 4624 1382 4768">
    <p class='ocr_par' dir='ltr' id='par_1_5' title="bbox 209 4624 1382 4768">
     <span class='ocr_line' id='line_1_38' title="bbox 240 4624 1382 4692; baseline 0.004 -18"><span class='ocrx_word' id='word_1_299' title='bbox 240 4625 273 4690; x_wconf 81' lang='lat' dir='ltr'>tt)</span> <span class='ocrx_word' id='word_1_300' title='bbox 291 4624 388 4690; x_wconf 75' lang='lat' dir='ltr'>Aliqui,</span> <span class='ocrx_word' id='word_1_301' title='bbox 398 4625 469 4691; x_wconf 87' lang='lat' dir='ltr'>apud</span> <span class='ocrx_word' id='word_1_302' title='bbox 481 4627 566 4678; x_wconf 85' lang='lat' dir='ltr'>Bonix</span> <span class='ocrx_word' id='word_1_303' title='bbox 580 4627 625 4692; x_wconf 80' lang='lat' dir='ltr'>(De</span> <span class='ocrx_word' id='word_1_304' title='bbox 636 4626 753 4692; x_wconf 72' lang='lat' dir='ltr'>parcen,</span> <span class='ocrx_word' id='word_1_305' title='bbox 768 4641 795 4692; x_wconf 89' lang='lat' dir='ltr'>p.</span> <span class='ocrx_word' id='word_1_306' title='bbox 815 4627 881 4691; x_wconf 77' lang='lat' dir='ltr'>tes),</span> <span class='ocrx_word' id='word_1_307' title='bbox 902 4627 1065 4678; x_wconf 88' lang='lat' dir='ltr'>contrarium</span> <span class='ocrx_word' id='word_1_308' title='bbox 1076 4626 1231 4690; x_wconf 82' lang='lat' dir='ltr'>sentientes,</span> <span class='ocrx_word' id='word_1_309' title='bbox 1251 4625 1316 4678; x_wconf 90' lang='lat' dir='ltr'>clim</span> <span class='ocrx_word' id='word_1_310' title='bbox 1333 4625 1382 4678; x_wconf 92' lang='lat' dir='ltr'>im·</span> 
     </span>
     <span class='ocr_line' id='line_1_39' title="bbox 209 4701 1256 4768; baseline 0.002 -16"><span class='ocrx_word' id='word_1_311' title='bbox 209 4705 361 4767; x_wconf 75' lang='lat' dir='ltr'>pugnarant</span> <span class='ocrx_word' id='word_1_312' title='bbox 378 4701 436 4754; x_wconf 84' lang='lat' dir='ltr'>illas</span> <span class='ocrx_word' id='word_1_313' title='bbox 448 4701 658 4756; x_wconf 75' lang='lat' dir='ltr'>consuetudines</span> <span class='ocrx_word' id='word_1_314' title='bbox 668 4702 769 4767; x_wconf 86' lang='lat' dir='ltr'>aliquid</span> <span class='ocrx_word' id='word_1_315' title='bbox 779 4703 926 4767; x_wconf 88' lang='lat' dir='ltr'>recipiendi</span> <span class='ocrx_word' id='word_1_316' title='bbox 938 4717 987 4768; x_wconf 90' lang='lat' dir='ltr'>pro</span> <span class='ocrx_word' id='word_1_317' title='bbox 1001 4703 1052 4754; x_wconf 87' lang='lat' dir='ltr'>illis</span> <span class='ocrx_word' id='word_1_318' title='bbox 1067 4702 1256 4755; x_wconf 77' lang='lat' dir='ltr'>functionibus.</span> 
     </span>
    </p>
   </div>
   <div class='ocr_carea' id='block_1_4' title="bbox 0 0 1746 5560">
    <p class='ocr_par' dir='ltr' id='par_1_6' title="bbox 0 0 1746 5560">
     <span class='ocr_line' id='line_1_40' title="bbox 0 0 1746 5560; baseline 0 0"><span class='ocrx_word' id='word_1_319' title='bbox 0 0 1746 5560; x_wconf 95' lang='lat' dir='ltr'> </span> 
     </span>
    </p>
   </div>
  </div>
 </body>
</html>
