3514 5564
557 642 646 690 tiana
667 645 806 700 ouaarcs
826 643 1044 699 ercanrauun.
1331 627 1386 694 tol

220 761 358 828 alterius
372 762 528 845 conjugis
542 763 730 844 ineundilc.
746 763 776 840 6,
793 765 812 828 'l
829 764 975 829 etlinh.
993 765 1033 846 t);
1046 763 1080 828 3⁰
1095 764 1123 828 si
1139 763 1306 829 adulterio
1319 781 1389 829 non

220 870 414 948 commisso,
438 870 538 935 ambo
553 871 792 936 machinentur
804 870 840 935 iu
854 889 975 937 necem
987 870 1125 937 alterius
1139 871 1296 955 conjugis
1310 889 1390 936 cum

220 979 353 1058 effectu,
371 998 431 1044 eeu
443 975 799 1064 secuto'conjugicidio
812 981 853 1062 (c.
866 981 896 1059 l,
913 979 1126 1046 decoravere.
1143 979 1283 1062 inficiet.)
1294 1000 1301 1056 ;
1312 979 1345 1043 4⁰
1361 981 1390 1044 ei

219 1088 401 1153 commisso
424 1087 601 1165 adulterio,
625 1108 716 1153 unus
737 1107 781 1152 ex
801 1087 964 1154 adulteris
987 1087 1118 1153 occidat
1139 1087 1314 1171 proprium
1334 1087 1390 1152 vel

220 1195 364 1261 adulteri
377 1199 572 1280 conjugem,
588 1199 702 1263 animo
721 1215 801 1262 cum
814 1195 872 1260 illo
889 1195 1112 1298 pontrahendi
1133 1191 1390 1260 matrimonium

219 1306 304 1384 (can.
317 1305 348 1380 5,
364 1303 406 1370 Si
415 1305 500 1387 quis,
509 1305 559 1382 31,
572 1323 604 1388 q.
615 1305 655 1388 l).
668 1302 765 1370 Ratio
773 1305 878 1387 hujus
890 1303 1126 1388 impedimenti
1135 1304 1178 1368 ab
1187 1302 1334 1368 Ecclesia
1342 1303 1391 1367 in-

220 1408 376 1480 troduoti.
394 1417 447 1478 eat
462 1433 470 1475 ε
487 1431 529 1476 ea
536 1421 638 1496 parte
660 1412 829 1489 adulterii,
848 1417 886 1477 ut
900 1429 1020 1477 secura
1033 1412 1078 1476 sit
1089 1414 1278 1495 conjugum
1291 1411 1388 1488 tides,

219 1537 316 1586 amor
329 1526 363 1585 et
375 1521 455 1598 vita,
472 1522 651 1606 omnisque
667 1523 798 1587 occasio
821 1521 995 1604 captandae
1014 1521 1134 1585 mertia
1154 1519 1274 1585 alienae
1296 1519 1391 1584 tolla·

220 1631 289 1705 tur3
306 1647 348 1692 ec
357 1637 459 1714 porte
479 1628 661 1706 homicidii,
678 1630 757 1712 quia
772 1628 930 1694 atrocitas
946 1629 1031 1693 tanti
1049 1628 1200 1693 criminis
1216 1645 1298 1709 erga
1311 1644 1392 1692 con-

217 1738 338 1820 jugem
360 1735 501 1801 admissi
528 1740 681 1801 meretur
704 1737 806 1802 istam
838 1736 1102 1812 inhabilitatem;
1131 1740 1204 1800 tum
1227 1734 1389 1810 manime,

221 1844 300 1929 quia
314 1845 498 1930 suppositis
511 1845 565 1910 his
585 1845 794 1923 criminibus,
818 1850 915 1930 turpe
938 1848 973 1911 et
995 1845 1227 1921 inhonestum,
1252 1840 1391 1910 scande·
1492 1893 1495 1908 .

218 1952 309 2037 lique
324 1953 464 2037 plenum
483 1957 535 2019 est
550 1953 635 2019 talea
648 1973 813 2038 personas
825 1955 917 2019 inter
932 1972 969 2019 se
987 1953 1150 2037 copulari.

254 2122 312 2178 Neo
326 2119 425 2179 obstat
438 2121 550 2180 lactum
565 2120 686 2180 Daridis
702 2121 866 2180 occidentis
883 2121 998 2192 Uriam,
1014 2126 1125 2180 etcum
1140 2118 1275 2178 adultera
1289 2119 1391 2176 Betsa-

219 2207 275 2267 bea
287 2209 507 2269 contrahentis:
523 2226 592 2270 nam
607 2212 638 2269 in
654 2215 718 2271 vet.
729 2211 986 2271 Testamentonon
996 2211 1119 2271 luitboo
1131 2209 1389 2284 impedimentum,

218 2298 289 2358 licet
301 2299 333 2358 in
348 2305 427 2360 Novo
440 2305 567 2360 Testem.
583 2301 620 2360 ob
635 2303 730 2362 dictas
745 2303 878 2362 rationes
892 2307 970 2362 recte
984 2303 1025 2362 sit
1035 2301 1248 2360 introductum.

258 2483 358 2568 Resp.
372 2486 402 2549 2.
419 2483 461 2549 Ut
473 2487 602 2574 crimen
617 2505 660 2552 ex
676 2487 842 2552 adulterio
858 2486 995 2552 dirimat
1007 2484 1274 2562 matrimonium,
1292 2483 1393 2548 debet

220 2611 315 2656 ease:
330 2593 363 2655 l⁰
377 2592 582 2658 adulterium
594 2595 752 2676 formale,
774 2611 845 2660 non
865 2594 1054 2672 materiale,
1079 2597 1219 2678 propter
1232 2591 1392 2674 ignoran-

219 2701 301 2766 tiam
321 2700 377 2766 vel
398 2701 646 2767 invaliditatem
667 2703 790 2786 prioris
810 2702 1031 2778 matrimonii,
1048 2699 1259 2785 completum
1273 2699 1309 2764 in
1329 2717 1391 2766 sua

219 2807 330 2892 specie
346 2813 381 2874 et
394 2809 538 2874 durante
554 2809 676 2875 eodem
691 2811 910 2876 matrimonio
928 2813 1216 2875 consummatum.
1236 2808 1269 2872 θ’
1283 2807 1391 2873 Debet

218 2932 297 2980 cum
309 2915 476 2982 adulterio
489 2916 679 2999 copulative
692 2935 894 2982 concurrere
908 2917 962 2982 vel
984 2916 1241 2982 matrimonium
1259 2914 1391 2981 actuale

220 3024 261 3089 de
275 3024 375 3102 lacto,
391 3025 448 3090 vel
458 3027 639 3110 promissio
659 3026 868 3092 matrimonii
883 3026 1024 3092 ineundi
1046 3031 1125 3112 post
1146 3029 1296 3091 mortem
1309 3024 1391 3089 alte·

219 3133 290 3196 rius
315 3134 483 3216 conjugis,
508 3134 693 3219 etquidem
716 3134 815 3210 seria,
841 3152 914 3199 non
937 3135 1027 3210 tleta,
1045 3135 1118 3199 sive
1132 3134 1199 3198 iata
1220 3131 1392 3215 praecedat

220 3239 434 3318 adulterium,
451 3241 523 3306 sive
545 3245 718 3326 aequatur,
740 3246 919 3306 constante
944 3241 1048 3324 priori
1069 3240 1302 3316 matrimonio;
1319 3239 1391 3306 sive

219 3348 279 3413 flat
292 3349 328 3412 in
349 3351 428 3413 actu
444 3347 611 3424 adulterii,
629 3348 814 3414 dummodo
829 3347 1010 3432 promissio
1026 3348 1071 3412 sit
1094 3365 1255 3432 expresse
1276 3363 1392 3430 accep-

219 3459 289 3522 tata
302 3456 344 3521 ab
357 3455 463 3548 altera
471 3459 578 3538 parte,
596 3455 765 3540 siquidem
780 3460 896 3521 tacens
909 3457 947 3521 in
955 3457 1019 3521 bac
1033 3456 1176 3521 materia
1189 3453 1307 3521 odiosa
1321 3472 1392 3519 non

218 3565 362 3630 babetur
375 3583 437 3649 pro
451 3565 697 3630 consentiente.
719 3565 759 3630 Et
778 3567 933 3650 quamvis
949 3564 1122 3651 probabile
1138 3564 1242 3630 sitad
1253 3565 1318 3629 hoc
1330 3563 1392 3628 im-

219 3673 454 3758 pedimentum
475 3673 631 3739 sulficere
660 3673 923 3758 promissionem
949 3677 1157 3757 acceptatam
1181 3671 1255 3737 sine
1278 3689 1392 3756 repro·
1461 3733 1464 3740 .

219 3783 382 3847 missione
410 3781 565 3860 adulteri,
595 3771 761 3866 quiahoc
790 3782 893 3848 modo
917 3786 970 3846 est
995 3781 1184 3866 periculum
1215 3780 1391 3865 captandae

219 3891 339 3955 mortis
352 3890 483 3966 aliena,
503 3891 698 3974 oppositum
711 3895 826 3956 tamen
836 3909 933 3975 aeque
950 3896 1003 3955 est
1013 3889 1198 3974 probabile,
1215 3888 1295 3973 quia
1307 3887 1391 3970 fides

220 3998 315 4079 datu,
331 4017 407 4083 quae
421 3998 614 4083 requiritur,
632 3997 833 4083 plerumque
848 3999 973 4082 injure
987 4016 1108 4064 canon.
1126 3997 1295 4080 signifieat
1314 4013 1392 4079 pro—

220 4107 419 4173 missionem
428 4112 584 4173 mutuam
593 4107 752 4191 utrinque
765 4106 1001 4190 obligatoriam
1011 4107 1093 4191 (cap.
1105 4107 1156 4182 ti,
1169 4105 1390 4189 deSpoasat.,

221 4231 292 4299 cap.
303 4214 546 4300 tuespoasat
563 4214 672 4293 door,
684 4233 756 4300 cap.
766 4217 797 4294 5,
813 4214 1105 4296 (teletarchiam).
1120 4213 1393 4295 Erga,oumver-

222 4340 337 4388 semur
355 4323 391 4387 in
413 4324 557 4389 materia
571 4324 700 4400 odiosa,
721 4324 806 4406 fides
820 4324 905 4388 data
919 4322 1115 4407 accipienda
1130 4325 1184 4386 eat
1197 4338 1259 4404 pro
1272 4323 1393 4386 mutua

220 4431 446 4513 promissione
475 4450 578 4515 quam
600 4431 664 4496 aibi
685 4431 815 4497 faciunt
835 4432 980 4497 adulteri
1007 4431 1048 4496 de
1077 4428 1295 4494 matrimonio
1315 4433 1394 4512 post

222 4542 370 4603 mortem
387 4538 544 4622 conjugis
556 4538 718 4604 ineundo.
741 4540 774 4604 3ῠ
789 4539 933 4606 Econtra
955 4559 998 4604 ex
1012 4536 1179 4603 adulterio
1195 4554 1266 4602 non
1283 4537 1393 4601 incur-

137 4687 139 4694 ι
224 4647 309 4710 ritur
323 4645 604 4730 impedimentum
626 4647 787 4725 oriminis,
809 4647 838 4712 ai
859 4647 1063 4713 adulterium
1085 4644 1129 4708 sit
1145 4643 1321 4708 materiale
1337 4643 1394 4708 vel

224 4771 295 4822 non
308 4749 533 4838 completum
555 4753 611 4820 vel
628 4753 657 4820 si
674 4755 865 4840 copulative
887 4755 975 4822 desit
993 4751 1185 4840 promissio,
1201 4751 1258 4819 vel
1272 4751 1337 4817 ista
1350 4749 1395 4815 sit
