3508 5568
334 468 373 530 56
791 484 842 529 rus
864 483 1043 530 canonican.

334 602 500 684 proprius,
527 601 659 682 legatus
682 601 886 684 apostolicus
908 603 943 667 in
969 621 1032 668 sua
1048 603 1231 686 provincia,
1255 603 1416 687 praelatus
1439 602 1505 684 ple·

336 712 473 774 nissime
510 715 688 793 exemptus
716 729 794 774 cum
823 710 913 777 clero
949 715 983 775 et
1009 710 1146 794 populo,
1190 713 1386 794 capitulum,
1424 711 1503 776 sede

293 904 297 916 Ι
336 819 514 904 episcopali
547 824 703 895 vacante,
737 824 771 884 et
800 821 1006 902 probabilius
1033 822 1135 886 etiam
1163 822 1308 886 vicarius
1336 819 1528 902 generalis¹

336 928 492 1010 episcopi,
510 946 587 992 cum
605 933 639 992 et
652 929 715 992 iste
730 930 765 993 in
781 929 996 994 materiasibi
1008 930 1227 995 accommoda
1239 928 1355 995 veniat
1365 929 1504 994 nomine

337 1035 516 1112 ordinarii3
538 1036 639 1120 idque
662 1037 757 1119 praxi
774 1042 808 1101 et
823 1055 888 1102 usu
909 1039 1139 1102 confirmatur.
1160 1037 1329 1103 Parochus
1349 1040 1500 1110 econtra,

336 1163 413 1208 cum
428 1144 565 1208 nomine
581 1143 740 1211 ordinarii
759 1163 829 1210 nou
846 1146 972 1222 veniat,
995 1145 1197 1226 regulariter
1219 1145 1254 1209 in
1280 1144 1505 1208 denuntiatio-

337 1252 435 1316 nibus
451 1252 647 1334 dispensare
662 1252 788 1335 nequit,
804 1253 868 1316 nisi
885 1256 1051 1335 quantum
1066 1254 1097 1316 si
1111 1253 1276 1336 permittit
1288 1250 1501 1316 consuetudo

225 1347 232 1362 ’
338 1361 372 1423 in
387 1379 467 1426 casu
482 1359 703 1436 necessitatis,
722 1360 925 1443 quimorem
937 1378 1006 1425 non
1020 1361 1149 1444 patitur
1167 1360 1361 1425 recurrendi
1380 1359 1421 1423 ad
1441 1358 1507 1442 epi-

339 1487 495 1554 sccpum;
507 1472 545 1532 ut
555 1470 584 1532 si
594 1467 854 1534 concubinarius
865 1468 900 1532 in
913 1468 1053 1534 articulo
1064 1469 1183 1533 mortis
1193 1467 1297 1533 vellet
1308 1466 1506 1532 contrahere

337 1597 415 1642 cum
430 1576 629 1652 concubina,
647 1579 723 1653 eta,
734 1576 824 1661 quod
834 1576 987 1660 procedit
1000 1577 1237 1642 etiamincasu
1249 1595 1316 1660 quo
1328 1577 1507 1660 episcopus

339 1706 381 1750 ex
401 1685 606 1768 obligatione
632 1684 732 1749 officii
757 1685 810 1748 sui
831 1688 967 1748 tenetur
990 1684 1197 1769 dispensare,
1218 1685 1297 1769 quia
1317 1683 1411 1749 nullo
1429 1687 1507 1767 jure

338 1792 671 1859 constatintalicasu
680 1791 878 1858 facultatem
886 1793 1103 1876 dispensandi
1111 1793 1247 1858 devolvi
1256 1792 1300 1858 ad
1309 1794 1504 1876 parochum.

378 1903 476 1985 Resp.
495 1903 524 1966 9.
543 1901 738 1966 Ordinarius
750 1900 946 1966 facultatem
966 1901 1183 1986 dispensandi
1203 1907 1317 1986 potest
1335 1901 1431 1966 alteri
1452 1901 1508 1967 de·

339 2011 469 2092 legare,
497 2028 577 2074 nam
603 2009 638 2076 id
671 2008 765 2074 nullo
790 2011 868 2092 jure
896 2010 1114 2092 prohibetur;
1145 2011 1213 2074 imo
1242 2009 1412 2075 ordinario
1431 2009 1509 2074 licet

339 2118 544 2201 generaliter
557 2135 677 2183 omnes
699 2135 818 2182 causas
842 2117 1109 2182 matrimoniales
1130 2118 1361 2194 committere;
1378 2124 1509 2200 ergoet

340 2226 536 2293 facultatem
563 2227 598 2295 iu
624 2225 937 2290 denuntiationibus
959 2225 1188 2308 dispensandi.
1213 2225 1280 2291 Nec
1299 2244 1420 2290 verum
1445 2231 1506 2302 est,

340 2354 419 2399 cum
432 2335 536 2410 llost.,
554 2333 702 2411 Coram,
719 2332 852 2410 Sanch.,
872 2339 949 2411 etc,
967 2333 1059 2418 quod
1078 2329 1259 2399 concilium
1278 2335 1321 2399 ad
1339 2336 1427 2400 banc
1446 2335 1510 2398 dis-

340 2443 576 2526 pensationem
590 2439 693 2522 eligat
706 2441 909 2506 industriam
922 2458 1078 2524 personae
1100 2441 1259 2524 episcopi,
1272 2440 1417 2525 ideoque
1434 2461 1510 2506 earn

342 2554 498 2636 delegare
511 2558 673 2638 nequeat3
694 2571 774 2618 nam
789 2552 955 2618 industria
968 2571 1123 2636 personae
1138 2572 1207 2620 non
1221 2558 1381 2618 censetur
1392 2554 1508 2630 electa,

342 2662 477 2746 quando
492 2661 669 2742 negotium
691 2679 711 2724 a
728 2663 806 2743 jure
827 2661 1051 2724 committitur
1072 2661 1260 2744 prudentiae
1283 2679 1438 2744 personae
1462 2661 1512 2724 in-

339 2769 484 2852 cognitae
497 2772 530 2832 et
544 2767 825 2842 indeterminata,
842 2767 906 2830 nisi
923 2785 1083 2851 expresse
1096 2768 1186 2833 aliud
1204 2773 1382 2833 statuatur.

381 2880 481 2962 Resp.
497 2881 526 2943 3.
547 2879 650 2944 lustra
662 2896 773 2944 causae
788 2879 1006 2962 dispensandi
1021 2880 1056 2942 in
1072 2879 1385 2944 denuntiationibus
1406 2883 1486 2944 sunt
1504 2899 1509 2941 :

269 3065 273 3074 ι
342 2989 373 3052 l⁰
396 2986 580 3052 Probabilis
604 2987 707 3052 timor
725 2987 767 3051 de
786 2986 953 3052 malitiose
978 2987 1195 3072 impediendo
1222 2988 1453 3064 matrimonio,
1484 2989 1511 3050 si

343 3085 617 3161 denuntiationes
636 3097 933 3179 praemitterentur.
952 3097 985 3160 9⁰
1003 3096 1207 3162 Scandalum
1221 3097 1410 3180 publicum;
1432 3102 1471 3161 ut
1484 3097 1511 3159 si

341 3203 601 3270 concubinarius
613 3203 696 3268 velit
711 3204 833 3268 ducere
846 3205 1081 3280 concubinam,
1100 3223 1175 3288 qua
1190 3204 1322 3288 publice
1339 3205 1511 3269 existima-

342 3318 397 3378 tur
411 3315 486 3396 ejus
502 3331 576 3377 esse
591 3329 688 3376 uxor.
705 3312 737 3375 3⁰
760 3312 969 3395 Repentinus
982 3327 1103 3389 casus;
1124 3319 1162 3377 ut
1176 3314 1204 3377 si
1227 3314 1341 3378 statim
1361 3313 1512 3396 prcsscis·

342 3422 489 3488 cendum
504 3423 547 3485 sit
562 3422 605 3487 ad
622 3421 764 3498 bellum,
786 3422 841 3486 vel
861 3422 888 3485 si
908 3422 1089 3505 copulandi
1108 3424 1176 3486 sint
1202 3421 1447 3498 concubinarii,
1471 3441 1513 3486 ne

343 3531 492 3614 ajudice
519 3530 861 3613 comprehendantur.
888 3530 920 3593 4ο
949 3529 1052 3594 (lasus
1075 3529 1285 3596 revalidaudi
1305 3531 1512 3596 matrimonii

343 3644 445 3704 antea
458 3637 590 3722 publice
609 3638 644 3701 in
657 3637 742 3702 facie
757 3637 912 3704 Ecclesiae
927 3639 1101 3703 contracti.
1128 3640 1161 3702 5⁰
1176 3638 1326 3714 Qualitas
1339 3657 1511 3720 perscnae;

344 3752 383 3810 nt
396 3747 424 3810 si
438 3764 538 3827 reges
555 3751 589 3809 et
606 3745 661 3809 alii
676 3763 833 3829 proceres
852 3744 960 3810 velint
978 3747 1189 3823 contrahere,
1206 3746 1285 3829 quia
1305 3763 1425 3812 eorum
1444 3765 1514 3811 ma-

346 3854 504 3918 trimonia
521 3872 591 3918 non
607 3853 718 3918 solent
737 3854 939 3920 denuntiari.
961 3853 1121 3918 Similiter
1145 3855 1248 3918 etiam
1271 3854 1315 3920 ob
1330 3853 1514 3918 ludibrium

345 3961 542 4026 evitandum
560 3962 685 4026 remitti
700 3963 811 4028 solent
830 3961 1106 4027 denuntiationes
1131 3962 1206 4026 seni
1230 3961 1358 4026 volenti
1384 3967 1517 4027 contra-

343 4070 424 4136 here
439 4089 517 4134 cum
529 4070 723 4153 Juvencula.
739 4071 771 4134 6ο
787 4071 821 4135 Si
836 4073 940 4135 instet
954 4074 1088 4154 tempus
1110 4070 1289 4145 adventus,
1303 4070 1360 4134 vel
1375 4070 1517 4154 quadra-

344 4180 498 4261 gemma,
516 4180 691 4262 praemissa
705 4198 774 4244 una
789 4179 1062 4254 denuntiatione,
1079 4177 1218 4262 reliquae
1234 4179 1344 4243 omitti
1361 4183 1515 4262 possunt.

344 4288 377 4348 7⁰
388 4287 539 4371 lienique
554 4305 776 4372 quacumque
788 4285 946 4353 notabilis
961 4286 1196 4363 commoditas,
1209 4287 1281 4351 sive
1293 4287 1515 4370 spiriritualis,

346 4395 418 4459 sive
433 4395 627 4478 corporalis,
644 4394 700 4460 vel
713 4394 975 4460 incommoditas
992 4394 1161 4460 evitanda.

385 4507 482 4587 ltesp.
496 4505 525 4568 l.
542 4504 695 4570 iudicare
710 4505 752 4570 dc
772 4506 904 4588 justitia
918 4524 1029 4570 causae
1055 4511 1107 4570 est
1130 4505 1306 4581 ordinarii,
1332 4504 1404 4587 qui,
1424 4507 1519 4568 ante-

346 4631 447 4698 quam
464 4614 647 4698 dispenset,
669 4615 852 4679 summarie
875 4620 909 4682 ct
932 4614 1230 4698 catrajudicicliter
1252 4617 1446 4694 cognoscet,
1471 4631 1514 4676 an
