3500 5552
489 655 576 699 creare
597 655 725 708 ourrrus
746 651 965 698 occurramus.
1254 631 1313 696 339

131 791 227 856 prop.
241 790 344 855 super
355 772 499 854 Gropom
511 771 734 844 Deceleicum,
748 770 806 852 qui
816 767 1177 850 addiditprivationem
1186 768 1312 848 gradus

134 881 330 946 doctoratus
346 883 380 942 et
395 879 627 960 ejectioneme
644 877 856 942 medicorum
871 874 1025 956 collegio.
1041 874 1188 940 Sedhrec
1204 875 1313 958 dispo·

133 988 210 1053 sitio
226 987 374 1051 nonfuit
392 987 426 1050 iu
443 1005 518 1061 usu,
535 986 599 1049 uisi
614 987 650 1050 in
669 984 796 1049 ditione
817 983 995 1066 temporali
1011 984 1107 1048 Rom.
1129 983 1309 1048 pontilicis.

132 1097 172 1160 lli
194 1095 261 1159 duo
283 1112 382 1158 casus
398 1093 451 1158 hic
475 1095 680 1170 referuntur,
706 1099 780 1156 tum
802 1092 882 1176 quia
909 1093 950 1156 de
968 1091 1033 1155 illis
1054 1093 1167 1173 egitur
1187 1093 1313 1175 specia-

134 1206 195 1268 tim
210 1203 246 1266 in
259 1202 393 1266 duobus
416 1201 583 1285 capitibus
606 1201 709 1284 hujus
731 1201 793 1276 tit,
817 1205 890 1263 tum
904 1200 946 1264 ed
959 1199 1219 1264 instructionem
1233 1217 1313 1264 con-

133 1311 354 1377 fessariorum
367 1310 456 1374 circa
469 1309 672 1390 gravitatem
687 1309 896 1391 poenitentiae
909 1309 1140 1390 injungendae.
1160 1308 1312 1392 Sequens

132 1439 231 1487 casus
246 1420 438 1503 suppeditat
450 1419 666 1485 confessariis
681 1437 838 1484 normam
852 1417 988 1499 egendi,
1005 1437 1096 1483 nuno
1115 1419 1202 1484 siout
1217 1416 1310 1494 olim,

134 1530 348 1595 servandam.
855 1597 861 1624 ,
1327 1513 1328 1518 ¹

174 1640 206 1702 3⁰
229 1637 358 1702 Mulieri
382 1655 458 1722 quae
485 1657 527 1702 ex
550 1637 715 1703 adulterio
738 1637 871 1721 prolem
899 1637 1057 1720 suscepit,
1083 1635 1138 1702 vel
1163 1637 1313 1702 alienum

133 1750 270 1830 partum
285 1746 473 1828 supposuit,
491 1746 519 1809 si
535 1764 578 1808 ex
590 1749 686 1809 metu
701 1746 815 1826 gravis
831 1743 911 1810 mali
928 1743 1014 1809 nolit
1026 1743 1188 1808 delictum
1206 1745 1314 1808 meni-

133 1856 269 1929 iestem,
291 1871 361 1916 non
382 1859 433 1916 est
453 1852 655 1934 deneganda
676 1853 887 1935 poenitentia.
909 1851 957 1916 De
980 1853 1045 1916 hoo
1067 1869 1148 1916 casu
1170 1851 1312 1916 celebris

136 1969 188 2027 est
203 1961 327 2026 decisio
342 1959 456 2026 lunoc.
474 1960 529 2037 lll,
545 1962 582 2035 in
595 1980 623 2024 c.
640 1962 660 2024 9
673 1961 706 2024 b.
724 1965 759 2036 t.,
774 1960 829 2023 ubi
842 1959 1033 2024 consulenti
1047 1961 1202 2024 rescribit
1212 1959 1314 2042 talem

134 2070 325 2146 mulierem,
342 2088 421 2134 cum
436 2074 531 2134 tanto
545 2071 645 2134 famae
664 2075 698 2134 et
710 2069 788 2133 vitae
803 2069 965 2151 periculo,
982 2087 1051 2132 non
1068 2069 1175 2132 teneri
1189 2068 1312 2150 marito

135 2176 298 2254 revelare,
325 2183 358 2243 et
381 2179 429 2242 sio
456 2179 620 2242 damnum
646 2178 796 2243 alienum
821 2177 884 2242 heo
912 2177 1120 2242 revelatione
1145 2181 1310 2242 avertere.
1379 2183 1383 2196 ’

136 2287 232 2350 Ratio
248 2289 310 2359 est,
328 2287 407 2370 quie
426 2305 469 2350 ex
492 2285 625 2350 duobus
644 2286 743 2351 malis
758 2286 872 2350 miuus
891 2290 944 2349 est
958 2285 1172 2366 eligendum3
1191 2284 1312 2349 deinde

138 2393 173 2456 in
189 2397 340 2458 extreme
352 2396 553 2460 necessitate
567 2395 645 2460 vitae
660 2395 876 2469 constitutus,
890 2413 950 2476 pro
966 2396 1041 2478 ejus
1054 2394 1312 2459 conservatione

136 2505 248 2582 potest
265 2502 412 2566 retinere
436 2507 471 2566 et
489 2503 669 2568 absumere
691 2503 842 2568 alienum
863 2523 870 2564 :
890 2519 992 2586 porro
1014 2501 1134 2566 eadem
1154 2505 1206 2565 est
1226 2502 1312 2566 ratio

136 2609 244 2684 lemae,
259 2629 333 2692 quae
348 2611 436 2687 vitae,
449 2629 527 2675 oum
543 2611 738 2692 ignominiae
754 2615 866 2675 metus
877 2613 988 2693 major
1002 2611 1046 2674 sit
1061 2628 1164 2693 quem
1179 2609 1311 2672 mortis.

174 2719 300 2783 Tamen
329 2719 357 2781 si
380 2737 467 2782 uxor
489 2719 532 2781 sit
554 2718 652 2782 rnalae
673 2719 772 2782 farnae
794 2723 827 2782 et
850 2718 890 2782 de
906 2718 1081 2783 adulteriis
1098 2718 1248 2800 graviter
1263 2718 1313 2782 iu-

136 2829 270 2902 lamala,
292 2831 372 2891 tuno
392 2830 566 2890 teneretur
586 2828 805 2892 manifestare
824 2827 860 2891 in
875 2845 956 2891 casu
980 2845 1047 2911 quo
1070 2826 1203 2889 nullum
1222 2831 1313 2889 esset

134 2935 213 2998 vitae
229 2939 263 2998 et
278 2936 429 3016 corporis
444 2933 650 3016 periculum:
668 2935 831 3017 quiajam
846 2935 973 2998 lamam
997 2935 1167 2998 emiserat.
1183 2931 1269 2996 ltem
1285 2934 1312 2996 si

136 3063 179 3107 ex
193 3063 262 3108 non
276 3044 484 3108 revelatione
501 3047 702 3126 sequeretur
716 3043 806 3127 quod
822 3044 1001 3108 lraereticus
1017 3041 1197 3106 succedere
1212 3041 1313 3106 debe-

134 3158 188 3217 ret
201 3154 236 3217 in
250 3153 474 3229 th1·ono,cum
488 3156 609 3233 agatur
619 3151 660 3215 de
673 3153 764 3216 bono
776 3151 922 3235 publico,
937 3153 990 3216 cui
1004 3153 1132 3217 bonum
1143 3151 1312 3232 privatum

135 3263 256 3327 cedere
272 3262 383 3326 debet.

176 3370 252 3448 Sed,
269 3390 313 3435 en
331 3369 486 3435 adultere
498 3369 628 3434 crimen
642 3370 861 3435 manifestare
882 3369 1003 3436 debeat
1017 3369 1102 3454 proli
1118 3370 1252 3452 spuriae,
1270 3370 1312 3434 ad

134 3478 428 3561 compensandum
452 3481 511 3541 aut
529 3477 785 3560 impediendum
802 3477 965 3542 damnum
988 3476 1180 3542 haeredibus
1203 3477 1313 3560 logiti-
1349 3485 1351 3490 '

135 3587 201 3649 mis
225 3586 338 3649 mariti
361 3584 514 3649 illatum?
536 3586 786 3668 ltistinguitur:
812 3585 840 3650 si
862 3586 935 3649 baeo
953 3603 1040 3651 uxor·
1063 3605 1106 3649 ex
1129 3587 1199 3650 suis
1214 3587 1312 3650 bonis

135 3695 248 3777 polest
262 3711 495 3776 compensare,
513 3714 582 3759 nou
596 3694 767 3760 tenebitur
786 3692 949 3770 revelare,
971 3713 1050 3759 cum
1075 3694 1208 3760 dessoiat
1226 3696 1312 3760 ratio

136 3801 251 3866 damni
263 3802 453 3885 reparandi,
464 3806 636 3868 etbonum
650 3806 750 3870 lamae
766 3809 922 3888 oporteat
935 3823 1082 3870 servare.
1099 3805 1131 3870 Si
1146 3823 1228 3870 vero
1243 3824 1313 3870 non

134 3910 244 3994 possit
256 3928 478 3994 compensare
495 3911 670 3989 domnum,
689 3918 722 3977 et
735 3913 920 3978 revelando
936 3913 1104 3978 adducere
1121 3918 1224 3998 queat
1238 3932 1313 3997 pro·

134 4019 204 4083 lem
218 4021 369 4103 spuriam
383 4025 421 4083 ut
435 4021 614 4086 hereditati
635 4023 821 4098 renuntiet,
842 4023 1013 4087 tenebitur
1032 4022 1196 4100 revelare,
1217 4022 1314 4086 dum-

134 4129 238 4193 modo
252 4130 296 4193 sit
309 4133 402 4194 certa
415 4129 455 4194 de
472 4135 602 4194 secreto
626 4131 805 4208 servando,
822 4136 855 4195 et
868 4131 951 4196 alias
967 4151 1037 4196 non
1055 4133 1215 4195 timeatur
1234 4131 1313 4195 inde

135 4239 264 4302 oritura
281 4239 399 4319 gravia
419 4237 577 4302 scandale
590 4243 624 4302 et
639 4238 763 4303 demna
778 4240 928 4322 corporis
943 4239 999 4304 vel
1014 4239 1146 4303 animm.
1169 4239 1227 4303 llic
1240 4239 1314 4302 bre-

134 4348 223 4412 viter
237 4349 410 4431 quaeritur,

176 4455 200 4536 ct
214 4456 265 4518 An
280 4457 449 4520 consessio
474 4457 728 4522 sacramentalis
751 4457 794 4520 sit
817 4458 852 4520 in
872 4461 1061 4541 praecepto?
1084 4456 1255 4539 Theologi,
1278 4459 1314 4520 in

135 4568 279 4628 tractatu
295 4564 336 4628 de
353 4571 565 4630 sacramento
584 4567 804 4649 pmnitentiae,
829 4567 1003 4650 disputant
1024 4566 1066 4630 de
1081 4572 1250 4650 praecepto
1269 4565 1314 4629 di-

135 4674 216 4738 vino
232 4679 266 4737 et
278 4673 504 4738 ecclesiastico
517 4675 741 4740 confessionis
756 4675 1020 4752 sacramentalis,
1038 4675 1158 4745 sivein
1173 4675 1314 4750 articulo

138 4783 268 4860 mortis,
287 4784 358 4847 sive
379 4783 506 4870 pluries
522 4785 556 4849 iu
573 4785 651 4848 vita.
