3412 5570
559 613 647 662 crscn
667 612 795 671 currus
814 609 1037 660 nscnsranruu.
1326 571 1386 662 437

214 736 330 823 quitur
345 735 506 802 effectum
520 735 701 811 intentum,
717 732 773 799 vel
784 733 813 798 si
832 731 1062 816 consequitur,
1076 727 1153 815 plus
1175 730 1269 797 noxii
1289 731 1390 797 affert

215 864 319 932 quam
338 843 510 912 commodi
526 845 677 908 :etenim
696 843 834 908 afferret
847 839 1067 907 commodum
1085 839 1122 906 in
1143 839 1387 923 temporalibus

215 960 249 1021 et
261 953 502 1039 corporalibus,
520 952 763 1018 detrimentum
783 969 866 1015 vero
881 953 973 1014 esset
986 949 1120 1014 animes.
1136 949 1290 1014 Differta
1306 949 1390 1015 divi-

186 1115 191 1126 .
214 1064 364 1141 natione,
382 1061 462 1146 quia
484 1060 646 1126 divinatio
661 1059 822 1142 primario
841 1063 877 1123 et
895 1074 957 1142 per
978 1075 1014 1121 se
1030 1056 1207 1122 ordinatur
1221 1055 1265 1121 ad
1280 1055 1388 1123 solam

215 1171 447 1252 cognitionem
469 1168 690 1245 occultorum,
706 1167 857 1231 indebito
876 1165 979 1230 modo
1001 1163 1282 1247 comparandam;
1301 1182 1391 1230 vana

216 1283 332 1344 autem
347 1277 564 1344 observantia
582 1275 625 1342 ad
640 1275 800 1341 ellectum
822 1276 1003 1339 externum
1016 1271 1242 1339 obtinendum
1263 1271 1319 1340 vel
1341 1273 1390 1337 vi-

114 1386 117 1395 '
218 1386 360 1452 tandum
369 1382 489 1450 tendit.

257 1495 289 1577 a)
305 1493 391 1562 Fieri
403 1497 517 1580 potest
531 1489 719 1576 dupliciter,
736 1509 806 1557 non
821 1508 919 1558 secus
934 1508 973 1557 ac
986 1488 1160 1567 divinatio,
1182 1489 1308 1556 scilieet
1329 1509 1391 1573 per

217 1607 355 1687 paetum
370 1617 571 1685 expressum
588 1617 668 1666 cum
686 1598 852 1677 daemone,
877 1599 933 1686 vel
948 1617 1009 1684 per
1032 1603 1170 1683 pactum
1188 1599 1391 1684 imphcitum

218 1711 384 1776 duntaxat
398 1714 432 1776 at
445 1708 595 1787 tacitum,
612 1711 647 1775 et
661 1707 708 1774 sio
720 1709 851 1774 ratione
866 1707 959 1772 modi
975 1707 1049 1773 dure
1066 1713 1146 1773 sunt
1159 1706 1390 1790 generationes

218 1818 366 1902 species:

259 1925 367 2004 l⁸llst,
381 1926 517 2011 quando
532 1928 607 2011 quis
620 1944 641 1992 a
655 1927 822 2005 daensone,
835 1943 995 2010 expresse
1011 1927 1168 1992 invocato
1182 1929 1241 1990 aut
1255 1925 1291 1989 in
1303 1942 1391 1990 com-

218 2036 384 2101 mercium
406 2034 569 2113 adducto,
589 2034 731 2100 addiscit
743 2033 856 2118 aliqua
874 2035 1048 2116 incognita
1067 2034 1191 2112 media,
1217 2053 1293 2118 quae
1309 2033 1391 2097 alias

219 2147 300 2209 sunt
319 2142 491 2210 naturales
512 2159 623 2207 causae
638 2141 681 2208 ad
696 2142 837 2207 effectus
851 2141 1107 2225 producendos;
1124 2141 1328 2225 quandoque
1344 2141 1391 2205 sic

218 2253 392 2336 paciscens
409 2269 488 2316 cum
504 2250 659 2316 daemone
677 2250 790 2336 aliqua
809 2251 912 2315 etiam
933 2249 1047 2315 media
1064 2249 1207 2315 addiscit
1226 2267 1301 2334 quae
1321 2267 1392 2313 non

220 2365 299 2425 sunt
312 2358 484 2425 naturales
498 2377 609 2425 causae
624 2357 667 2424 ad
674 2359 933 2442 productionem
942 2357 1083 2423 effectus
1093 2357 1225 2434 intenti,
1237 2356 1307 2434 sed,
1321 2355 1392 2441 qui·
1502 2377 1504 2380 ¹

218 2471 283 2534 bus
298 2469 482 2553 applicatis,
500 2469 634 2534 daemou
652 2467 781 2533 occulte
797 2473 967 2552 operatur.

258 2577 291 2642 l·
302 2577 395 2642 Vana
409 2577 626 2642 observantia
638 2595 700 2660 per
712 2581 850 2660 pactum
859 2575 1060 2660 implicitum
1072 2575 1177 2638 tribus
1189 2574 1300 2640 modis
1315 2591 1392 2640 con-

218 2686 334 2766 tingit:
350 2686 382 2748 l⁰
397 2683 533 2768 quando
547 2683 690 2767 alicujus
706 2683 906 2752 calamitatis
917 2682 973 2749 vel
991 2683 1225 2767 prosperitatis
1243 2681 1392 2764 cognitio

218 2812 280 2877 per
305 2809 431 2857 vanam
450 2792 704 2857 observantiam
721 2795 933 2875 procuratur,
954 2795 993 2854 ut
1017 2809 1058 2856 ea
1074 2791 1268 2872 cognitione
1287 2791 1392 2854 homo

220 2903 360 2967 edoctus
380 2899 506 2984 aliquid
521 2901 622 2966 faciat
643 2899 822 2975 autvitet;
841 2901 873 2962 2⁰
890 2899 1026 2984 quando
1051 2898 1254 2964 adhibentur
1275 2916 1392 2982 preces

171 3012 172 3019 ’
219 3008 275 3076 vel
288 3027 384 3086 uoce,
400 3007 456 3072 vel
471 3009 607 3092 scripto,
623 3007 678 3072 vel
693 3025 852 3090 appensas
873 3007 971 3083 collo,
990 3006 1270 3072 concurrentibus
1289 3005 1392 3071 variis

219 3116 387 3202 aliquibus
397 3116 669 3192 circumstantiis,
682 3133 725 3179 ex
735 3115 858 3198 quihus
869 3119 1031 3199 appareat
1041 3113 1116 3179 illas
1126 3131 1242 3197 preces
1252 3113 1392 3178 minime

221 3225 264 3290 ad
278 3225 386 3290 Deum
402 3225 530 3302 referri,
545 3227 584 3288 ut
598 3224 646 3288 sio
665 3223 707 3288 ab
724 3221 781 3288 illo
802 3227 1016 3306 exspectetur
1030 3224 1191 3300 effectum
1208 3221 1241 3286 30
1257 3218 1392 3306 quando

221 3332 315 3397 varia
328 3332 441 3416 aliqua
450 3331 573 3408 media,
591 3335 754 3414 tanquam
766 3331 920 3397 efficaces
944 3331 1085 3396 effectus
1103 3330 1247 3413 alicujus
1268 3346 1392 3409 causae,

222 3439 426 3504 adhibentur
447 3439 518 3504 sive
538 3439 606 3503 sint
632 3437 809 3516 naturalia,
833 3443 871 3503 ut
888 3439 1014 3516 herbae,
1039 3440 1111 3504 sive
1134 3437 1330 3515 artificialia,
1355 3442 1394 3500 ut

223 3548 444 3626 characteres,
460 3549 590 3630 ligurae,
610 3565 686 3630 quae
710 3547 752 3612 de
766 3565 803 3613 se
826 3547 1017 3613 inelllcaees
1039 3547 1179 3614 suntad
1199 3565 1278 3614 cum
1296 3547 1395 3614 elfec-

224 3662 297 3721 tum
310 3656 579 3741 producendum.

265 3767 294 3848 b)
305 3767 446 3834 Ratione
467 3769 607 3851 objecti,
629 3772 776 3856 quatuor
799 3771 929 3852 speeies
948 3787 1045 3835 vauae
1066 3770 1292 3837 observantie
1315 3788 1395 3836 enu-

224 3875 348 3942 merari
358 3876 469 3941 solent
485 3897 493 3940 :
508 3878 540 3940 1⁰
553 3877 616 3942 Ars
627 3879 771 3953 notoria,
786 3878 940 3962 qusquis
956 3877 1063 3943 credit
1081 3895 1118 3945 se
1132 3881 1397 3946 consecuturum

226 3985 401 4051 scientiam
411 3986 540 4070 absque
554 3987 681 4064 labore,
697 4006 760 4071 per
774 3987 939 4072 quasdam
954 3988 1125 4053 orationes
1135 3991 1170 4055 ct
1180 3989 1323 4072 jejunia,
1339 3987 1398 4054 ad·

224 4093 339 4158 bibitis
362 4093 629 4178 inspectionibus
649 4094 873 4179 quarumdam
889 4096 1087 4177 figurarum,
1113 4095 1301 4180 prolatione
1317 4115 1398 4179 quo

226 4201 383 4266 rumdam
389 4203 574 4268 verborum
586 4203 794 4285 ignotorum.
805 4203 1043 4271 hohservatio
1053 4204 1247 4282 sanitatum,
1261 4205 1397 4289 quando

225 4311 329 4376 homo
355 4311 397 4376 ad
425 4311 605 4376 sanitatem
622 4313 793 4396 propriam
817 4317 877 4378 aut
896 4315 1074 4379 brutorum
1094 4313 1314 4379 obtinendam
1342 4313 1400 4380 vel

228 4418 443 4495 servandam,
468 4420 562 4485 varia
585 4419 741 4503 quaedam
770 4425 805 4486 et
830 4421 963 4487 inutilia
989 4421 1103 4487 media
1123 4422 1238 4498 sumit,
1262 4425 1300 4485 ut
1320 4428 1402 4486 sunt

228 4526 385 4610 quaedam
397 4527 513 4604 verba,
530 4527 638 4609 signa,
651 4529 734 4592 certi
747 4529 969 4606 characteres,
986 4527 1061 4594 talis
1073 4545 1238 4596 numerus
1250 4529 1400 4594 crucium

229 4640 263 4700 et
279 4636 482 4700 orationum.
495 4635 528 4699 30
544 4635 765 4703 Observantia
781 4639 975 4704 futurorum
993 4643 1190 4715 eventuum,
1208 4637 1343 4723 quando
1358 4656 1401 4704 ex

229 4743 355 4811 casuali
376 4748 410 4810 et
427 4744 567 4812 fortuito
587 4762 729 4812 occursu
746 4764 862 4812 rerum
885 4747 1075 4830 aliquarum
1097 4746 1400 4830 impertinentium,
