3418 5566
354 575 413 640 316
813 594 864 639 rus
886 591 1065 640 canonicor.

354 711 482 774 tionem
495 710 730 794 periculosam,
746 713 818 775 sinc
842 713 938 792 justa
960 729 1063 776 causa
1084 711 1219 775 iactam.
1246 712 1373 777 Deinde
1400 713 1456 778 lex
1479 733 1529 779 ec-

356 819 542 884 clesiastica
555 817 926 894 Indicistotaremanet,
942 818 1077 885 seclusa
1086 837 1199 902 prena,
1214 837 1275 884 sen
1286 821 1410 886 retinet
1423 827 1529 888 totam

357 945 455 992 suam
476 925 547 990 vim
569 926 775 990 directivam.
797 925 867 990 lmo
882 927 1034 991 facultas.
1045 927 1182 1008 legendi
1207 928 1311 993 libros
1337 929 1524 1012 prohibitos

357 1053 419 1100 seu
435 1035 641 1119 dispensatio
655 1035 697 1100 ab
711 1033 767 1098 illa
780 1033 856 1116 lege
871 1033 993 1098 Indicis
1009 1053 1079 1099 non
1100 1034 1189 1098 tollit
1208 1036 1451 1120 obligationem
1473 1055 1532 1102 na-

357 1145 500 1230 turalem
516 1143 644 1209 vitandi
657 1142 847 1226 pericnlum
861 1142 1003 1225 alicujus
1025 1142 1219 1206 detrimenti
1241 1145 1275 1207 in
1301 1144 1368 1208 fide
1384 1143 1439 1208 vel
1461 1163 1533 1210 rno-

323 1266 329 1281 ’
358 1252 466 1328 ribus;
487 1255 696 1335 praeceptum
710 1251 802 1316 enim
814 1251 855 1316 de
870 1251 1032 1334 peccandi
1050 1251 1201 1334 periculo
1213 1252 1351 1316 vitando
1368 1257 1420 1316 est
1430 1253 1532 1316 indis-

356 1359 540 1442 pensabile.
557 1360 794 1442 Propterbanc
807 1359 986 1436 rationem,
999 1359 1032 1422 S.
1048 1357 1212 1442 congreg.
1230 1358 1351 1423 Indicis
1366 1377 1436 1425 non
1446 1359 1531 1424 solet

357 1467 542 1532 concedere
557 1466 751 1531 facultatem
765 1465 900 1548 legendi
924 1466 1029 1531 libros
1043 1472 1160 1531 contra
1177 1467 1290 1542 fldem,
1308 1468 1375 1531 nisi
1393 1467 1530 1550 illisqui

359 1575 465 1638 tribus
478 1580 665 1658 quatuorve
684 1574 781 1637 annis
796 1573 976 1654 theologia
996 1591 1135 1657 operam
1157 1573 1325 1638 dederunt
1349 1574 1391 1655 (S.
1407 1574 1531 1656 Ligdo

359 1682 492 1748 Probz'b.
509 1681 577 1760 lib,
592 1700 621 1746 c.
638 1680 661 1760 l,
680 1701 713 1746 n.
726 1684 767 1764 5).

397 1789 487 1854 Licet
500 1790 535 1853 in
549 1789 708 1873 praesenti
725 1789 821 1854 titulo
835 1796 955 1871 agatur
966 1793 1098 1854 tantum
1112 1789 1152 1853 de
1170 1787 1264 1853 libris
1278 1790 1526 1866 baereticorum,

359 1902 477 1962 tamen
499 1898 543 1962 ob
562 1897 813 1964 connexionem
830 1898 981 1964 materiae
1007 1915 1127 1962 omnes
1151 1915 1270 1980 poenas
1292 1901 1413 1962 contra
1426 1897 1531 1962 libros

357 2023 482 2087 pravos
495 2004 581 2070 latas
595 2005 860 2070 recensebimus.
876 2005 983 2082 Unde,

400 2114 524 2189 Quaest.
542 2113 580 2176 ll.
591 2114 733 2178 —Lr'brc'
734 2113 898 2198 prohibiti
909 2116 969 2178 aad
971 2134 1077 2200 poeno
1088 2109 1441 2178 esconcmaaicotioais
1453 2113 1531 2177 lota

359 2222 532 2306 sentcntiae
540 2221 634 2286 Rom.
649 2220 745 2284 Poat.
763 2222 901 2306 speciali
911 2221 1010 2286 modo
1025 2229 1213 2285 reservatae.

401 2324 486 2388 Sunt
500 2323 642 2407 duplicis
655 2323 801 2405 generis,
819 2330 856 2386 ut
869 2328 1001 2388 constat
1016 2343 1059 2388 ex
1073 2321 1181 2388 constss
1202 2324 1401 2407 Apostotica’
1420 2322 1528 2388 Sedis.

402 2431 425 2493 1.
444 2431 593 2496 Primum
610 2449 731 2512 genus.
757 2469 796 2477 -
821 2431 854 2514 a)
864 2431 959 2496 Libri
978 2431 1209 2495 hereticorum
1228 2439 1260 2494 et
1284 2439 1528 2514 apostotorum.

361 2543 442 2605 Dua
459 2541 670 2606 conditiones
689 2543 918 2625 requiruntur,
942 2545 979 2604 ut
996 2541 1300 2606 excommunicatio
1315 2541 1529 2604 incurratur:

347 2651 393 2712 ‘1⁰
418 2655 455 2713 ut
469 2653 624 2713 auctores
644 2648 808 2712 librorum
823 2649 890 2712 sint
911 2648 983 2712 veri
1003 2649 1154 2732 certique
1172 2653 1334 2731 apostatae
1354 2647 1409 2711 vel
1427 2647 1531 2711 bare-

362 2757 434 2832 tici;
450 2773 512 2820 nec
530 2757 701 2819 sufficeret
716 2761 751 2820 ut
763 2755 940 2838 sintjudrei
950 2755 1229 2830 velinfideles320
1240 2761 1277 2818 ut
1288 2755 1364 2818 libri
1375 2754 1532 2818 baeresim

363 2884 432 2929 non
454 2871 587 2929 tantum
606 2866 812 2942 contineant,
834 2866 895 2930 sed
918 2867 1022 2930 etiam
1045 2870 1263 2949 propugnant
1280 2885 1287 2927 :
1304 2864 1396 2947 quod
1412 2882 1532 2928 verum

364 2979 430 3050 est,
454 2957 554 3059 juxta
580 2977 850 3040 communiorem
879 2975 1099 3049 sententiam,
1131 2974 1260 3038 etiamsi
1287 2972 1334 3038 illi
1360 2972 1436 3036 libri
1461 2989 1531 3036 non

363 3090 466 3164 agant
478 3103 520 3148 ex
534 3084 687 3168 professo
703 3083 744 3147 de
759 3083 933 3164 religione.

403 3192 527 3256 Verum
551 3191 758 3274 probabilius
787 3191 957 3256 sufficeret
984 3194 1022 3254 ut
1050 3190 1232 3256 manifesta
1261 3194 1295 3253 et
1326 3189 1465 3252 indubia
1490 3188 1534 3250 sit

363 3300 589 3383 propugnatio
617 3298 757 3363 baeresis
787 3298 842 3362 rel
869 3299 1048 3382 apostasia
1075 3299 1110 3360 in
1130 3297 1231 3372 libro,
1259 3297 1390 3362 etiamsi
1415 3299 1533 3359 auctor

363 3405 528 3471 hactenus
549 3407 651 3470 fuerit
667 3406 866 3482 catholicus;
889 3406 968 3490 quia
984 3409 1112 3480 auctor,
1132 3407 1233 3469 antea
1253 3422 1323 3468 non
1337 3404 1527 3476 haereticus,

364 3534 397 3578 v.
423 3534 456 3595 g.
485 3513 613 3590 Bonan,
635 3533 725 3579 nunc
744 3533 787 3579 ex
802 3515 888 3579 libro
908 3513 1090 3578 innotescit
1116 3516 1154 3577 ut
1175 3513 1355 3578 haereticus
1377 3511 1432 3576 vel
1453 3529 1532 3594 apo-

366 3625 463 3696 stata,
475 3621 553 3684 licet
566 3639 635 3684 non
645 3621 951 3706 lueritdamnatus;
969 3621 1093 3684 suflicit
1108 3625 1145 3684 ut
1155 3619 1531 3703 sitqnomodocumque

365 3728 559 3804 hereticum
576 3728 636 3792 sed
651 3727 786 3812 quando
802 3729 1029 3813 propugnatio
1038 3727 1177 3792 haeresis
1192 3745 1261 3791 non
1281 3727 1362 3790 satis
1382 3730 1531 3810 apparet,

357 3835 585 3918 presumptio
609 3834 730 3900 militat
752 3854 813 3919 pro
829 3837 969 3900 haeresis
989 3833 1272 3917 propugnatione,
1291 3834 1318 3897 si
1334 3840 1451 3898 auctor
1462 3835 1535 3915 jam

367 3948 469 4008 notus
484 3949 536 4007 cst
550 3949 587 4008 ut
601 3944 751 4008 formalis
765 3944 955 4009 haereticus.

407 4051 437 4134 d)
461 4050 629 4135 Sequitur,
654 4053 686 4115 1⁰
707 4052 1093 4118 excommunicationem
1114 4051 1219 4116 latam
1245 4051 1279 4112 in
1307 4049 1399 4114 bulla
1423 4047 1535 4114 Coeaoe

367 4160 660 4242 contralegentes,
679 4165 741 4226 etc.
761 4161 866 4225 libros
885 4161 1123 4224 hereticorum
1148 4160 1189 4223 de
1212 4157 1375 4240 religione
1400 4176 1442 4221 ex
1461 4175 1536 4240 pro-

367 4270 458 4333 iesso
481 4274 674 4344 tractantes,
700 4287 770 4333 non
792 4286 979 4344 remanere,
1007 4267 1035 4330 si
1059 4266 1216 4330 baeresim
1242 4284 1311 4330 non
1341 4266 1537 4330 contineant

367 4396 430 4442 nec
444 4381 676 4462 propugnant;
691 4377 723 4439 2⁰
738 4375 1125 4440 excommunicationem
1138 4374 1242 4438 latam
1253 4392 1273 4437 a
1286 4372 1457 4437 Clemente
1467 4370 1537 4434 Vlll

367 4485 646 4566 contralegentes
660 4484 784 4547 librum
798 4481 939 4546 Talmud
954 4501 1022 4546 non
1033 4501 1210 4546 remanere
1226 4483 1350 4564 injure
1365 4498 1466 4544 novo.

409 4592 475 4656 Sed
489 4591 570 4676 quid
583 4591 721 4675 praecise
736 4590 851 4654 veniat
868 4590 1006 4653 nomine
1028 4588 1102 4652 libri
1123 4589 1158 4652 in
1182 4589 1235 4652 bis
1256 4587 1537 4671 prohibitionibus

368 4699 581 4782 poenalibus?
610 4699 708 4781 Resp.
740 4697 929 4778 generatim
956 4698 1093 4760 nomine
1125 4696 1200 4760 libri
1229 4697 1346 4760 venire
1377 4694 1537 4780 quaelibet
