3500 5552
554 443 642 522 rinna
663 470 790 530 noturus
811 471 1029 522 oacaerauuu.
1160 445 1162 450 ’
1326 455 1386 520 573

209 592 324 657 buitur
337 591 566 658 communiter
579 593 621 658 ab
635 593 715 670 Ab,
732 599 770 658 ut
784 593 865 658 dicit
883 593 915 658 S.
942 593 1011 674 lig.
1036 591 1067 675 (l.
1093 591 1160 668 Vll,
1177 610 1210 656 n.
1234 592 1284 674 te)
1308 599 1386 676 post

208 701 335 766 multos
348 700 408 764 T'l.
425 701 467 790 ab
482 701 557 784 ipso
571 702 703 767 citatos.

249 807 281 872 3Φ
292 807 432 892 Ioteqra
442 810 666 874 communitas
677 826 748 874 non
757 814 871 893 potest
882 809 1256 886 excommunicari‚nisi
1269 808 1384 874 forsan

208 921 382 983 constaret
401 936 522 986 omnes
546 918 739 1002 deliquisse,
763 925 798 984 et
818 925 897 984 tunc
916 923 1008 984 esset
1022 919 1143 995 valida,
1159 917 1239 982 licet
1259 917 1383 994 illicita,

209 1043 252 1090 ex
266 1045 295 1091 c.
307 1027 339 1122 χἱό
358 1026 393 1090 h.
413 1031 436 1090 t.
460 1027 496 1090 in
509 1027 552 1104 6⁸,
570 1028 661 1112 quod
676 1029 833 1112 prohibet
853 1028 1050 1114 simpliciter
1068 1027 1180 1111 quoad
1197 1026 1386 1091 communi-

210 1137 307 1200 tates.
328 1133 472 1200 Necesse
493 1141 546 1201 est
567 1139 606 1200 ut
627 1137 818 1220 subjectum
834 1155 987 1203 censurae
1004 1137 1049 1200 sit
1062 1153 1209 1220 persona
1231 1134 1386 1200 determi-

208 1247 299 1307 nata.
316 1243 425 1319 Quare
438 1261 509 1308 non
522 1248 641 1326 posset
656 1244 760 1311 etiam
771 1245 853 1310 ferri
865 1243 1171 1310 excommunicatio
1189 1243 1224 1305 in
1238 1241 1386 1327 aliquem

124 1405 130 1415 ..
208 1331 376 1416 incertum
396 1369 439 1416 ex
457 1352 714 1429 communitate,
738 1353 796 1436 qui
815 1351 942 1419 scilicet
968 1351 1035 1416 tale
1054 1351 1183 1417 crimen
1197 1349 1387 1434 'patraverit

208 1455 252 1539 (S.
268 1457 351 1540 Lig,
369 1457 409 1524 de
425 1457 535 1535 Cena,
551 1457 609 1523 lib.
626 1457 692 1536 Vll,
707 1479 740 1524 n.
755 1459 815 1542 18),
831 1460 953 1526 saltem
968 1461 995 1524 si
1013 1456 1319 1526 excommunicatio
1335 1457 1384 1522 le-

208 1569 302 1630 retur
315 1585 377 1650 per
388 1566 531 1632 modum
546 1568 736 1634 sententia.
749 1567 878 1634 Tamen
887 1569 1115 1634 communitas
1131 1585 1192 1632 seu
1203 1565 1386 1647 collegium

207 1673 362 1740 interdici
377 1678 411 1738 et
426 1674 587 1758 suspendi
600 1677 714 1759 potest
732 1676 844 1760 quoad
860 1682 955 1741 actus
974 1674 1176 1760 capitulares
1193 1695 1200 1739 :
1217 1673 1386 1757 colligitur

208 1799 251 1845 ex
264 1781 386 1848 eodem
399 1801 486 1866 cap,
506 1783 596 1866 quod
611 1784 747 1849 unicam
762 1789 896 1850 tantum
911 1785 1011 1850 affert
1024 1783 1271 1868 exceptionem.
1287 1782 1384 1847 Ratio

207 1888 413 1955 diversitatis
432 1894 493 1968 est,
517 1891 596 1975 quia
616 1891 924 1958 excommunicatio
945 1895 998 1957 eat
1011 1891 1214 1980 gravissima
1227 1907 1382 1966 censura,

210 2015 283 2081 quae
306 1997 423 2062 multia
446 1998 546 2064 bonis
567 1999 798 2083 spiritualibus
825 2000 947 2084 privat,
973 2003 1008 2065 et
1028 1999 1105 2066 idco
1126 2001 1326 2064 innocentes
1345 2015 1386 2063 ea

207 2104 305 2186 ligari
325 2111 512 2190 nequeunt,
533 2106 594 2172 sed
615 2112 749 2173 tantum
772 2113 927 2174 auctores
952 2107 1099 2172 sceleris.
1119 2104 1245 2170 Tamen
1265 2108 1386 2170 notan-

209 2213 290 2280 dum
300 2219 352 2278 est
366 2214 458 2298 quod
472 2217 652 2300 suspensio
666 2217 702 2282 in
722 2217 1005 2283 communitatem
1024 2216 1103 2293 lata,
1120 2215 1275 2280 membra
1289 2213 1384 2276 inno-

205 2325 481 2402 condocefecit,
498 2324 691 2409 nisiquoad
703 2327 896 2392 functiones
913 2330 948 2392 et
958 2329 1038 2409 jura
1054 2323 1303 2400 communitati,
1319 2340 1386 2405 qua

206 2432 275 2508 tali,
292 2433 466 2500 collective
484 2435 723 2518 competentia,
745 2455 815 2503 non
828 2453 911 2501 vero
927 2433 1038 2519 quoad
1051 2435 1245 2500 functiones
1260 2435 1294 2516 et
1305 2433 1384 2515 jura

206 2559 281 2626 quae
298 2541 441 2623 singulis
457 2541 655 2626 singillatim
669 2548 880 2627 competunt.
904 2543 953 2609 lta
974 2543 1203 2608 communiter
1221 2541 1288 2604 ob.
1322 2529 1324 2534 ’

245 2653 274 2734 c)
287 2651 338 2715 An
353 2651 444 2716 idem
457 2653 561 2716 homo
578 2671 619 2718 ex
635 2651 778 2716 diversis
791 2653 902 2716 causis
911 2650 1012 2732 ligari
1022 2641 1131 2734 possit
1142 2649 1295 2733 pluribus
1305 2667 1381 2714 cen·

205 2759 318 2824 suris?
332 2761 364 2823 1ο
379 2757 515 2825 Certum
528 2765 581 2824 est
595 2759 755 2824 eumdem
769 2759 946 2824 hominem
960 2776 1061 2841 posse
1077 2776 1120 2822 ex
1129 2757 1273 2822 diversis
1284 2757 1382 2823 delic-

205 2867 247 2929 tis
261 2865 414 2948 pluribus
428 2867 581 2933 censuris
594 2866 734 2931 dioneae
746 2867 898 2942 rationis,
921 2884 953 2930 v.
974 2885 1008 2949 g.
1033 2865 1256 2948 suspensione
1278 2870 1313 2929 et
1326 2883 1384 2950 ex-

203 2976 524 3052 communicatione,
542 2977 629 3042 alllci
643 2994 744 3060 posse
762 2995 769 3038 :
784 2994 863 3042 cum
871 2992 1026 3040 censura
1041 2975 1111 3038 sint
1122 2973 1265 3039 diversae
1281 2973 1383 3038 ratio·

205 3081 268 3156 nis,
286 3099 325 3146 ac
346 3082 488 3165 proinde
514 3101 585 3148 non
603 3083 738 3167 privent
759 3083 881 3148 iisdem
900 3083 999 3147 bonis
1026 3079 1267 3165 spiritualibus,
1298 3080 1382 3145 nihil

204 3189 347 3272 impedit
362 3191 544 3275 quominus
558 3189 826 3275 multiplicentur
835 3193 871 3258 in
881 3191 1003 3258 eodem
1015 3191 1181 3273 subjecto.
1190 3189 1379 3254 ltaomnes.

243 3299 275 3362 Ψ
299 3299 334 3362 Si
357 3306 516 3382 ageretur
542 3299 583 3366 de
610 3299 764 3366 censuris
787 3301 940 3382 ejtcadem
962 3301 1115 3378 rationis,
1138 3317 1171 3364 v.
1197 3317 1230 3380 g.
1257 3295 1381 3380 duplici

205 3411 568 3489 excommunicatione,
593 3413 786 3477 communis
811 3413 914 3478 etiam
936 3411 1106 3478 sententia
1124 3414 1218 3474 tenet
1232 3407 1381 3491 aliquem

202 3536 304 3600 posse
318 3518 408 3582 affici
426 3518 551 3602 duplici
565 3537 712 3585 censura
726 3519 766 3583 ob
779 3519 928 3586 dioneae
943 3538 1073 3584 causas·
1090 3518 1174 3584 Nam
1193 3517 1257 3582 etsi
1272 3516 1380 3580 ambas

201 3625 337 3708 privent
346 3626 467 3691 iisdem
477 3627 575 3693 bonis
588 3627 829 3711 spiritualibus,
843 3632 958 3694 manen
967 3627 1081 3710 potius
1091 3625 1257 3690 inducunt
1266 3623 1380 3688 vincu-

198 3733 284 3811 lum,
300 3752 403 3800 causa
415 3735 625 3819 privationis,
646 3754 749 3820 quam
762 3736 873 3819 ipsam
893 3735 1135 3820 privationem
1153 3731 1246 3818 atqui
1261 3733 1378 3796 vincu-

200 3840 273 3906 lum
293 3843 422 3911 morale
437 3844 652 3928 multiplicari
666 3850 789 3928 potest,
811 3845 946 3911 tametsi
965 3843 1109 3925 privatio
1133 3861 1204 3908 non
1218 3839 1379 3924 multipli-

201 3956 320 4016 cetur:
340 3971 373 4016 v.
390 3970 423 4034 g.
446 3953 621 4036 quodlibet
639 3961 816 4036 peccatum
837 3953 980 4020 mortale
1000 3954 1112 4039 privat
1128 3952 1238 4034 gratia
1256 3949 1378 4015 sancti-

201 4061 335 4128 ttcante.
352 4062 402 4127 lta
416 4079 549 4140 omnes,
565 4062 656 4146 apud
671 4063 981 4146 schmalzgrueber,
996 4082 1030 4128 n.
1047 4065 1098 4128 bt.

240 4171 273 4232 3ο
287 4169 437 4235 'landem
451 4170 625 4253 probabile
640 4170 796 4255 estquod
810 4171 919 4253 possit
932 4170 1054 4256 aliquis
1073 4171 1114 4236 ob
1128 4172 1283 4238 eamdem
1298 4191 1377 4238 ccu-

199 4297 273 4342 ram
285 4277 383 4360 ligari
397 4297 542 4344 censura
555 4278 679 4363 duplici
690 4280 841 4361 ejusdem
853 4281 1006 4346 rationis.
1019 4280 1103 4346 Nam
1112 4280 1376 4347 causatormalis

200 4390 253 4450 est
268 4385 413 4463 diversa,
431 4405 554 4471 nempe
570 4386 705 4453 diversa
718 4389 941 4456 contumacia.
957 4389 1040 4454 Hinc
1054 4388 1201 4454 ebidem
1215 4389 1375 4454 delictum

8 4515 10 4574 ;
121 4575 126 4584 .
200 4513 269 4560 una
287 4514 431 4562 censura
448 4495 529 4561 ferri
547 4501 800 4580 possetaJ'ure,
815 4498 922 4565 altera
937 4499 979 4566 ab
998 4499 1153 4576 homine3
1169 4499 1252 4566 item
1270 4517 1376 4564 unae

200 4604 257 4669 tali
277 4605 403 4688 judice,
431 4605 537 4672 altera
564 4608 606 4672 ab
629 4607 707 4688 alio,
726 4610 754 4674 si
777 4609 865 4674 adsit
889 4614 1046 4692 respectu
1065 4611 1232 4694 cujusque
1249 4607 1374 4690 judicis
