3508 5568
365 505 405 572 dl
825 520 876 570 rus
898 521 1077 570 oenomaum.

368 644 547 730 qualitates
557 639 670 708 aTrid.
689 659 772 705 sess.
787 642 837 717 lt,
851 661 879 706 c.
895 642 1057 725 i,deIles.
1070 651 1185 716 mota,
1201 639 1538 726 nonrequirunturin

366 750 513 834 parocho
538 750 589 832 (t).
610 749 752 814 Nomine
778 750 916 832 parochi
942 750 1085 814 veniunt
1108 750 1210 816 etiam
1231 749 1278 812 illi
1305 750 1363 833 qui
1388 748 1538 817 comula-

367 859 473 922 tivam
491 860 696 940 potestatem
714 857 842 921 habent
860 875 938 921 cum
956 858 1116 940 parocho,
1139 863 1176 922 ut
1194 859 1384 942 episcopus,
1405 856 1538 938 legatus

367 965 583 1050 apostolicus,
609 964 714 1048 Papa,
743 965 931 1030 cardinales
954 965 990 1029 in
1010 966 1159 1031 ecclesiis
1184 985 1325 1031 suorum
1349 965 1535 1042 titulorum,

366 1074 562 1157 capitulum,
588 1072 668 1137 sede
692 1078 850 1149 vacante;
877 1073 960 1136 item
984 1072 1031 1136 illi
1057 1074 1114 1157 qui
1138 1073 1229 1138 vices
1255 1074 1392 1156 parochi
1419 1079 1540 1154 agunt,

368 1185 406 1247 ut
426 1181 540 1248 vicarii
556 1178 711 1263 perpetui
729 1185 763 1243 et
780 1178 985 1262 temporales
1005 1180 1057 1263 (l).
1075 1180 1169 1246 Unde
1192 1183 1223 1245 1⁰
1248 1181 1283 1244 in
1306 1181 1453 1263 parocho
1468 1197 1538 1245 non

367 1291 551 1374 requiritur
565 1288 708 1372 qualitas
733 1287 933 1365 sacerdotii;
959 1289 1038 1371 quia
1059 1290 1132 1354 sine
1156 1290 1219 1354 hac
1243 1293 1295 1354 esi
1317 1307 1419 1354 verus
1441 1305 1538 1374 paro-

367 1397 462 1474 chus,
480 1400 514 1462 et
528 1397 687 1460 assistere
702 1399 825 1477 potest,
845 1413 924 1460 oum
937 1395 1131 1461 assistentia
1145 1413 1215 1461 non
1231 1396 1275 1460 sit
1288 1402 1383 1462 actus
1398 1396 1535 1474 ordinis,

368 1505 428 1570 sed
445 1504 640 1568 testimonii.

407 1670 465 1726 Neo
479 1666 599 1725 obstant
616 1665 708 1724 uerba
722 1667 772 1724 cit.
794 1665 891 1724 Trid:
906 1667 953 1725 ccl
967 1665 1027 1725 olio
1041 1667 1204 1740 sacerdote,
1219 1681 1288 1726 nam
1302 1667 1447 1740 particula
1459 1665 1539 1726 otius

368 1771 428 1814 non
443 1768 562 1826 semper
576 1759 622 1812 est
637 1754 791 1826 repetitiva
807 1753 963 1826 similium,
978 1755 1030 1814 scd
1044 1757 1223 1830 quandoque
1235 1757 1440 1828 dissimilium,
1453 1761 1540 1829 prout

369 1845 504 1918 subjecta
518 1843 642 1902 materia
657 1842 788 1915 petitum
811 1841 892 1902 sicui
906 1846 988 1914 Luc,
1009 1861 1099 1902 rxnr:
1123 1845 1312 1906 mactantur
1323 1851 1423 1905 comm
1439 1849 1468 1904 et
1486 1843 1541 1904 aiii

369 1933 426 1992 duo
442 1945 571 2006 nequam
583 1945 650 1990 com
664 1945 707 1989 co.

408 2115 440 2178 2⁰
459 2114 628 2179 Paroohus
645 2131 831 2197 suspensus
845 2112 901 2177 vel
916 2116 1240 2194 excommunicatus,
1258 2116 1361 2181 eiiam
1374 2133 1444 2180 non
1459 2114 1542 2179 tole-

369 2228 474 2298 ratus,
500 2221 610 2286 valide
630 2222 758 2286 assistit
780 2222 1009 2301 matrimonio,
1039 2225 1118 2307 quia
1141 2225 1251 2290 adhuc
1278 2230 1330 2289 ost
1352 2224 1539 2306 parochus;

370 2348 448 2394 cum
468 2349 621 2396 censura
644 2333 717 2396 isia
745 2351 815 2398 non
838 2332 958 2398 tollant
982 2333 1119 2397 titulum
1142 2331 1308 2416 parochiae
1333 2354 1445 2418 neque
1468 2331 1541 2396 inii-

371 2439 461 2502 ciant
479 2438 582 2503 talem
596 2440 843 2518 assistentiam3
860 2459 938 2504 cum
952 2440 1018 2504 iste
1035 2458 1098 2504 neo
1114 2440 1156 2504 sit
1170 2444 1265 2504 acius
1281 2441 1538 2523 jurisdictionis,

371 2565 433 2610 neo
460 2553 555 2612 actus
578 2547 678 2612 oflicii
703 2547 766 2611 suh
790 2565 970 2612 censuram
991 2546 1126 2622 cadens,
1152 2565 1214 2612 nec
1237 2553 1331 2613 actus
1357 2547 1540 2612 testimonii

371 2655 559 2738 specialiter
574 2653 754 2740 qualiiicaii
768 2675 774 2732 ;
790 2673 831 2720 eo
847 2654 937 2737 quod
951 2660 1054 2718 testes
1068 2653 1170 2718 etiam
1181 2652 1326 2718 infames
1336 2656 1542 2739 recipiantur

371 2764 414 2828 ad
429 2763 664 2846 probationem
677 2762 895 2828 matrimonii.
919 2763 951 2825 3ο
974 2761 1154 2836 parochus,
1179 2762 1232 2825 cui
1254 2762 1443 2827 ordinarius
1467 2782 1542 2845 spe-

372 2871 501 2938 cialiter
514 2871 688 2955 prohibuit
699 2871 856 2936 assistere
872 2871 1100 2944 mairimonio,
1120 2866 1200 2932 licei
1219 2871 1410 2936 assistendo
1433 2872 1541 2952 gravi-

373 2988 425 3044 tcr
439 2985 555 3063 peccet
568 2985 686 3045 contra
696 2985 904 3063 praeceptnm
922 2977 1117 3060 superioris,
1130 2977 1241 3043 valide
1265 2983 1380 3042 tamen
1394 2980 1521 3044 assistit
1533 3001 1540 3055 ;

374 3088 453 3170 quia
462 3088 619 3170 perhanc
628 3079 890 3170 prohihitionem
899 3103 969 3163 non
980 3085 1104 3149 desinit
1114 3103 1188 3150 esse
1200 3086 1356 3168 proprius
1362 3088 1539 3170 parochus,

374 3214 413 3261 ao
432 3179 574 3279 proinde
595 3194 690 3258 locus
709 3197 760 3258 est
774 3192 901 3275 regulae
919 3213 926 3256 :
942 3218 957 3250 «
975 3193 1077 3256 Multa
1099 3192 1172 3256 lieri
1195 3193 1417 3276 prohihentur
1432 3221 1459 3270 n,
1477 3199 1539 3259 etc.

374 3303 422 3366 Ex
448 3320 515 3386 quo
543 3305 638 3384 patet
660 3301 839 3384 disparitas
862 3300 904 3366 ad
927 3319 955 3365 c.
979 3301 1032 3378 to,
1055 3299 1097 3364 de
1118 3300 1239 3375 aleca,
1264 3300 1342 3384 quia
1363 3303 1542 3383 suspensio

374 3410 485 3494 privat
511 3427 595 3473 voco
621 3410 732 3473 activa
756 3414 790 3473 et
818 3409 971 3492 passiva,
1002 3412 1036 3472 ei
1062 3425 1155 3471 cons.
1184 3407 1290 3470 inlicit
1316 3407 1540 3474 electionem:

375 3521 513 3580 econtra
525 3516 614 3580 dicta
621 3515 801 3598 prohibitio
813 3533 882 3579 non
895 3515 1006 3596 privat
1018 3513 1117 3578 titulo
1125 3515 1302 3596 parochiae.
1312 3515 1415 3581 Mulio
1429 3517 1542 3580 minus

375 3623 496 3688 valida
516 3622 717 3688 assistentiae
733 3623 845 3685 obstat
865 3622 936 3685 vite
952 3621 1134 3684 criminosa
1150 3622 1302 3703 parochi,
1322 3621 1543 3708 veloocultus

376 3731 528 3796 deiectus
540 3729 637 3806 tituli,
650 3729 836 3795 dummodo
846 3746 1008 3793 exerrcre
1018 3730 1191 3793 communi
1200 3729 1432 3813 habeaturprc
1446 3749 1543 3815 paro

375 3841 450 3918 cho,
470 3846 508 3904 ut
521 3839 603 3906 alias
619 3858 709 3924 saepe
725 3839 853 3905 dictum
866 3857 908 3904 ex
923 3839 944 3901 l.
959 3838 1138 3904 cartarius
1148 3840 1178 3914 3,
1190 3839 1226 3903 ff.
1239 3839 1280 3904 de
1291 3840 1389 3923 Offic.
1405 3849 1540 3925 prator.

377 4037 456 4102 igitur
471 4039 492 4091 si
506 4041 639 4089 constaret
652 4037 753 4089 nullam
769 4037 802 4088 ab
819 4036 894 4088 initio
914 4036 994 4088 luisse
1010 4035 1174 4087 voluntatem
1191 4036 1326 4098 manendi,
1350 4035 1468 4087 reddum
1488 4051 1544 4088 non

378 4113 444 4166 ioret
455 4114 653 4165 matrimonium
664 4118 829 4165 contractum
843 4117 905 4163 ania
919 4127 964 4162 ecc
975 4127 1074 4162 moraes
1086 4111 1256 4162 habitationis
1269 4112 1356 4163 realis.

410 4192 442 4254 (i)
457 4190 589 4240 Perochus
601 4189 706 4254 oripinis
719 4202 775 4240 non
790 4192 913 4239 censetur
927 4188 1049 4252 proprius
1062 4189 1090 4238 in
1104 4188 1198 4239 ordine
1211 4189 1246 4238 ad
1262 4188 1471 4240 contrahendum
1487 4203 1544 4240 ma·

376 4267 540 4329 trimetriam,
551 4270 581 4318 ut
589 4267 688 4331 pluries
702 4266 845 4316 declaravit
856 4263 882 4315 S.
894 4265 988 4329 Congr.
1001 4265 1079 4316 (lonc.
1087 4303 1093 4324 ,
1101 4265 1237 4329 speciatim
1248 4265 1276 4315 in
1286 4265 1432 4329 Mutinensi,
1444 4267 1471 4318 18
1480 4280 1542 4320 nor.

378 4343 547 4393 iiiiverum
555 4341 613 4392 aad.
626 4341 652 4392 S.
666 4341 771 4404 (ionga,
783 4341 809 4390 in
818 4338 953 4404 hepatia,
964 4341 995 4389 at
1005 4340 1068 4390 maii
1076 4341 1145 4404 1ῖ88,
1157 4341 1299 4392 declaravit
1307 4341 1451 4406 paroehum
1461 4344 1544 4392 domi·

377 4417 430 4468 eiiii
450 4418 564 4482 paterni,
585 4417 698 4467 materni
716 4420 743 4466 et
758 4417 866 4466 fraterni
884 4429 963 4480 posse
983 4417 1105 4468 assistere
1123 4417 1297 4468 matrimoniis
1315 4417 1464 4482 puellarum
1483 4433 1543 4484 quae

376 4494 533 4544 famulatum
545 4495 671 4558 praestant
685 4493 713 4542 in
728 4491 786 4542 aliis
796 4491 869 4554 locis.

410 4571 444 4634 (Ξ)
464 4570 501 4620 lta
520 4573 546 4620 et
561 4567 698 4634 coadjutor
716 4567 823 4632 parochi
846 4567 872 4616 in
894 4581 991 4631 genere
1013 4569 1152 4633 deputatus
1173 4569 1206 4619 ad
1231 4575 1394 4622 sacramenta
1417 4571 1544 4622 adminis-

377 4647 480 4697 irands.
