3514 5564
385 592 452 656 ‘itt
850 608 900 658 tus
920 608 1098 660 canoniam.

391 731 579 814 detegatur,
594 732 722 798 resumi
740 735 886 814 possunt
907 737 942 796 et
961 749 1080 795 rursus
1103 730 1139 793 in
1157 728 1354 814 judicialem
1365 733 1561 794 controver-

391 839 479 905 siam
488 840 650 906 revocari.
674 839 770 916 Quod
784 839 814 903 si
828 858 848 905 a
863 839 1013 904 secunda
1024 837 1194 904 sententia
1207 855 1310 920 super
1323 835 1490 916 nullitate,
1505 837 1560 902 vei

390 945 496 1012 altera
514 965 591 1030 pars
614 945 846 1030 appellaverit,
871 946 926 1010 vel
947 944 1145 1029 hujusmodi
1169 945 1223 1020 sit,
1241 949 1278 1008 ut
1302 944 1344 1020 ei,
1364 943 1460 1010 salva
1482 963 1563 1009 con-

388 1055 539 1130 scicntia,
565 1055 724 1120 defensor
742 1055 951 1120 matrimonii
980 1052 1266 1140 acquiescendum
1287 1071 1357 1117 non
1377 1056 1484 1137 putet,
1507 1050 1562 1118 vel

390 1163 469 1245 quia
481 1163 544 1228 sihi
559 1163 694 1228 videtur
711 1163 891 1228 manifeste
905 1163 1034 1246 injusta
1048 1161 1103 1227 vel
1115 1161 1276 1237 invalida,
1294 1161 1350 1226 vel
1367 1162 1447 1245 quia
1460 1162 1563 1226 fuerit

387 1266 457 1335 lata
475 1270 512 1336 in
526 1270 626 1336 tertia
638 1271 811 1347 instantia,
829 1276 864 1335 et
881 1269 926 1334 sit
945 1269 1159 1336 revocatoria
1176 1267 1316 1335 alterius
1336 1268 1561 1352 precedentis

391 1394 493 1460 super
519 1377 691 1444 validitate
724 1378 760 1441 in
802 1376 952 1443 secunda
987 1377 1149 1442 instantia
1191 1381 1368 1452 emanata,
1401 1377 1562 1444 volumus

269 1501 272 1508 ’
390 1488 429 1548 ut
463 1486 561 1550 flrma
586 1489 787 1551 remanente
819 1485 955 1568 utrique
976 1485 1115 1567 conjugi
1142 1484 1369 1569 prohibitione
1399 1485 1443 1551 ad
1474 1484 1559 1551 alias
1590 1487 1597 1498 ‘

389 1592 587 1658 transeundi
610 1594 757 1678 nuptias,
785 1584 869 1678 quas
891 1594 920 1658 si
948 1594 1150 1659 contrahere
1174 1594 1247 1658 ausi
1267 1593 1405 1669 fuerint,
1435 1595 1558 1677 pronis,

389 1705 427 1763 ut
450 1691 638 1784 prae‘iertur,
661 1720 682 1768 a
705 1702 804 1767 nobis
825 1701 1019 1766 constitutis
1042 1701 1185 1766 subesse
1205 1700 1438 1776 decernimus;
1459 1719 1563 1767 causa

388 1809 422 1873 in
443 1809 542 1874 tertia
562 1809 618 1874 vel
639 1814 759 1893 quarta
778 1809 939 1874 instantia
962 1815 1198 1890 cognoscatur,
1218 1809 1361 1874 servatis
1381 1807 1562 1891 diligenter
1603 1859 1606 1864 ‚

388 1917 547 1982 omnibus
562 1937 638 2002 qaae
653 1937 673 1984 a
687 1919 785 1984 nohis
798 1920 834 1982 in
848 1919 958 2002 prima
973 1923 1007 1982 et
1023 1918 1171 1984 secunda
1183 1918 1345 1984 instantia
1357 1918 1562 1984 demandata

388 2026 541 2102 luerunt,
563 2045 698 2111 nempe,
728 2028 763 2090 in
793 2026 943 2111 quolibet
969 2025 1121 2109 judiciali
1147 2031 1235 2104 actu,
1258 2027 1360 2092 citato
1388 2032 1423 2092 et
1444 2027 1560 2092 audito

389 2131 568 2198 deiensore
587 2133 805 2210 matrimonii,
823 2134 881 2218 qui
902 2132 1049 2217 ajudico
1067 2133 1177 2198 tertiae
1192 2134 1363 2199 instantiae
1378 2133 1561 2217 deputatus

325 2277 330 2290 ·
387 2239 500 2308 fuerit.
1505 2301 1508 2308 ,

390 2410 394 2422 ,
427 2347 545 2426 Quoad
559 2363 679 2415 causas
691 2350 988 2416 matrimoniorum
1012 2349 1128 2415 Romae
1146 2348 1394 2434 disceptandas,
1409 2347 1561 2434 precipit

387 2458 502 2524 omnia
516 2463 550 2524 et
564 2459 699 2542 singula
712 2479 813 2544 supra
834 2459 1030 2544 prescripta
1045 2459 1213 2526 servanda
1233 2478 1320 2526 esso.
1338 2459 1464 2524 Verum
1481 2477 1560 2524 cum

351 2555 353 2558 ’
386 2565 458 2632 haec
472 2567 516 2632 sit
529 2561 740 2652 particularis
752 2569 864 2646 curiae,
875 2568 953 2634 vide
965 2567 1147 2652 peculiaria
1161 2587 1237 2653 quse
1248 2572 1439 2653 sequuntur
1451 2568 1488 2632 in
1500 2567 1556 2634 cit.

386 2673 520 2740 constit.
536 2675 689 2755 e§13ad
703 2680 842 2755 totum'§
857 2677 906 2740 is.

391 2925 394 2935 y
479 2825 632 2922 ¹11.tn,et
646 2858 786 2925 quomodo
801 2858 947 2913 vincutum
957 2859 1131 2914 matrimonii
1147 2859 1200 2916 rati
1214 2859 1327 2914 dissolri
1341 2860 1452 2928 possiti

375 3013 394 3082 f
426 2997 763 3086 nospitinunum
776 3003 984 3068 matrimonii
998 3003 1072 3081 rati,
1094 3001 1247 3068 etmulto
1263 3003 1374 3085 magis
1398 3021 1558 3070 consum-
1658 3065 1660 3070 ,

386 3112 479 3189 meti,
496 3112 536 3176 de
547 3113 624 3194 iure
640 3111 785 3178 naturali
796 3129 859 3202 seu
878 3111 920 3176 ab
935 3111 1129 3188 intrinseco,
1147 3112 1280 3195 dejure
1296 3113 1411 3178 divino
1426 3119 1462 3178 et
1474 3131 1559 3197 pon*

388 3221 489 3286 tificio
505 3227 557 3285 est
569 3219 801 3294 indissolubile
819 3241 826 3283 :
842 3221 890 3287 ita
908 3220 1019 3306 quoad
1040 3239 1114 3286 rem
1128 3222 1320 3286 communis
1341 3227 1375 3286 et
1387 3240 1469 3288 vera
1484 3239 1559 3286 sena

388 3329 624 3408 tentiaoonira
637 3327 833 3393 Michaelem
853 3327 894 3393 de
913 3327 1056 3404 Medina,
1076 3346 1179 3414 quem
1202 3329 1310 3394 secuti
1328 3333 1410 3395 sunt
1430 3328 1560 3413 aliquot

387 3436 556 3502 interioris
579 3442 669 3502 notae
689 3437 832 3520 juristae,
857 3438 972 3501 minus
995 3443 1093 3503 cauto
1117 3436 1278 3502 docentes
1302 3437 1558 3503 matrimonium

387 3549 500 3610 ratum
523 3543 595 3611 solo
607 3546 685 3627 June
705 3543 930 3610 ecclesiastico
945 3563 1021 3611 esse
1042 3543 1233 3610 insolubile.
1251 3545 1348 3610 Proh.
1365 3545 1396 3608 i·
1417 3563 1497 3628 pars
1516 3563 1560 3610 ex

389 3652 527 3731 Gen.,u,
542 3653 583 3716 id
594 3657 629 3718 et
643 3670 733 3735 seq-3
750 3671 852 3736 quem
867 3657 1000 3717 textum
1013 3652 1184 3736 explicans
1197 3652 1297 3730 ind,
1316 3671 1400 3718 sess.
1417 3653 1468 3730 ai,
1484 3671 1560 3736 per-

387 3760 579 3827 indistinote
607 3763 655 3827 ait
681 3781 688 3824 :
720 3751 746 3822 α’
760 3761 963 3827 Matrimonii
989 3767 1193 3845 perpetuum
1219 3760 1558 3844 indissolubilcmque

387 3885 516 3934 nexum
543 3869 673 3953 primus
702 3867 843 3933 humani
869 3869 1007 3952 generis
1035 3887 1171 3952 parens,
1204 3869 1309 3934 divini
1337 3855 1481 3951 Spiritus
1508 3869 1558 3932 in-

387 3977 512 4042 stinctu
533 3977 778 4061 pronuntiavit,
794 3995 873 4042 cum
888 3976 973 4042 dixit
987 3997 994 4041 :
1008 3977 1077 4044 Hoc
1095 3996 1187 4042 nunc
1201 3996 1240 4043 os
1259 3995 1303 4042 ex
1320 3976 1454 4042 ossibus
1472 3975 1559 4040 meis

386 4089 421 4150 et
434 4103 511 4152 caro
527 4086 569 4151 do
582 4104 683 4152 carne
708 4103 796 4162 mea,
820 4084 1031 4150 stolidam
1058 4085 1157 4150 docet
1177 4085 1285 4150 Bonii.
1309 4083 1379 4149 viii
1399 4085 1440 4167 (c.
1466 4083 1558 4148 unic·

386 4193 427 4274 de
444 4193 533 4274 Veto,
542 4195 578 4260 in
591 4195 650 4279 6⁰);
667 4194 760 4279 atqui
772 4197 980 4277 praeceptum
992 4195 1069 4270 hoc,
1085 4193 1176 4278 quod
1189 4193 1297 4259 Adam
1309 4190 1555 4277 pronuntiavit,

385 4309 458 4369 erat
466 4304 605 4369 omnino
616 4303 770 4369 naturale
778 4303 820 4368 ab
829 4303 973 4368 ductore
982 4306 1114 4367 naturae
1125 4303 1424 4386 inspiratum,cum
1434 4305 1559 4384 praeter

290 4483 293 4490 ,
384 4411 646 4495 praeceptumde
662 4428 765 4494 pomo
787 4426 858 4475 non
871 4409 1083 4476 comedendo
1104 4407 1237 4474 nullum
1261 4408 1352 4474 aliud
1371 4409 1557 4492 positivum

385 4520 487 4584 inerit
497 4520 532 4584 in
540 4518 698 4602 paradiso
707 4538 714 4596 ;
722 4535 805 4599 orgo
812 4517 1069 4584 matrimonium
1080 4519 1193 4601 quoad
1203 4535 1301 4582 suam
1314 4517 1498 4583 essentiam
1506 4521 1559 4580 est

385 4627 517 4710 dejure
540 4626 686 4692 naturali
705 4631 740 4690 et
755 4626 797 4691 ab
813 4627 996 4692 intrinseco
1018 4625 1262 4692 indissolubile.
1282 4625 1379 4692 Ratio
1399 4631 1462 4703 est,
1479 4625 1559 4708 quia

384 4735 641 4800 matrimonium
660 4751 702 4797 ex
729 4734 876 4798 essentia
897 4740 932 4798 et
953 4733 1149 4820 delinitione
1162 4752 1230 4800 sua
1251 4734 1413 4817 importat
1438 4749 1561 4816 perpe*
