3500 5552
593 571 678 630 uteru
699 585 826 638 cururus
847 585 1067 630 unmnrsuuu.
1359 569 1419 632 583

247 720 376 779 corum,
395 703 422 766 si
436 704 510 768 haec
524 719 593 768 non
606 705 728 769 fuisset
749 705 910 769 enormis.
940 702 1111 768 «Dubium
1131 721 1241 769 causae
1255 729 1270 762 »
1294 704 1421 770 indicat

249 811 391 876 dubium
406 811 493 893 juris
508 815 568 876 aut
588 811 677 887 laeti,
696 811 737 876 de
756 830 822 896 quo
839 811 1082 896 supradictum
1103 817 1175 876 est:
1194 813 1259 877 hcc
1278 813 1419 877 dubium

249 924 422 984 excusata
438 937 592 985 censura.
613 946 629 979 «
643 920 772 986 sodalis
789 945 804 978 u
820 921 946 986 indicat
960 919 1099 985 clericos
1120 921 1156 986 in
1177 920 1297 986 eadem
1317 921 1419 986 domo
1513 935 1519 945 ·

247 1032 509 1103 commorantes,
532 1029 643 1111 quise
662 1033 899 1112 percuterent;
924 1032 1131 1093 excusantur
1150 1047 1170 1092 a
1187 1028 1420 1092 reservatione

233 1134 296 1200 'illi
314 1153 541 1219 percussores,
572 1140 711 1219 propter
737 1135 830 1200 illam
853 1137 959 1200 vitam
986 1154 1205 1200 communem
1236 1153 1310 1218 quar
1338 1136 1420 1200 rixae

251 1243 463 1309 acessionem
480 1243 618 1324 praebet,
638 1243 703 1307 nisi
716 1245 892 1326 percussio
907 1243 951 1307 sit
964 1244 1123 1309 enormis.

292 1351 322 1436 b)
331 1351 523 1417 Notandum
534 1355 595 1429 est,
609 1350 700 1436 quod
712 1352 739 1415 si
750 1351 1033 1437 impedimentum
1043 1356 1095 1417 est
1106 1352 1150 1416 ad
1159 1352 1262 1416 breve
1274 1348 1419 1435 tempus,

205 1457 208 1463 ’
250 1461 433 1526 innodatus
448 1478 517 1526 non
531 1463 645 1543 potest
660 1460 790 1526 absolvi
808 1461 851 1525 ab
870 1460 1030 1535 inferiori,
1052 1460 1118 1524 nisi
1137 1459 1225 1524 adsit
1238 1459 1423 1525 necessitas

175 1585 179 1594 ·
251 1569 373 1653 aliqua,
400 1587 433 1632 v.
452 1587 485 1650 g.
511 1566 699 1650 periculum
715 1567 862 1633 infamiae
878 1567 933 1632 vel
948 1566 1107 1644 scendeb,
1130 1567 1316 1632 necessitas
1339 1566 1424 1632 cele«

221 1704 230 1722 ·
251 1677 381 1752 brandi,
400 1679 434 1740 et
447 1679 528 1740 tunc
540 1675 679 1740 inferior
692 1693 762 1740 non
777 1673 923 1741 absolvit
937 1675 1002 1739 nisi
1016 1676 1179 1740 indirecte
1192 1694 1253 1742 seu
1269 1675 1312 1740 ad
1327 1676 1424 1741 elleo-

252 1789 335 1850 tum.
352 1785 444 1866 'luno
457 1803 478 1850 a
493 1784 647 1850 censuris
661 1802 731 1849 non
745 1801 866 1850 revera
880 1782 1078 1858 absolvitur,
1096 1785 1157 1848 sed
1173 1787 1305 1849 tantum
1315 1784 1425 1849 decla-

251 1893 444 1979 raturquod
456 1893 692 1958 nonobstante
706 1909 860 1968 censura,
874 1910 948 1975 quae
961 1893 1095 1974 integra
1105 1897 1231 1967 manet,
1243 1897 1423 1957 censurato

243 1995 359 2080 liceat,
376 2001 419 2067 ad
433 2019 536 2084 grave
554 1999 718 2064 damnum
738 1999 910 2084 spirituale
929 1999 1118 2076 vitandum,
1136 1999 1386 2066 absolutionem
1405 2020 1425 2067 a

252 2109 397 2192 peccatis
410 2110 572 2192 accipere,
588 2108 770 2185 celebrare,
786 2108 1049 2184 communicare,
1067 2111 1131 2172 ete.

293 2216 327 2280 Si
339 2216 624 2302 impedimentum
638 2216 683 2280 sit
695 2215 738 2280 ad
750 2214 893 2297 longum
907 2220 1055 2298 tempus,
1078 2215 1261 2299 impeditus
1276 2235 1347 2283 non
1370 2217 1427 2284 de-

252 2330 311 2392 bet
320 2326 460 2404 absolvi,
476 2327 542 2392 nisi
556 2327 706 2410 praestito
722 2327 814 2409 prius
826 2329 1034 2411 juramento,
1049 2327 1139 2410 quod
1149 2332 1305 2392 cessante
1320 2327 1427 2410 impe·

255 2435 478 2508 dimonte-ad
493 2435 616 2500 Sedem
629 2434 857 2519 Apostolicam
873 2435 1074 2520 quantocius
1091 2453 1127 2499 se
1144 2435 1372 2518 praesentabit.
1389 2433 1426 2498 ln

253 2545 319 2610 hoo
332 2562 424 2620 casu,
447 2543 572 2608 directe
587 2542 774 2608 absolvitur
787 2561 866 2607 eum
882 2561 985 2607 onere
998 2562 1035 2607 se
1049 2542 1289 2626 praesentandi,
1308 2549 1343 2607 et
1355 2543 1428 2606 baec

254 2652 422 2719 absolutio
430 2655 482 2716 est
491 2650 807 2716 adreincidentiam.
820 2650 853 2714 Si
859 2649 1143 2733 impedimentum
1151 2654 1425 2734 estperpetuum‚

255 2766 335 2826 tunc
347 2759 516 2825 absolutio
531 2757 747 2824 estabsoluta
762 2762 795 2821 et
808 2758 880 2821 sine
892 2775 996 2822 onere
1012 2775 1048 2820 se
1060 2756 1201 2822 sistendi
1217 2757 1249 2821 S.
1262 2756 1426 2833 Pontifici,

255 2874 293 2933 ut
305 2872 493 2935 constater
503 2872 624 2933 natura
639 2866 884 2950 impedimenti.

296 2979 327 3041 1ο
338 2975 513 3042 Giroaillos
526 2975 716 3060 impeditos,
729 2976 802 3040 baec
816 2978 896 3038 sunt
910 2973 1090 3038 statuenda
1104 2993 1111 3035 :
1125 2974 1157 3036 1ο
1168 2972 1218 3037 Ad
1231 2974 1429 3058 episcopum

256 3105 428 3152 resumere
448 3086 550 3151 debet
560 3085 754 3169 impeditus,
772 3085 819 3149 ita
833 3087 880 3159 ut,
895 3085 995 3168 juxta
1007 3081 1280 3147 communiorem
1293 3087 1430 3148 senten-

257 3197 349 3271 tiam,
374 3213 442 3260 ncn
456 3195 565 3279 possit
578 3192 708 3259 absolvi
731 3212 753 3258 a
768 3191 912 3274 simplici
928 3190 1147 3266 confessario,
1174 3189 1199 3253 si
1216 3189 1309 3254 adire
1325 3192 1431 3272 possit

258 3305 464 3387 episcopum,
489 3304 569 3388 quia
595 3307 677 3368 tunc
700 3320 799 3368 casus
822 3321 865 3366 ex
890 3300 1003 3386 papali
1023 3301 1063 3364 flt
1083 3299 1292 3384 episcopalis.
1319 3299 1384 3364 Sed
1403 3300 1430 3363 si
1493 3341 1496 3348 -

256 3416 456 3477 censuratus
480 3412 523 3476 sit
545 3411 728 3495 impeditus
752 3410 844 3476 adire
860 3408 963 3473 etiam
984 3407 1191 3492 episcopum,
1217 3411 1309 3483 tunc,
1332 3409 1433 3489 Juxta

257 3539 475 3587 communem
490 3521 705 3596 sententiam,
731 3523 845 3603 potest
864 3515 995 3582 absolvi
1009 3535 1030 3580 a
1045 3514 1197 3599 quolibet
1210 3516 1430 3592 confessario,

258 3635 296 3694 ut
314 3635 447 3696 constat
467 3650 511 3696 ex
530 3650 559 3696 c.
584 3631 624 3695 li)
643 3629 864 3714 supracitato
888 3626 1078 3711 :particula
1101 3651 1116 3686 κ
1138 3625 1194 3690 vel
1214 3651 1229 3684 »
1253 3623 1296 3690 ad
1317 3625 1432 3689 minus

260 3740 477 3821 subrogative
493 3740 582 3804 sumi
597 3740 707 3804 debet.

298 3849 331 3911 2⁰
345 3846 383 3912 ln
402 3847 543 3913 articulo
562 3849 681 3913 mortis
697 3851 809 3913 cessat
828 3845 939 3912 omnis
958 3842 1143 3909 reservatio
1163 3860 1384 3908 censurarum
1400 3846 1434 3906 et

259 3963 485 4040 peccatorum,
497 3977 540 4023 ne
551 3958 626 4042 puis
637 3957 834 4022 seilicethac
843 3954 1019 4021 occasione
1027 3955 1145 4037 pereat
1155 3951 1326 4034 (Trident,
1341 3969 1367 4014 s.
1381 3951 1431 4028 lt,

259 4083 330 4148 cap.
347 4068 376 4141 7,
394 4066 434 4129 de
450 4067 596 4150 Preme).
610 4066 737 4130 Tamen
751 4063 920 4130 absolutio
939 4049 1125 4127 ac'ensuris
1137 4062 1176 4124 sst
1188 4077 1266 4124 cum
1279 4077 1383 4123 onere
1397 4077 1433 4124 se

259 4173 487 4257 praesentandi
497 4157 673 4257 superiori,
686 4173 713 4236 si
727 4171 903 4237 absolutus
916 4174 1063 4235 mortem
1074 4167 1203 4233 evadat.
1214 4166 1436 4249 Disputarunt

261 4281 343 4346 olim
368 4280 427 4344 TT.
454 4281 542 4346 eirca
564 4280 657 4346 illam
679 4279 923 4361 obligationem
945 4296 982 4342 se
1005 4274 1146 4340 sistendi
1168 4273 1344 4357 superiori.
1370 4272 1437 4336 Sed

260 4393 452 4473 postconst.
468 4390 584 4474 Apost.
596 4387 693 4454 Sedis
707 4387 755 4451 Pii
764 4385 817 4462 Ill,
829 4405 903 4470 quse
917 4384 1054 4449 sustulit
1064 4402 1166 4448 omne
1178 4381 1330 4456 dubium,
1343 4378 1437 4444 nulla

264 4496 335 4562 dari
349 4501 461 4579 potest
474 4497 707 4564 controversie
719 4494 831 4579 quoad
843 4511 942 4559 casus
962 4490 1099 4577 speciali
1111 4489 1214 4555 modo
1229 4492 1433 4553 reservatos.

266 4628 280 4662 c
295 4603 478 4674 Absolvere
493 4608 608 4668 autem
622 4604 870 4687 praesumentes
885 4592 957 4665 s'ine
973 4595 1290 4664 debitalaoultate...
1303 4613 1437 4660 excom-

265 4712 504 4778 municationis
519 4710 654 4777 vinculo
673 4711 825 4776 Romano
836 4707 988 4773 Pontifici
1003 4709 1184 4771 reservetae
1204 4703 1385 4769 innodatos
1399 4721 1436 4768 se
