3418 5566
366 561 427 632 334
823 581 875 630 ms
893 581 1077 632 claomuuu.

406 702 439 765 2⁶
457 699 522 765 Sed
545 695 717 783 quomodo
743 699 889 767 schisma
918 701 1052 766 dillerat
1074 704 1116 768 ab
1142 699 1288 768 haeresit
1308 700 1351 767 ln¹
1381 697 1534 785 pluribus

368 808 514 873 schisma
527 807 687 872 convenit
700 823 778 871 oum
791 806 924 885 haeresi,
939 814 973 873 et
987 810 1023 874 in
1038 809 1151 895 aliquo
1165 812 1207 876 ab
1217 810 1274 876 illa
1288 810 1412 876 differt.

406 914 550 982 llaeresis
559 919 611 980 est
621 916 742 999 spectes
753 915 959 998 schemati&
973 935 1053 982 nam
1062 917 1174 983 omnis
1183 919 1362 984 haereticus
1376 924 1427 984 est
1436 920 1536 986 schis

366 1025 520 1100 mathus,
540 1023 620 1107 quia
634 1022 771 1105 negatio
795 1023 938 1108 alicujus
962 1025 1132 1106 dogmatis
1148 1030 1202 1092 est
1224 1027 1391 1112 separatio
1409 1029 1536 1114 abipsa

260 1209 264 1218 Ι
365 1131 531 1208 Ecclesia3
556 1149 624 1196 non
643 1137 758 1197 tamen
774 1132 885 1197 omnis
911 1132 1145 1202 schismaticus
1168 1137 1220 1198 est
1240 1131 1430 1211 hacreticus,
1456 1137 1537 1220 quia

365 1243 479 1324 potest
492 1239 568 1324 quis
582 1239 720 1304 credere
735 1256 856 1305 omnes
880 1241 1039 1306 articulos
1055 1241 1146 1319 fidei,
1173 1243 1275 1308 etiam
1293 1242 1369 1309 illos
1390 1261 1536 1329 quomm

366 1351 539 1433 objectum
570 1354 623 1414 est
657 1367 817 1436 suprema
849 1353 883 1414 et
902 1350 1086 1416 infallibilia
1109 1355 1260 1435 potestas
1286 1352 1325 1417 R.
1352 1353 1534 1431 Pontificio,

365 1458 444 1525 licet
459 1479 503 1526 ex
515 1461 805 1546 pravavoluntato
814 1460 951 1526 recedat
964 1463 1005 1527 ah
1019 1461 1212 1529 ohedientia
1224 1468 1259 1528 et
1271 1463 1492 1548 subjectione,
1501 1467 1537 1528 et

367 1589 403 1634 so
418 1569 574 1653 proJioiat
599 1573 694 1635 extra
713 1570 879 1636 unitatem
898 1571 1149 1636 communionis
1172 1577 1206 1635 et
1217 1572 1406 1653 regiminis.
1422 1571 1535 1637 Altera

366 1678 513 1743 aitlnitas
524 1677 669 1742 hahetur
685 1677 722 1742 in
745 1696 786 1744 eo
802 1677 894 1763 quod
909 1678 1055 1744 schisma
1070 1679 1114 1742 sit
1127 1680 1184 1743 oia
1197 1679 1246 1744 ad
1258 1677 1434 1760 haeresim
1453 1698 1535 1746 nam

366 1786 598 1852 schismaticus
613 1787 733 1871 nequit
751 1785 815 1852 dici
832 1805 902 1852 non
915 1805 1042 1868 negare
1061 1787 1097 1850 in
1117 1791 1232 1853 mente
1256 1788 1348 1871 quod
1370 1792 1474 1870 negat
1491 1787 1533 1852 do

365 1893 465 1972 lacto,
481 1913 605 1978 nempe
620 1895 779 1961 articulos
791 1895 871 1960 fidei
893 1897 981 1962 circa
1008 1895 1174 1962 unitatem
1195 1896 1371 1978 regiminis
1391 1900 1426 1960 et
1445 1913 1536 1961 com·

365 2003 554 2082 munionis·
578 2004 752 2086 speciatim
780 2005 867 2070 circa
894 2005 1020 2086 dogma
1049 2004 1090 2069 de
1118 2005 1265 2088 primatu
1290 2003 1535 2088 jurisdictionis

365 2111 403 2176 R.
420 2111 607 2188 Pontitlcis3
623 2112 713 2176 unda
727 2113 867 2177 haeresis
882 2117 934 2177 ast
946 2111 1151 2196 pedissequa
1162 2112 1365 2177 schismatis.

405 2219 558 2285 Schisma
571 2220 674 2301 igitur
683 2219 797 2284 dillert
810 2221 851 2285 ah
866 2220 988 2286 haeresi
1003 2220 1038 2284 in
1057 2238 1098 2286 eo
1116 2220 1364 2304 quodhaeresis‚
1374 2239 1436 2305 per
1449 2238 1485 2286 se
1500 2225 1536 2285 et

367 2328 503 2404 directe,
516 2328 698 2412 opponitur
712 2327 792 2393 ildai
803 2332 838 2392 et
849 2327 1047 2410 magisterio
1063 2327 1234 2406 Ecclesiam
1255 2328 1401 2398 schisma
1419 2334 1535 2394 autem

364 2438 518 2503 charitati
526 2436 898 2520 etregiminiEcclesiae‚
908 2439 983 2520 ejus
993 2435 1160 2502 unitatem
1168 2436 1328 2503 tollendo.
1337 2437 1533 2514 llaereticus‚
1560 2436 1566 2448 '

364 2546 441 2611 ideo
454 2547 533 2631 quia
547 2546 695 2632 aliquem
709 2547 789 2612 tldai
802 2545 982 2612 articulum
996 2551 1100 2628 negat
1113 2545 1169 2612 vel
1181 2547 1222 2612 de
1236 2563 1277 2613 eo
1290 2545 1431 2624 dubitat,
1454 2544 1531 2612 des-

365 2655 448 2738 truit
458 2657 626 2722 unitatem
638 2655 735 2733 tldei3
752 2655 984 2721 schismaticus
998 2673 1092 2732 vero,
1108 2654 1192 2720 dum
1211 2655 1340 2721 recedit
1352 2657 1395 2722 ab
1409 2655 1535 2722 unione

365 2765 540 2832 communi
549 2783 629 2831 cum
640 2765 803 2832 membris
818 2770 853 2830 et
865 2766 974 2849 capite
987 2764 1152 2842 Ecclesiae,
1169 2765 1344 2832 conculcat
1356 2764 1533 2832 vinculum

366 2865 548 2940 charitatis.

406 2984 565 3070 Sequitur
578 2984 669 3070 quod
680 2984 826 3052 schisma
838 2985 881 3052 sit
895 2991 1073 3070 peccatum
1086 2985 1339 3068 gravissimum,
1361 2983 1431 3050 imo
1452 2983 1536 3050 illud

364 3099 542 3178 peccatum
556 3111 626 3160 non
649 3094 796 3160 admittit
809 3095 1011 3180 parvitatem
1031 3097 1194 3172 materias,
1211 3096 1291 3181 quia
1311 3097 1387 3179 ejus
1405 3093 1536 3160 malitia

366 3201 522 3267 consistit
532 3202 979 3287 insuperhiaetcontemptu
988 3202 1400 3287 Ecclesiae,aquapenitus
1408 3202 1537 3268 recedit

367 3312 509 3396 utrilibet
522 3314 766 3391 schismaticus,
777 3313 814 3379 in
828 3315 947 3398 quavis
960 3332 998 3380 re
1012 3315 1072 3378 liat
1084 3331 1240 3380 recessus
1251 3313 1308 3380 ille
1322 3314 1364 3379 ab
1375 3312 1532 3379 Ecclesia.
1601 3320 1604 3326 '

748 3501 779 3553 11.
794 3499 951 3566 Quotuplex
963 3499 1001 3555 alt
1015 3499 1156 3555 schlsmat

407 3633 568 3717 Schisma,
585 3636 678 3706 aliud
691 3643 743 3704 est
756 3658 891 3723 pamm,
906 3639 997 3705 aliud
1009 3641 1231 3724 conjunctum
1241 3655 1320 3705 cum
1332 3637 1472 3705 haeresi:

407 3751 438 3812 l⁰
454 3748 605 3814 Schisma
612 3767 741 3832 purum
757 3754 809 3814 est
821 3747 905 3813 illud
918 3749 1009 3833 quod
1022 3749 1087 3813 luit
1099 3749 1289 3828 delinitum,
1301 3766 1425 3831 nempe
1442 3743 1535 3832 quod

366 3875 436 3923 non
464 3859 646 3942 opponitur
671 3857 766 3936 fidei,
797 3858 858 3924 sed
885 3863 1018 3924 tantum
1045 3857 1295 3926 charitativis
1323 3857 1395 3922 dari
1421 3858 1536 3941 potest

367 3966 513 4032 schisma
531 3986 666 4050 purum,
687 3969 777 4052 quia,
796 3973 835 4032 ut
849 3987 951 4053 supra
966 3969 1093 4035 dictum
1111 3973 1174 4048 est,
1190 3968 1337 4033 schisma
1355 3966 1396 4031 de
1419 3983 1467 4042 aa,
1479 3963 1536 4029 vel

366 4073 488 4140 saltem
509 4075 550 4140 do
568 4075 697 4141 malitia
718 4076 1019 4154 schismaticorum,
1037 4080 1090 4141 est
1110 4077 1166 4143 via
1184 4075 1227 4142 ad
1242 4073 1411 4141 haeresim.
1429 4073 1536 4155 Igitur

366 4183 503 4266 quando
515 4182 701 4248 admixtam
715 4202 784 4249 non
802 4183 906 4249 hahet
922 4184 1090 4259 haeresim,
1106 4200 1341 4268 saepenumero
1351 4181 1445 4247 illam
1457 4185 1536 4265 post

366 4311 403 4356 se
432 4292 543 4356 trahit.
573 4291 798 4357 Gontlrmatur
824 4293 964 4358 historia
990 4293 1236 4358 schismatum:
1259 4311 1292 4357 v.
1318 4311 1351 4374 g.
1379 4287 1534 4374 exemplo

367 4401 556 4466 schismatis
572 4399 676 4466 Graeci
690 4400 745 4464 vel
757 4400 943 4482 Anglioani.
954 4401 1091 4479 Tamen,
1106 4401 1259 4466 absolute
1268 4399 1440 4484 loquendo
1452 4403 1535 4464 etex

366 4515 488 4574 natura
499 4509 558 4584 rei,
583 4509 655 4573 dari
669 4513 782 4592 potest
795 4507 991 4592 aliquandiu
1004 4510 1076 4575 sine
1090 4509 1223 4587 haeresi,
1246 4509 1326 4594 quia
1348 4509 1424 4592 quis
1443 4524 1535 4571 rece·

367 4617 446 4682 dere
475 4621 588 4699 potest
614 4617 657 4681 ab
685 4617 814 4702 unitate
836 4617 1086 4685 communionis
1114 4623 1149 4684 et
1172 4618 1360 4702 regiminis,
1395 4635 1465 4682 non
1491 4633 1534 4680 ex

366 4723 479 4816 aliquo
490 4725 653 4810 pertinaci
669 4743 783 4792 errore
798 4725 1000 4804 intellectus,
1021 4727 1083 4794 sed
1103 4731 1236 4795 tantum
1252 4747 1294 4795 ex
1311 4725 1533 4812 perversitate
