3514 5564
595 499 682 546 erana
703 499 840 556 ouanrus
861 499 1085 548 unsaramma.
1370 482 1428 548 tid

255 608 369 690 legem
390 609 577 675 humanam
593 609 649 674 vel
664 609 824 689 divinam,
843 635 858 670 s
874 611 931 676 uhi
946 611 979 676 S.
995 611 1033 676 D.
1048 611 1332 694 impedimentum
1352 629 1430 676 con-

256 718 494 800 sanguinitatis
517 723 614 784 extra
635 718 784 801 primum
809 719 955 801 gradum
977 718 1076 784 linem
1100 724 1200 785 rectae
1222 718 1373 784 refundit
1393 719 1429 784 in

252 826 309 908 jus
317 826 520 909 positivum:
535 827 585 891 ita
595 845 730 912 quoque
741 826 893 892 sentiunt
905 827 1008 906 Scot,
1019 826 1112 904 Nam,
1125 826 1240 903 Gona,
1250 825 1427 905 sonmatz,

255 932 395 1012 Pichler,
423 933 581 1012 Sauchez,
618 953 697 999 curn
723 935 792 1011 cit,
820 940 938 1001 contra
964 935 1134 1011 Bellarm.,
1162 936 1290 1026 Laym„
1318 935 1426 1011 zoes,

254 1039 365 1119 Rem,
383 1045 447 1108 eto.
468 1040 566 1107 Prob.
590 1061 633 1107 ex
659 1042 778 1126 primis
792 1043 1018 1108 matrimoniis
1040 1043 1226 1108 liberorum
1236 1041 1376 1118 adami,
1392 1041 1429 1104 in

255 1149 445 1233 quihusjns
459 1151 614 1216 naturaie
638 1151 743 1215 fuisse
764 1137 956 1218 relaaatum
979 1169 1043 1216 nec
1057 1151 1239 1216 auctoritas
1261 1169 1324 1216 nee
1342 1149 1427 1214 ratio

255 1251 389 1330 suadet3
420 1253 490 1318 imo
506 1252 538 1316 S.
560 1253 709 1329 Hieron,
735 1253 771 1316 iu
792 1253 830 1334 Q.
849 1255 883 1319 in
903 1255 1001 1334 Geta,
1023 1259 1167 1320 testatur
1190 1254 1293 1319 etiam
1311 1251 1428 1318 Seram

253 1377 371 1424 veram
386 1360 490 1426 tuisse
514 1379 667 1426 sororem
678 1359 824 1426 'Abrahae
840 1367 875 1426 et
889 1360 993 1426 simul
1007 1379 1151 1452 uxorem
1164 1361 1272 1444 (Gen,
1289 1381 1341 1436 rur,
1357 1361 1426 1440 iit:

255 1491 271 1525 «
285 1467 371 1532 Vere
390 1486 487 1533 soror
508 1486 586 1534 mea
608 1474 670 1545 est,
699 1493 715 1526 s
738 1473 800 1533 etc.
822 1467 919 1533 Ratio
939 1474 1006 1545 est,
1025 1469 1104 1553 quia
1123 1470 1212 1534 inter
1231 1470 1372 1534 tratrem
1391 1471 1430 1532 et

253 1591 406 1640 sororem
420 1581 629 1661 caeterosque
643 1570 853 1642 collaterales
872 1594 941 1640 non
959 1582 1012 1640 cst
1025 1575 1188 1642 naturalis
1209 1575 1428 1661 superioritas

254 1689 288 1748 et
301 1684 516 1761 interioritas,
535 1702 614 1750 cum
628 1684 714 1749 alter
733 1684 872 1748 alterius
891 1701 962 1750 uon
977 1686 1021 1749 sit
1034 1685 1249 1770 principium,
1266 1702 1329 1749 nce
1344 1684 1430 1748 aiter

253 1791 350 1856 alteri
373 1791 573 1858 naturaliter
604 1793 648 1857 sit
673 1793 846 1876 subjectus
872 1797 906 1856 et
935 1791 1104 1873 obligatus
1132 1792 1174 1856 ad
1200 1793 1428 1858 reverentiam

253 1905 394 1980 tantam,
421 1907 547 1986 quanta
571 1903 695 1968 suffieit
722 1903 764 1968 ad
788 1902 992 1966 irritandum
1014 1903 1288 1978 matrimonium
1315 1920 1426 1983 ergo:

252 2008 343 2075 unde
364 2009 498 2086 Paulus,
518 2009 540 2072 l.
559 2011 684 2089 XXXV,
700 2015 715 2090 §
731 2011 759 2088 1,
779 2011 816 2074 ff.
834 2011 875 2075 de
896 2011 931 2076 V.
948 2011 1000 2090 0,
1017 2011 1115 2076 docet
1132 2029 1203 2076 nou
1217 2016 1350 2088 natura,
1368 2008 1428 2075 sed

251 2115 327 2198 lege
342 2135 475 2183 cessare
488 2117 742 2201 obligationem,
768 2143 784 2176 u
810 2120 838 2183 si
858 2137 1012 2184 sororem
1030 2101 1214 2202 nupturam
1230 2118 1292 2183 sibi
1307 2117 1428 2202 aliquis

253 2226 481 2311 stipuletur».
503 2226 643 2292 Interim
664 2227 783 2309 negari
801 2227 920 2311 nequit
939 2227 1030 2290 inter
1049 2227 1190 2293 fratrem
1217 2231 1252 2292 et
1275 2245 1428 2292 sororem

252 2336 355 2402 etiam
369 2337 411 2402 de
428 2338 506 2420 jure
526 2335 671 2403 naturali
694 2334 848 2400 illicitum
873 2353 948 2400 esse
965 2335 1234 2411 matrimonium,
1256 2340 1290 2400 et
1310 2339 1428 2401 contra

251 2443 433 2528 aliqualem
452 2446 680 2510 reverentiam
704 2443 862 2526 sanguini
885 2442 1050 2521 dehitam3
1078 2443 1209 2528 quade
1231 2461 1334 2510 causa
1356 2443 1427 2526 plu·

251 2551 346 2618 rimae
361 2557 482 2635 gentes
494 2552 668 2618 abstinent
680 2553 723 2617 ab
739 2551 909 2634 ejusmodi
922 2551 1113 2618 connubiis.

287 2725 374 2785 Dices
397 2745 405 2783 :
430 2730 457 2782 1ο
476 2724 634 2799 conjuncti
656 2723 789 2784 secundo
813 2729 843 2782 et
864 2723 952 2783 tertio
974 2723 1067 2798 gradu
1090 2739 1149 2782 non
1173 2729 1246 2783 sunt
1268 2723 1427 2798 separandi

252 2829 304 2890 per
324 2831 349 2874 c.
367 2821 417 2886 28,
435 2815 602 2876 (laudemus
624 2813 660 2874 de
680 2814 837 2886 divertam
856 2829 927 2889 ergo
949 2815 1102 2888 coniuncti
1125 2817 1221 2888 primo
1242 2816 1336 2890 gradu
1356 2823 1428 2875 sunt

251 2905 421 2978 separandi.
437 2911 467 2964 2⁰
479 2909 557 2976 Lea,
574 2922 624 2975 xx,
644 2903 830 2963 connubium
846 2903 947 2964 fratris
967 2919 1036 2963 cunr
1057 2917 1159 2964 sorore
1178 2911 1272 2963 morte
1292 2906 1425 2978 punitur.

251 2999 280 3053 3·
298 2995 432 3054 Ecclesia
452 3009 608 3068 nunquam
629 2993 816 3066 dispensavit
837 2993 867 3050 in
888 2994 983 3068 gradu
1007 2995 1104 3066 primo
1125 2995 1212 3052 lineae
1232 3001 1426 3066 transversa,

251 3083 322 3157 quia
336 3085 394 3142 talc
409 3083 633 3140 matrimonium
649 3087 696 3140 est
716 3087 819 3140 contra
837 3081 998 3154 pudorem,
1014 3089 1043 3140 et
1061 3082 1154 3150 habet
1169 3090 1341 3156 perpetuam
1357 3099 1427 3142 cau·

252 3187 316 3231 sam
337 3171 547 3244 turpitudinis,
570 3178 603 3229 ut
622 3171 759 3229 insinuat
778 3171 901 3243 Paulus,
918 3171 968 3228 eit.
984 3170 1004 3227 t.
1027 3173 1134 3242 XXXV,
1155 3176 1170 3240 ἓ
1191 3174 1219 3242 1,
1235 3173 1266 3228 tt.
1287 3171 1321 3230 de
1343 3173 1373 3232 V.
1393 3173 1425 3232 0.

251 3264 340 3335 Resp.
356 3261 392 3321 ad
409 3267 435 3318 1.
449 3263 490 3318 De
503 3260 599 3332 primo
619 3260 734 3334 gradu,
757 3260 828 3332 quia
842 3262 944 3318 innoc.
960 3263 995 3318 111
1014 3273 1075 3316 uon
1090 3259 1147 3317 fuit
1161 3259 1337 3332 requisitus,
1352 3261 1427 3318 nihil

250 3353 416 3425 respondit.
430 3354 553 3410 Constat
569 3357 713 3410 autumes
724 3365 790 3409 can.
805 3350 1029 3421 adclamatio,
1046 3355 1090 3422 35,
1103 3366 1132 3423 q.
1147 3356 1174 3420 3,
1189 3351 1310 3423 nuptias
1325 3352 1426 3410 fratris

251 3455 319 3499 cum
335 3456 478 3515 germana
493 3439 642 3514 prohiberi
659 3459 667 3497 ι
685 3439 848 3500 celebratas
865 3447 963 3500 tamen
979 3440 1010 3498 in
1025 3439 1199 3498 infidelitate
1215 3453 1276 3496 uon
1290 3439 1424 3498 dissolvi.

249 3531 293 3590 dd
317 3537 343 3589 2.
368 3537 459 3590 Poena
478 3532 538 3590 ista
561 3531 638 3589 tacto
663 3531 793 3605 graviter
817 3530 920 3588 illicito
944 3530 1108 3588 constituta
1129 3535 1189 3600 est,
1212 3529 1282 3588 licet
1303 3529 1339 3588 de
1359 3530 1426 3603 juro

251 3625 378 3682 naturali
397 3625 437 3682 sit
455 3624 599 3683 validum.
614 3623 658 3682 Ad
676 3627 702 3680 3.
719 3625 781 3681 Non
797 3639 834 3680 ex
849 3623 964 3681 deiectu
983 3622 1155 3696 potestatis,
1171 3621 1223 3679 sod
1240 3635 1340 3679 causae
1359 3636 1426 3694 gra·

249 3715 399 3786 vissimae,
417 3730 483 3788 quse
500 3715 704 3787 requireretur
714 3713 750 3772 ad
767 3713 1026 3772 cohonestandum
1042 3714 1100 3772 tole
1114 3712 1349 3782 matrimonium,
1365 3726 1424 3770 non

251 3806 327 3862 solet
351 3805 415 3864 tieri
435 3805 633 3879 dispensatio,
651 3805 733 3876 licet,
758 3808 834 3862 teste
853 3805 955 3878 cuja,
975 3820 1023 3878 op.
1041 3804 1076 3863 de
1098 3802 1332 3874 detestatas,
1352 3807 1425 3862 ittar-

250 3894 334 3954 tinus
351 3898 386 3966 V,
402 3895 447 3954 vei
464 3897 565 3968 potius
581 3898 614 3965 11,
625 3894 750 3967 ¹dicatur
766 3894 960 3967 dispensasse
980 3895 1016 3953 nd
1031 3892 1254 3952 matrimonium
1273 3894 1350 3952 inter
1367 3893 1425 3950 tro·

249 3989 323 4042 trem
340 3991 369 4042 et
382 3999 515 4044 sororem
531 3985 777 4044 contrahendum.

169 4235 170 4240 ,
229 4247 232 4253 ,
289 4179 389 4264 Resp.
401 4180 431 4244 4.
443 4179 491 4245 Ite
499 4183 577 4264 jure
591 4181 738 4264 positivo
752 4179 979 4245 ecclesiastico
989 4176 1268 4260 consanguinitas
1284 4177 1318 4240 in
1335 4175 1425 4240 linea

248 4294 340 4354 recta
353 4290 443 4352 inter
458 4289 681 4352 ascendentes
705 4293 739 4354 et
763 4287 1010 4354 descendentes
1028 4287 1154 4351 dirimit
1167 4285 1424 4349 matrimonium

248 4399 284 4463 in
298 4398 489 4474 infinitum;
507 4397 542 4461 in
558 4397 649 4463 linea
662 4417 744 4464 vero
761 4403 955 4464 transversa
967 4397 1069 4461 hodie
1085 4413 1190 4479 usqne
1207 4393 1250 4458 ad
1264 4398 1423 4477 quartum

248 4505 393 4588 gradum
413 4505 589 4571 inclusive.
604 4505 715 4571 Prima
727 4525 806 4590 pars
825 4511 958 4572 constat
971 4524 1014 4570 ex
1029 4522 1101 4585 reg.
1118 4521 1191 4584 cap.
1209 4503 1238 4578 1,
1252 4501 1293 4566 de
1307 4501 1351 4571 Ν.
1368 4501 1420 4580 0.,

249 4615 327 4700 quia
350 4614 497 4679 Ecclesia
519 4615 673 4697 sequitur
697 4615 955 4698 dispositionem
967 4612 1054 4694 juris
1077 4610 1195 4686 civilis,
1217 4609 1275 4672 ubi
1290 4615 1422 4674 contra·
