3412 5570
558 556 645 606 cnm
665 555 793 614 curares
814 547 1036 608 recessurus.
1323 539 1383 609 sss

214 673 378 754 obtinere,
393 679 428 742 et
445 677 732 761 appellaturrana
756 677 982 744 observantia.
1002 677 1053 742 Ad
1068 694 1144 743 eam
1162 679 1314 744 revocari
1326 697 1384 763 po-

214 789 281 850 test
295 786 418 868 magia,
433 806 508 871 quae
524 786 638 871 potius
660 787 809 871 speciem
828 787 1021 852 distinctam
1040 786 1216 852 constituit
1240 787 1283 870 (S.
1300 789 1383 870 hig„

213 894 235 957 l.
252 893 306 970 ΙΙΙ,
323 879 356 958 n.
373 895 415 977 Ι);
437 895 575 959 tandem
586 896 619 959 4⁰
634 895 769 979 quando
781 897 885 960 homo
902 896 1016 959 futura
1030 894 1086 984 vel
1099 895 1230 961 occulta
1243 913 1386 978 cognos-

215 1020 291 1067 cere
306 1002 380 1067 vult
400 1021 463 1086 per
481 1008 664 1080 creaturas,
683 1023 747 1086 ope
763 979 874 1068 cul‘tus
902 1003 1008 1068 divini
1023 1003 1088 1068 illis
1107 1003 1258 1080 exhibiti,
1281 1008 1316 1068 et
1330 1023 1388 1086 ap-

215 1111 359 1194 pellatur
373 1111 546 1177 divinatio.
561 1112 608 1176 De
622 1112 815 1178 idololatria
828 1113 883 1177 hic
897 1131 968 1179 uon
984 1117 1036 1178 est
1050 1113 1233 1196 agendum,
1249 1131 1330 1177 nam
1345 1111 1387 1176 de

216 1219 272 1284 illa
298 1223 406 1301 agunt
423 1221 583 1302 theologi,
607 1226 641 1286 et
660 1223 770 1304 magis
789 1222 939 1287 notanda
963 1223 1171 1288 sufficienter
1193 1220 1338 1285 diximus
1353 1220 1389 1284 in

217 1327 266 1390 tit.
283 1326 340 1404 Vl;
366 1327 409 1392 de
424 1328 532 1392 trihus
553 1329 627 1394 aliis
650 1331 827 1413 speciebus
849 1330 1024 1414 speciatim
1038 1308 1149 1396 dicere
1162 1332 1306 1412 opertet.

256 1433 295 1496 ΙΙ.
311 1434 375 1499 Per
402 1437 679 1518 superstitionem
706 1437 847 1502 indebiti
867 1438 974 1503 cultus
997 1438 1107 1502 divini
1126 1436 1258 1521 peccari
1278 1438 1391 1519 potest

218 1541 414 1626 dupliciter:
427 1546 458 1608 l⁰
474 1543 615 1620 Quando
628 1546 739 1611 cultus
755 1551 808 1610 est
821 1546 938 1623 ialsus,
951 1565 990 1611 ac
1004 1546 1147 1630 preinde
1161 1545 1388 1629 perniciosum

219 1653 441 1735 quoditerum
453 1659 566 1737 potest
575 1656 772 1737 contingere
789 1655 976 1739 dupliciter,
984 1659 1084 1738 juxta
1097 1655 1134 1718 ll.
1145 1655 1262 1720 lhom.
1274 1654 1319 1735 (θ’
1334 1654 1388 1729 2³,

219 1778 250 1841 q.
276 1761 326 1836 93,
347 1779 377 1825 a.
394 1761 436 1842 2),
462 1762 590 1826 scilicet
609 1765 740 1828 ratione
764 1763 815 1827 rei
836 1763 1046 1846 significatae,
1069 1767 1108 1826 ut
1131 1761 1160 1826 si
1179 1761 1253 1847 quis
1271 1761 1392 1825 ritihus

216 1869 371 1949 judaicis,
393 1855 431 1934 ac
453 1870 596 1953 proinde
617 1873 829 1936 caeremoniis
852 1871 1122 1955 praetiguretivis,
1142 1871 1244 1936 hodie
1267 1869 1395 1934 coleret

100 2069 102 2074 Ι
219 1976 327 2040 Deum
339 1997 347 2052 ;
360 1981 483 2043 -tum
498 1983 646 2064 exparte
659 1978 813 2057 colentis,
831 1999 892 2045 seu
904 1980 1017 2063 potius
1033 1979 1164 2046 ratione
1180 1976 1394 2060 significatio-

219 2084 284 2160 nis,
301 2088 339 2148 ut
354 2085 382 2150 si
397 2086 471 2168 quis
486 2086 626 2151 nemine
649 2086 805 2151 Ecclesiae
824 2087 1000 2152 adhiberet
1014 2087 1141 2172 aliquid
1156 2086 1199 2151 ad
1212 2083 1394 2151 colendum

219 2191 328 2256 Deum
349 2199 467 2258 contra
495 2194 745 2259 institutionem
766 2195 933 2274 Ecclesiae,
964 2195 1021 2260 vel
1045 2195 1148 2260 falsas
1166 2193 1394 2258 revelationes

220 2305 280 2364 aut
297 2301 383 2366 falsa
404 2302 568 2368 miracula
584 2302 794 2385 praedicaret,
812 2308 901 2368 etc...
919 2303 1011 2385 (Vide
1027 2299 1061 2368 s.·
1075 2303 1158 2384 big„
1181 2301 1204 2364 Ι.
1221 2299 1275 2377 ΙΙΙ,
1292 2320 1327 2364 n.
1350 2299 1394 2380 3.)

259 2409 292 2472 2⁰
314 2408 447 2476 Peccari
472 2415 586 2494 petest
610 2412 713 2477 etiam
739 2430 801 2494 per
827 2411 957 2476 cultum
985 2410 1207 2494 superfluum,
1238 2408 1329 2493 quod
1356 2409 1396 2471 iit

222 2518 357 2602 quando
367 2520 478 2584 cultus
493 2519 616 2584 talibus
626 2521 838 2586 caeremoniis
854 2521 1033 2586 exhibetur
1044 2537 1118 2605 quae
1134 2518 1396 2583 nonconferunt

221 2627 264 2690 ad
278 2627 337 2692 Dei
359 2628 513 2724 gloriam,
529 2647 593 2693 nec
614 2629 749 2694 elevant
766 2634 920 2694 mentem
939 2629 982 2692 ad
1002 2629 1122 2703 Deum,
1145 2645 1206 2691 seu
1224 2624 1268 2690 ad
1288 2625 1395 2688 ssnem

219 2739 331 2803 cultus
345 2741 473 2805 minine
489 2744 642 2824 spectant
659 2761 665 2804 :
682 2760 715 2805 v.
732 2759 764 2822 g.
783 2741 811 2805 si
827 2741 901 2824 quis
915 2758 958 2803 ex
975 2741 1044 2803 fine
1060 2737 1187 2822 aliquid
1203 2734 1390 2811 obtinendi,

220 2847 396 2912 adhiberet
410 2852 461 2913 tot
472 2847 630 2913 candelas
644 2849 679 2912 in
693 2849 798 2913 missa
808 2852 842 2913 et
855 2849 891 2913 in
908 2846 965 2914 tali
981 2847 1058 2924 situ,
1075 2852 1194 2911 contra
1205 2842 1261 2908 vel
1271 2846 1395 2926 praeter

220 2955 455 3039 praesoriptum
467 2954 635 3032 Ecclesiam
653 2955 709 3019 vel
721 2957 750 3019 si
763 2954 885 3020 eodem
897 2955 965 3019 fine
977 2953 1104 3037 ahquid
1119 2955 1392 3030 adderetmissae,

221 3064 348 3147 pluries
361 3063 487 3129 diceret
497 3064 659 3143 Alleluia,
677 3063 794 3141 Credo,
809 3067 899 3128 etc...
912 3069 1030 3128 eontra
1036 3063 1328 3147 praescriptionem
1341 3081 1395 3126 ru-

222 3172 391 3236 bricarum
403 3171 446 3254 (S.
463 3172 545 3252 Lig,
560 3171 581 3235 l.
597 3191 639 3244 e,
656 3191 689 3235 n.
705 3172 747 3254 4).

263 3277 315 3341 ΙΙΙ.
324 3279 538 3343 Divinatione
546 3279 611 3343 hcc
625 3277 699 3344 leco
710 3276 1119 3362 intelligitursignillcatio
1131 3277 1340 3346 occultorum
1351 3295 1394 3344 ex

223 3389 321 3469 pacto
335 3405 414 3452 eum
430 3387 697 3452 demorantem
708 3390 760 3450 est
772 3390 888 3451 autem
903 3387 1078 3465 divinatio,
1093 3387 1191 3470 quasi
1205 3383 1392 3452 divinitatis

224 3494 406 3570 aemulatio,
425 3499 459 3559 et
476 3495 535 3579 qui
551 3495 630 3559 huic
645 3494 838 3571 studebant,
855 3495 965 3560 divini
976 3497 1197 3561 vocabantur.
1214 3495 1394 3561 Rationem

223 3602 371 3668 nominis
391 3603 450 3667 dat
462 3603 495 3666 S.
511 3605 596 3686 Aug.
614 3603 756 3668 relatam
774 3603 811 3667 iu
828 3621 902 3669 cen.
920 3604 949 3680 l,
970 3621 1073 3668 causa
1084 3603 1135 3681 ld,
1153 3623 1185 3688 q.
1207 3604 1238 3682 3,
1255 3603 1334 3688 quia
1346 3587 1406 3666 di-'

223 3711 363 3777 viditate
378 3712 497 3796 plenos
511 3731 547 3776 se
558 3729 633 3776 esse
647 3710 820 3790 simulant,
831 3715 864 3776 et
879 3716 991 3776 astuta
1006 3710 1153 3796 quadam
1165 3711 1395 3777 fraudulentia

221 3818 416 3884 hominibus
428 3820 543 3884 lutura
557 3821 759 3902 conjectant.

250 3928 294 4015 ¹a)
307 3927 446 3992 Paetum
455 3947 534 3992 cum
542 3927 697 3991 daemone
708 3927 745 3990 in
753 3926 959 3992 divinatione
970 3930 1082 4012 potest
1095 3945 1170 3992 esse
1186 3926 1394 4012 explicitum,

223 4036 358 4118 quando
378 4036 481 4101 homo
505 4053 701 4119 expressam
719 4035 823 4100 habet
843 4035 1056 4099 voluntatem
1074 4034 1202 4118 aliquid
1224 4034 1351 4098 sciendi
1375 4053 1398 4098 a·

224 4143 390 4220 daemone,
404 4143 605 4227 implicitum
620 4161 713 4219 vero,
731 4141 866 4227 quando
877 4160 939 4225 pro
949 4143 1144 4224 cognitione
1158 4160 1275 4207 rerum
1285 4139 1398 4207 occul·
1498 4147 1500 4154 '

223 4257 335 4316 tarum
354 4253 491 4334 signum
511 4251 648 4336 aliquod
667 4270 795 4316 vanum
816 4251 1005 4328 adhibetur,
1027 4250 1084 4315 vel
1106 4251 1283 4334 inspicitur
1303 4249 1395 4334 quod

222 4379 266 4424 ex
281 4379 317 4426 se
328 4379 398 4426 non
412 4362 515 4426 habet
524 4379 545 4425 a
555 4362 625 4426 Deo
638 4359 723 4425 vela
734 4363 1067 4444 naturapctestatem
1080 4358 1292 4440 significandi
1303 4359 1394 4442 quod

223 4469 448 4546 desideratur,
466 4469 557 4534 unde
570 4468 706 4534 nonnisi
719 4487 739 4534 a
754 4468 1030 4552 daemonepolest
1042 4468 1192 4551 accipere
1207 4465 1311 4533 talem
1322 4468 1393 4532 vim

223 4579 445 4660 significandi.

262 4685 431 4754 Divinatio
446 4704 521 4770 quae
531 4685 570 4752 ΙΙΙ
583 4705 643 4770 par
652 4689 789 4772 paetum
799 4701 1011 4784 expressum,
1021 4680 1173 4770 generali
1184 4683 1322 4754 nomine
1332 4703 1392 4754 vc·
