3482 5560
397 621 458 685 mo
856 637 906 683 aus
930 636 1107 684 canonicor.

395 755 564 838 vellonge
578 755 686 831 abest,
703 770 880 818 successor
897 755 932 820 in
952 755 1063 819 officio
1086 771 1164 819 earn
1183 753 1323 837 exsequi
1342 770 1412 818 non
1431 751 1565 836 poterit,

396 864 457 928 sed
470 863 787 948 petendaestnova
808 862 1014 937 commissio,
1032 881 1106 946 quse
1125 861 1167 926 de
1189 860 1276 945 stylo
1298 859 1404 925 (iuriae
1427 865 1569 926 vocatur

394 973 539 1036 mutatio
556 970 692 1052 judicis.
718 967 881 1050 Capitulc,
903 969 983 1032 sede
1007 973 1162 1044 vacante,
1182 968 1238 1033 vel
1260 969 1335 1052 ejus
1357 968 1483 1034 vicario
1498 985 1567 1033 nou

395 1078 483 1144 solet
494 1079 568 1142 fleri
582 1075 790 1153 commissio,
806 1094 870 1140 uec
884 1075 959 1151 ista,
974 1080 1091 1160 utpote
1105 1077 1175 1139 vim
1188 1065 1411 1157 delegationis
1424 1077 1565 1152 habens,

394 1187 516 1252 transit
528 1187 572 1252 ad
584 1184 786 1270 capitulum;
803 1184 874 1261 sed,
891 1189 1032 1250 vacante
1049 1185 1140 1260 sede,
1156 1184 1312 1249 viciniori
1325 1185 1494 1251 ordinario
1509 1190 1569 1251 aut

394 1299 469 1380 ejus
484 1294 619 1363 officiali
633 1293 800 1359 committi
815 1292 902 1357 solet
912 1292 1128 1376 dispensatio.

433 1405 533 1488 Resp.
551 1405 582 1468 b.
600 1403 738 1468 Initium
757 1407 792 1466 et
808 1401 905 1467 valor
926 1403 1153 1468 exsecutionis
1168 1403 1357 1468 desumitur
1374 1421 1395 1467 a
1414 1407 1567 1486 tempore

390 1519 618 1596 praesentatae,
635 1529 696 1576 seu
710 1529 732 1574 a
749 1514 902 1592 tempore
917 1528 985 1593 quo
997 1509 1117 1574 litterae
1140 1513 1331 1574 exsecutori
1354 1515 1567 1593 presentata

398 1625 481 1686 sunt
494 1621 576 1702 (arg.
593 1637 621 1684 o.
633 1620 684 1695 lt,
701 1618 742 1682 de
750 1617 908 1703 sigepolt),
925 1617 1272 1700 namdelegatusnon
1288 1620 1408 1703 accipit
1421 1625 1569 1703 potesta·

394 1731 481 1805 tem,
504 1727 570 1792 nisi
590 1745 634 1790 ex
657 1725 778 1789 litteris
799 1725 1026 1809 presentatio,
1047 1725 1130 1790 visis
1149 1732 1183 1790 et
1204 1727 1397 1809 recognitis.
1422 1726 1517 1792 Unde
1541 1725 1569 1790 si

395 1835 587 1903 ordinarius
608 1833 822 1916 dispensaret
840 1839 918 1899 ante
936 1839 1159 1917 praesentatas
1180 1839 1214 1899 et
1232 1835 1322 1900 visas
1343 1835 1484 1912 litteras,
1507 1835 1569 1899 etsi

396 1943 498 2008 sciret
523 1961 580 2008 eas
604 1943 709 2007 fuisse
725 1942 767 2006 ab
786 1943 977 2008 oratoribus
998 1944 1155 2008 obtentas
1171 1949 1206 2008 et
1220 1944 1404 2028 expeditas,
1422 1942 1571 2008 invalida

395 2052 488 2118 foret
511 2049 720 2134 dispensatio
747 2071 754 2112 ε
778 2049 825 2115 ita
846 2069 889 2116 ex
909 2053 1006 2134 praxi
1033 2050 1140 2116 Curia
1167 2051 1264 2117 Rom.
1289 2051 1473 2117 declaravit
1496 2051 1567 2117 Sao.

394 2156 515 2242 Congr.
542 2160 581 2223 m
600 2161 671 2242 jan.
698 2157 788 2236 1606,
815 2161 1035 2224 conformiter
1058 2159 1159 2237 Trid,
1180 2179 1264 2224 sess.
1288 2160 1338 2238 Ἠ,
1360 2178 1388 2225 c.
1405 2162 1435 2237 d,
1453 2159 1494 2225 de
1512 2161 1571 2226 lte·

392 2267 509 2348 serm,
523 2267 581 2331 ubi
592 2266 671 2331 dicit
686 2265 971 2349 dispensationes,
987 2269 1090 2332 etiam
1102 2269 1137 2331 iu
1151 2269 1267 2350 sonna
1277 2269 1439 2352 pretioso,
1455 2285 1569 2332 carere

393 2376 529 2453 affeetu,
545 2376 610 2442 nisi
623 2377 717 2459 prius
732 2376 774 2440 ab
791 2376 963 2442 ordinario
980 2384 1241 2460 cognoscantur.

434 2484 533 2568 Resp.
550 2485 581 2549 3.
597 2484 784 2550 Exsecutor
797 2490 876 2550 ante
889 2487 1006 2551 omnia
1020 2485 1201 2569 diligenter
1218 2488 1446 2554 considerabit
1459 2504 1503 2551 an
1518 2485 1570 2549 lit-

394 2597 476 2657 terae
493 2593 561 2657 sint
574 2594 767 2658 conformes
781 2591 868 2675 stylo
884 2591 991 2658 Guriae
1010 2593 1106 2658 Rom.
1129 2593 1313 2678 solitasque
1328 2593 1497 2659 clausulas
1512 2595 1570 2660 ha·

393 2700 511 2776 beant,
529 2699 609 2784 quia
623 2699 784 2765 clausulae
799 2698 946 2763 insolitae
960 2699 1162 2784 plerumque
1183 2701 1320 2784 pariunt
1341 2702 1570 2786 suspicionem

393 2806 522 2870 fraudis
533 2811 568 2871 et
578 2806 645 2872 doli
654 2810 690 2889 (t.
703 2807 728 2884 l,
739 2807 780 2871 de
792 2807 975 2890 descript).
985 2806 1069 2871 Tum
1078 2806 1276 2892 inquiretde
1284 2810 1427 2874 veritate
1437 2828 1568 2874 causae:

395 2915 581 2998 etquidem
597 2915 625 2978 si
639 2915 769 2980 inserta
783 2919 836 2980 est
853 2915 1015 2992 clausula,
1038 2940 1053 2975 a
1070 2916 1099 2980 si
1114 2933 1231 2999 preces
1246 2915 1389 2981 veritato
1404 2917 1572 3001 nitirepe-

393 3021 489 3098 reris,
511 3047 527 3082 »
544 3023 693 3104 cognitio
709 3041 820 3088 causae
835 3042 897 3107 per
909 3024 1052 3089 modum
1066 3025 1185 3090 formae
1199 3024 1440 3104 substantialis,
1455 3025 1497 3092 de
1512 3045 1571 3091 ne-

393 3130 562 3208 cessitate,
577 3130 817 3215 praemittenda
833 3136 887 3195 ost
902 3131 1147 3214 dispensationi
1164 3152 1170 3194 :
1189 3150 1288 3197 secus
1307 3133 1372 3198 ista
1393 3133 1458 3198 erit
1478 3133 1571 3198 inva-

392 3237 462 3303 lida
482 3239 535 3321 (l).
561 3239 595 3303 Si
611 3258 694 3304 vero
717 3244 770 3304 est
788 3239 950 3320 clausula,
977 3265 993 3300 (ι
1020 3241 1049 3306 si
1072 3259 1189 3325 preces
1203 3240 1346 3306 veritate
1367 3243 1529 3320 nitantur,
1553 3269 1569 3302 a

305 3421 309 3428 ‚
393 3345 520 3412 valebit
535 3346 752 3431 dispensatio,
771 3348 799 3412 si
813 3366 917 3413 causa
928 3347 1047 3426 subsit,
1062 3350 1126 3414 etsi
1141 3355 1322 3416 exsecutor
1339 3351 1571 3432 cognitionem

395 3456 470 3538 ejus
486 3472 556 3520 non
571 3455 798 3539 premiserit:
820 3457 886 3521 ista
908 3461 1024 3521 autem
1045 3457 1194 3539 cognitio
1218 3457 1420 3541 regulariter
1440 3462 1494 3523 est
1514 3477 1572 3530 ex·
1609 3461 1613 3468 '

398 3562 626 3646 trepudieialis,
643 3568 759 3648 utpote
771 3563 889 3631 relicta
902 3565 1117 3632 conscientiae
1132 3571 1166 3630 et
1180 3567 1321 3652 arbitrio
1342 3567 1569 3638 exsecutoris:

395 3671 461 3735 nisi
475 3671 612 3737 adesset
622 3672 860 3748 contradictor,
878 3672 935 3756 qui
948 3672 1065 3756 utique
1080 3674 1175 3739 citari
1188 3680 1222 3740 et
1234 3680 1309 3741 acta
1320 3675 1356 3740 iu
1371 3675 1572 3758 scripturam

395 3779 505 3860 redigi
516 3779 689 3845 deberent.
705 3779 809 3846 Porro
820 3781 900 3845 licet
916 3781 1078 3846 articulus
1088 3800 1148 3865 pro
1158 3783 1320 3866 capienda
1330 3781 1571 3848 informatione

395 3889 589 3954 necessaria
607 3889 663 3954 alii
688 3889 905 3972 subdelegari
932 3891 1060 3974 possit,
1089 3890 1161 3974 ipse
1186 3895 1301 3956 tamen
1324 3897 1420 3956 actus
1436 3890 1570 3974 dispen-

396 3997 537 4062 sationis
566 4016 636 4063 uou
667 4002 780 4082 potest
813 3999 1044 4082 subdelegari,
1077 4000 1138 4064 sed
1168 4000 1394 4084 personaliter
1425 3999 1467 4065 ab
1497 3999 1571 4082 ipso

395 4109 596 4170 exsecutore
625 4106 856 4190 expediendus
885 4113 972 4172 est:
999 4113 1072 4173 tum
1104 4106 1184 4191 quia
1210 4107 1346 4172 videtur
1381 4105 1530 4172 electa'
1522 4124 1573 4168 rn-

396 4214 502 4280 dnst
462 4221 526 4282 tr1a
546 4233 713 4299 persona,
742 4221 817 4280 tum
844 4217 994 4282 maxime
1023 4217 1102 4301 qnia
1122 4216 1330 4301 dispensatio
1353 4215 1418 4280 istu
1438 4213 1573 4280 videtur

395 4343 472 4392 esse
494 4325 626 4392 nudum
648 4324 893 4404 ministerium,
915 4325 1003 4391 siout
1022 4325 1230 4411 dispensatio
1254 4343 1357 4408 super
1376 4321 1571 4405 irregulari-

427 4543 461 4607 (1)
481 4543 569 4610 Aliqui
582 4544 692 4598 minoris
710 4551 783 4598 notre
801 4549 897 4612 putent
917 4545 1088 4598 omissionem
1103 4545 1299 4599 informationis
1318 4559 1373 4597 non
1393 4543 1505 4596 reddere
1520 4541 1571 4592 dis·

395 4621 580 4684 pausationem
595 4623 707 4684 nullam,
722 4622 826 4674 edamsi
841 4621 988 4686 reperiatur
1002 4621 1158 4686 clausulae
1144 4623 1193 4674 esi
1207 4636 1300 4689 preces
1313 4621 1423 4672 veritate
1439 4621 1487 4672 niti
1499 4629 1573 4684 repe-

395 4695 485 4748 reris»
472 4695 586 4762 »fdpud
600 4699 736 4764 lepbeny,
748 4699 821 4764 Diap.
838 4703 925 4762 metr„
946 4713 973 4749 n.
985 4698 1050 4764 248).
1064 4699 1116 4750 Sed
1127 4713 1238 4751 omnmo
1256 4699 1381 4750 eandum
1395 4701 1436 4749 est
1449 4695 1574 4750 constitu·

396 4773 463 4823 tioni
476 4773 519 4823 Ad
530 4773 675 4838 apostolica
687 4775 787 4828 Bened
798 4775 1166 4837 x1v,hanarerifleetionsm
1182 4776 1309 4842 exigenti.
