3482 5560
399 549 458 614 990
857 564 908 611 sos
929 563 1109 611 cnaosrourr.

398 686 464 750 hoc
476 683 702 767 privilegium,
720 688 758 748 ut
771 683 920 769 quandiu
935 683 1028 749 illam
1042 684 1243 758 docuerunt,
1261 682 1324 746 etsi
1340 683 1454 746 abalnt
1468 698 1488 743 a
1502 678 1571 742 suis

399 793 560 869 ecclesiia
582 791 769 876 percipiant
790 793 923 856 fructus
951 794 1104 874 integros
1133 809 1274 856 suarum
1299 787 1570 874 praebendarum,

399 900 468 966 imo
484 901 586 966 suam
603 899 858 964 distributiones
874 919 936 983 pro
955 899 1012 964 illo
1029 900 1083 964 dle
1098 919 1165 984 quo
1187 898 1316 980 legunt,
1339 915 1381 962 ex
1396 895 1572 980 privilegio

397 1008 566 1074 indultos
583 1005 681 1089 Greg.
704 1005 787 1070 XIII.
812 1007 881 1072 IIoc
902 1008 1097 1073 extenditur
1110 1009 1214 1072 etlam
1230 1008 1274 1072 ad
1288 1023 1348 1071 eos
1363 1006 1420 1090 qui
1440 1003 1573 1088 publice

398 1118 537 1182 tradunt
557 1120 616 1200 jus
638 1117 864 1183 canonicum:
881 1117 928 1182 ita
948 1117 1128 1183 declararit
1147 1117 1179 1182 S.
1200 1117 1322 1198 Gongr.
1344 1115 1443 1180 Cone.
1463 1112 1574 1196 (Apud

397 1223 607 1308 fagnanum,
622 1243 650 1290 o.
667 1227 726 1290 fin.
737 1227 809 1308 huj.
827 1226 890 1302 tit,
907 1245 941 1290 n.
957 1227 999 1309 4).

436 1333 470 1396 5⁰
484 1332 746 1410 professoribus,
763 1334 802 1409 si,
815 1334 1077 1418 superveniente
1103 1339 1278 1399 senectute
1292 1331 1347 1396 vel
1369 1331 1499 1404 morbo,
1517 1329 1574 1394 do·

398 1457 475 1505 cere
490 1457 561 1506 non
573 1440 719 1525 amplius
733 1439 880 1518 valeant,
897 1442 1069 1524 integrum
1080 1442 1182 1507 debet
1195 1435 1402 1525 stipendium
1424 1437 1574 1514 solvice

399 1549 426 1611 si
441 1548 570 1613 vlribus
582 1549 705 1630 integri
720 1553 845 1614 essent.
862 1547 935 1614 Imo
953 1549 980 1626 si
991 1551 1164 1632 professor
1177 1550 1266 1613 intra
1279 1565 1409 1614 annum
1432 1550 1510 1630 post
1524 1547 1574 1608 in-

395 1656 535 1721 choatas
547 1675 567 1722 a
580 1675 616 1721 se
630 1655 794 1722 lectiones
804 1658 980 1732 moriatur,
998 1659 1102 1722 totius
1113 1658 1195 1722 anni
1209 1656 1370 1721 salarium
1388 1655 1453 1738 Ipsi
1474 1653 1574 1718 debe-

398 1766 464 1842 tur,
479 1769 515 1828 et
525 1763 767 1830 transmittitur
776 1765 819 1829 ud
833 1764 987 1829 haeredes
1005 1766 1313 1838 etiamextraneos;
1330 1762 1444 1828 ethaec
1454 1759 1574 1842 regula

399 1873 574 1956 sequenda
590 1877 651 1950 est,
676 1873 809 1938 etiamsi
833 1874 1006 1956 praestatio
1022 1873 1134 1939 salarii
1153 1891 1215 1956 per
1235 1889 1374 1936 menses
1394 1871 1502 1934 fleret.
1523 1867 1574 1932 Ita

398 1980 626 2044 communiter
641 1980 797 2044 doctores
813 1980 921 2064 (Apud
937 1981 1153 2062 Schmalzgr.,
1171 1981 1192 2044 l.
1211 1999 1251 2056 c.,
1270 1999 1303 2044 n.
1321 1979 1380 2061 rt).
1398 1978 1524 2042 Tamen
1538 1977 1574 2040 in

397 2086 462 2153 hoc
477 2087 645 2154 servanda
660 2094 712 2154 est
726 2090 938 2155 consuetudo
952 2089 1117 2155 focorum.

435 2191 467 2254 6⁰
481 2191 543 2268 Qui
558 2209 618 2275 per
632 2191 752 2273 vigInti
773 2209 882 2257 annos
904 2193 1037 2276 publice
1060 2194 1251 2259 docuerunt
1267 2197 1357 2276 jura,
1386 2190 1573 2256 illustribus

400 2303 671 2364 annumerantur
688 2319 695 2362 :
710 2300 758 2364 ita
768 2301 826 2382 jus
841 2300 938 2365 Rom.
952 2305 987 2365 et
1001 2303 1195 2366 communis
1205 2302 1271 2365 bb.
1289 2300 1469 2375 sententia.
1481 2297 1573 2380 (Vide

400 2405 617 2491 sehrnalzgr„
633 2427 667 2472 n.
681 2410 744 2491 15.)

438 2520 465 2592 c)
480 2517 627 2582 Dubium
636 2523 698 2596 est,
708 2537 752 2584 an
761 2518 909 2603 rebgios'i
925 2522 982 2605 qui
996 2522 1191 2604 areligione
1202 2540 1265 2587 sua
1275 2521 1436 2587 doctnna
1447 2517 1573 2584 theolo

398 2625 482 2708 gicae
496 2632 531 2691 et
543 2628 714 2692 canonicae
723 2629 958 2694 testimonium
970 2630 1107 2706 habent,
1118 2631 1369 2715 aequiparenIur
1378 2627 1572 2694 doctoribus

398 2734 601 2816 maduatis?
624 2736 860 2821 Respondetur
878 2757 939 2822 per
963 2739 1216 2805 distinctionem
1237 2751 1245 2802 t
1268 2739 1520 2823 aequiparantur
1537 2735 1573 2798 in

399 2841 517 2908 ordine
535 2844 578 2909 ad
598 2843 779 2927 dignitates
803 2847 1046 2913 ecclesiasticas
1074 2854 1109 2914 et
1134 2847 1199 2914 ali'a
1227 2849 1337 2914 officia
1360 2846 1573 2912 doctoraturn

398 2951 625 3034 requirentia:
639 2959 772 3018 constat
786 2974 829 3019 ex
843 2973 937 3020 conc.
953 2954 1053 3032 Trid,
1067 2975 1093 3020 s.
1108 2957 1158 3032 ll,
1170 2975 1199 3022 c.
1211 2957 1241 3033 2,
1258 2955 1300 3020 de
1314 2955 1389 3036 Res.
1401 2952 1498 3018 Ratio
1508 2955 1571 3045 est,

399 3061 478 3143 quia
491 3065 726 3129 testimoninm
747 3064 921 3148 religionis
945 3066 1049 3132 fldem
1066 3068 1147 3134 facit
1168 3068 1210 3133 de
1235 3067 1389 3132 doctrina
1410 3063 1571 3145 religiosi.

399 3168 516 3244 Quoad
531 3171 662 3254 reliqua
683 3172 871 3256 privilegis,
895 3192 966 3239 non
986 3174 1252 3259 aequiparantur‚
1275 3191 1355 3240 cunr
1369 3189 1489 3255 reapse
1504 3187 1574 3234 nou

398 3275 548 3342 habeant
560 3279 705 3359 madum
719 3280 962 3347 academicum.

618 3462 661 3514 lv.
677 3462 729 3523 out
745 3463 874 3517 doctores
890 3475 987 3518 creare
1001 3465 1119 3530 possint,
1134 3467 1164 3519 et
1177 3424 1342 3531 quomodo?

439 3599 464 3666 1.
487 3603 563 3670 Ilaec
571 3613 724 3690 potestus
738 3610 818 3690 jure
830 3612 970 3694 proprio
986 3620 1018 3675 et
1037 3613 1222 3696 orz'pinario
1242 3611 1404 3694 competit
1422 3608 1576 3674 Romano

400 3703 553 3776 Pontifici
569 3719 602 3777 et
624 3715 832 3799 principibus
855 3719 1067 3802 superiorem
1082 3739 1152 3786 non
1172 3719 1516 3802 recognoscentibus3
1543 3721 1577 3780 et

401 3820 539 3902 quidem
553 3821 709 3887 doctores
724 3841 838 3890 creare
853 3833 999 3909 possunt
1015 3848 1023 3892 ε
1042 3827 1141 3910 Papa,
1159 3828 1195 3892 in
1210 3827 1382 3910 theologia
1394 3831 1429 3892 et
1438 3829 1515 3910 jure
1525 3843 1576 3888 ca-

401 3929 535 4007 nonico,
548 3948 627 3996 cum
640 3932 713 3997 istae
729 3935 879 4000 soientiae
895 3957 938 4002 en
948 3955 1010 4002 suo
1022 3937 1090 4002 fine
1101 3937 1169 4000 sint
1181 3936 1393 4020 spirituales;
1410 3935 1576 4020 principes

400 4053 482 4102 vero
499 4039 689 4116 saculares,
714 4042 842 4125 injure
860 4045 960 4120 civili,
979 4044 1148 4109 medicina
1169 4049 1203 4108 et
1217 4043 1441 4128 philosophia,
1457 4061 1517 4106 seu
1541 4041 1577 4103 in

401 4145 550 4211 scientiis
564 4148 785 4214 naturalibus.
804 4151 902 4217 Ratio
918 4157 981 4227 est,
998 4153 1077 4234 quia
1095 4152 1188 4216 solus
1207 4151 1365 4234 prInoeps
1384 4165 1576 4233 supremus,

398 4255 476 4336 jure
491 4253 685 4337 originario,
701 4263 815 4340 potest
829 4259 886 4324 illa
909 4262 1096 4344 approbare
1119 4265 1154 4324 et
1178 4235 1361 4324 decernere
1382 4279 1457 4345 quae
1472 4259 1579 4341 respi-

400 4361 495 4426 oiunt
515 4363 644 4429 bonum
666 4366 851 4448 publicum,
876 4385 955 4430 cum
977 4367 1070 4433 solus
1088 4385 1206 4432 curam
1228 4368 1353 4433 habeat
1376 4367 1504 4433 ordinis
1517 4383 1579 4450 pu·
1670 4401 1673 4408 ·

401 4469 488 4535 blioi.
506 4471 622 4555 Itaque
636 4473 797 4540 Summus
813 4473 969 4540 Pontifex
982 4479 1147 4560 approbat
1167 4495 1228 4560 pro
1249 4479 1410 4574 universa
1431 4476 1579 4541 Ecclesia

403 4581 438 4639 et
451 4579 564 4661 quoad
583 4581 673 4646 solas
695 4583 853 4647 scientias
876 4585 1152 4665 supernaturales
1171 4605 1231 4649 seu
1248 4585 1502 4662 ecclesiasticas,
1521 4582 1577 4648 vel

402 4683 467 4750 illis
481 4687 717 4766 coordinatas;
737 4691 894 4773 prInceps
916 4691 1084 4773 politicus,
1103 4711 1165 4776 pro
1186 4711 1246 4759 suo
1265 4710 1372 4775 regno
1388 4697 1522 4759 tantum
1541 4696 1577 4756 et
