3500 5552
600 561 687 610 uara
707 559 833 618 omarus
854 559 1073 610 oneraremur.
1370 545 1429 612 509

257 700 344 768 quae,
360 681 397 746 in
409 681 703 765 odiumpersonae,
714 681 817 746 rebus
831 682 1077 765 imponitur:v.
1088 681 1263 766 &mulcta
1273 681 1430 765 pecunia·

255 791 316 856 ria.
337 790 448 858 Mateta
463 789 584 856 dicitur
603 807 678 873 quae
693 790 817 874 partim
837 794 890 854 est
902 789 1102 873 personalis,
1118 791 1242 874 partim
1260 789 1372 868 realis,
1392 795 1430 853 ut

171 984 174 992 1
255 899 456 982 proscriptio
471 899 506 962 in
523 896 691 974 exsilium,
714 897 937 980 depositicah
955 899 1066 965 oitlcio
1082 897 1183 963 simul
1199 901 1232 964 et
1251 898 1427 964 beneflcio.

294 1008 328 1072 2⁰
341 1007 404 1072 Est
417 1007 592 1072 ordinaria
606 1004 662 1071 vel
676 1007 949 1072 entraordirwriu
964 1025 1026 1072 seu
1041 1007 1226 1083 arbitraria,
1240 1012 1342 1090 prout
1353 1007 1430 1088 lege

256 1121 317 1184 aut
329 1115 576 1182 consuetudine
590 1115 746 1180 instituta
761 1120 823 1194 est,
836 1113 893 1180 vel
901 1114 1026 1198 judicis
1040 1115 1178 1180 arbitrio
1193 1132 1254 1198 pro
1270 1114 1430 1198 qualitate

258 1225 370 1291 delicti
394 1229 429 1290 et
447 1242 674 1310 personarum
691 1223 889 1308 imponitur.
912 1222 1089 1318 ordinaria
1105 1223 1271 1305 inlligitur
1288 1222 1344 1288 vel
1356 1223 1430 1306 ipso

254 1333 343 1416 jure,
356 1331 413 1399 vel
426 1351 488 1416 per
502 1333 707 1398 sententiam
719 1331 842 1416 judicis
858 1350 865 1395 :
882 1331 952 1416 ipso
961 1331 1052 1413 jure,
1067 1331 1149 1395 dum
1162 1331 1237 1414 ipso
1251 1331 1340 1396 lacto
1354 1348 1432 1396 con-

258 1443 364 1508 tracto
378 1459 447 1525 quo
461 1441 590 1508 crimen
604 1443 769 1524 patratur,
780 1438 1001 1516 contrahitur,
1016 1440 1119 1505 etiam
1133 1443 1212 1506 ante
1227 1439 1432 1505 sententiam

256 1549 573 1616 condemnatoriam
584 1548 726 1634 judicis;
742 1567 803 1632 per
816 1549 1020 1614 sententiam
1028 1549 1167 1631 judicis,
1181 1547 1317 1633 quando
1325 1547 1434 1632 judex

257 1677 356 1724 reum
371 1658 560 1724 secundum
573 1657 668 1740 leges
682 1657 898 1722 condemnet.

296 1768 329 1832 3⁰
343 1765 401 1832 Est
413 1766 561 1850 positiva
573 1764 630 1831 vel
644 1765 815 1847 negativa.
831 1764 982 1833 Positioa
996 1770 1059 1842 est,
1075 1783 1150 1850 quae
1165 1765 1209 1832 ad
1224 1764 1278 1830 sui
1293 1783 1431 1832 exsecu-

257 1875 386 1942 tionem
401 1874 508 1957 exigit
522 1873 703 1950 actionem,
720 1873 792 1939 sive
807 1872 885 1938 dein
899 1873 987 1939 actio
1001 1873 1067 1939 ista
1077 1872 1233 1942 iacienda
1247 1874 1291 1938 sit
1302 1875 1344 1940 ab
1358 1874 1432 1958 ipso

258 1981 487 2066 delinquente,
508 1981 580 2047 sive
599 1981 642 2046 ab
662 1979 728 2046 alio
749 1980 849 2047 tertio
869 1979 905 2045 in
923 1981 1038 2065 ipsum
1056 1999 1157 2048 reum
1176 1983 1377 2061 exercenda,
1394 1987 1432 2048 ut

259 2093 383 2158 occisio
398 2097 434 2158 et
450 2091 644 2174 flagellatio.

297 2201 471 2284 Nepotica
481 2219 543 2266 seu
552 2201 741 2285 privativa,
757 2217 833 2284 quae
845 2199 881 2264 in
892 2199 1075 2267 amissione
1084 2201 1249 2280 consistit,
1263 2221 1325 2268 seu
1334 2205 1432 2286 cujus
1544 2213 1547 2223 ¹

259 2309 433 2374 exsecutio
451 2313 504 2373 est
523 2307 637 2392 aliqua
654 2307 798 2391 privatio
818 2306 890 2374 sive
909 2307 996 2392 juris
1017 2309 1160 2394 quesiti,
1180 2329 1213 2376 v.
1233 2328 1267 2392 g.
1287 2311 1433 2396 privatio

258 2417 371 2495 oflicii,
386 2418 571 2493 fructuum,
592 2417 664 2481 sive
675 2416 763 2500 juris
778 2416 985 2501 acquirendi,
1008 2423 1047 2482 ut
1064 2418 1258 2498 inhabilitps
1275 2418 1318 2484 ad
1331 2420 1435 2484 bene-

257 2525 374 2591 sscium
387 2525 618 2592 retinendum.

298 2635 330 2699 κ’
358 2633 416 2700 Est
439 2635 595 2722 capitalis
609 2635 665 2701 vel
686 2654 754 2702 nora
773 2636 938 2721 capitalia,
958 2641 1060 2720 prout
1079 2637 1181 2702 infert
1202 2655 1263 2703 reo
1285 2641 1433 2703 mortem

257 2747 317 2807 aut
331 2743 535 2821 naturalem,
555 2749 595 2808 ut
615 2744 750 2822 occisio,
774 2749 834 2809 aut
844 2745 990 2822 civilem,
1006 2749 1044 2809 ut
1059 2745 1259 2829 deportatio,
1276 2744 1333 2811 vel
1350 2746 1434 2810 citra

257 2855 405 2918 mortem
419 2851 611 2918 naturalem
625 2856 685 2916 aut
697 2851 833 2918 civilem
847 2851 1012 2934 infligitur
1026 2873 1033 2916 :
1049 2856 1101 2916 est
1114 2853 1312 2934 immediata
1320 2852 1435 2918 subdi-

257 2961 344 3026 visio
356 2979 469 3045 poenae
484 2960 707 3026 vindicativae.
723 2960 836 3025 Poenae
855 2979 925 3026 non
940 2960 1100 3045 capitales
1111 2961 1184 3026 aliae
1197 2961 1350 3026 alliciunt
1360 2979 1434 3026 cor-

257 3086 332 3153 pus,
358 3075 396 3132 ut
419 3069 650 3146 incarceratio,
672 3069 858 3150 fustigatio,
884 3072 919 3134 et
942 3069 1100 3135 dicuntur
1122 3069 1327 3154 corporules;
1358 3068 1432 3135 aliae

258 3176 411 3242 afficiunt
424 3177 585 3252 animem,
603 3181 641 3241 ut
652 3176 792 3242 infamia
804 3197 812 3254 ;
825 3175 898 3241 aliae
911 3176 1194 3259 respiciuntbona
1205 3176 1432 3262 delinquentis

259 3289 294 3349 et
315 3289 396 3348 aunt
407 3285 626 3370 pecuniaria,
644 3285 671 3348 si
686 3284 876 3367 pecuniam,
893 3284 1096 3369 spirituales,
1113 3285 1140 3349 si
1153 3287 1232 3369 jura
1245 3289 1305 3350 aut
1324 3285 1434 3358 olsscia

259 3391 445 3475 spiritualia
459 3392 621 3458 alliciunt.

298 3501 326 3582 c)
337 3500 409 3581 Quo
417 3499 497 3582 jare
511 3502 711 3568 introducta
725 3504 793 3567 sint
802 3501 936 3587 poenae?
951 3503 982 3567 l·
994 3501 1099 3567 Poena
1113 3501 1149 3566 in
1164 3501 1251 3568 thesi
1265 3501 1433 3584 originem

259 3625 357 3672 suam
371 3607 508 3704 habeta
525 3612 603 3694 jure
618 3611 774 3690 naturali,
797 3612 984 3697 etquidem
1009 3612 1052 3677 ob
1072 3628 1211 3676 causam
1230 3609 1352 3676 delicti.
1377 3608 1431 3674 Et-

259 3714 352 3780 enim
361 3718 419 3800 jus
431 3718 585 3784 naturale
596 3719 699 3788 dictat
711 3719 949 3788 malefactores
963 3738 1039 3785 esse
1052 3719 1244 3803 puniendos
1259 3739 1267 3782 ε
1280 3719 1435 3786 siomnia

257 3823 401 3890 crimina
417 3833 597 3894 manerent
611 3829 791 3914 impunita,
806 3829 948 3897 felicitas
969 3828 1140 3896 societatis
1161 3827 1348 3894 consistere
1362 3845 1433 3893 non

258 3937 385 4014 posset.
1484 3937 1487 3943 '

298 4042 331 4106 2⁰
346 4041 458 4108 Poenae
471 4043 705 4113 determinate
719 4048 756 4112 in
770 4048 881 4132 specie
902 4047 1114 4114 descendunt
1131 4065 1174 4113 ex
1188 4049 1266 4131 jure
1285 4045 1432 4130 positivo

260 4149 375 4216 divino
389 4151 446 4217 vel
458 4152 628 4232 human03
641 4157 699 4240 jus
713 4157 867 4223 naturale
883 4175 953 4223 non
966 4157 1170 4224 determinat
1179 4172 1300 4239 prunas
1309 4155 1345 4218 in
1360 4173 1433 4237 spe-

258 4260 320 4336 cie,
337 4260 397 4325 sed
411 4261 483 4326 haec
495 4261 733 4332 determinatio
745 4267 784 4332 tlt
798 4267 840 4332 ab
853 4267 895 4331 iis
906 4267 964 4352 qui
976 4283 1170 4350 supremam
1181 4263 1310 4331 hebent
1320 4267 1433 4330 auoto-

258 4367 393 4438 ritatem
405 4369 441 4434 in
456 4371 628 4439 societate.

641 4559 673 4610 11.
689 4559 729 4611 De
745 4557 874 4624 subtecto
887 4569 1045 4624 plenarum.

298 4699 330 4782 ιι)
346 4695 432 4764 lllud
446 4698 637 4785 subjectum
652 4706 705 4768 est
715 4701 819 4769 homo
835 4700 1036 4785 delinquens
1053 4704 1088 4765 et
1103 4697 1305 4780 regulariter
1318 4701 1428 4767 vivus.
