3418 5566
260 577 266 590 ’
380 585 440 651 376
804 608 808 618 ·
837 605 889 653 sus
909 603 1088 652 1111111111.

378 727 524 792 missum
546 725 591 791 sit
607 723 761 792 oooidere
783 724 1017 792 detractorem.
1040 725 1191 793 Tandem
1210 725 1305 792 Alex.
1328 725 1551 814 1111111111-

377 834 450 897 tem
463 828 637 896 damnavit
649 827 934 913 propositionem:
952 853 968 888 «
982 829 1073 895 Licet
1092 829 1284 896 interlicere
1303 829 1428 898 falsum
1449 849 1549 898 aoou·

379 942 538 1016 satorem,
554 937 659 1004 falsos
673 941 777 1003 testea
798 955 837 1002 ao
856 938 959 1003 etiam
984 937 1134 1022 judioem
1157 957 1178 1004 a
1202 957 1270 1024 quo
1284 943 1379 1005 eerto
1393 940 1551 1006 imminet

378 1046 496 1130 iniqua
509 1046 688 1123 sententia,
704 1046 733 1110 si
748 1045 814 1111 alia
832 1045 889 1111 via
904 1063 974 1111 non
993 1050 1106 1130 potest
1124 1047 1289 1113 innocens
1304 1047 1467 1112 damnum
1481 1047 1550 1112 evi-

379 1159 463 1220 ture.
481 1178 497 1214 s
512 1153 603 1219 lieet
613 1154 649 1218 in
662 1153 725 1219 hao
738 1153 969 1238 propositione
989 1171 1059 1218 non
1079 1159 1200 1236 agatur
1218 1154 1342 1220 directa
1357 1154 1400 1220 da
1423 1153 1547 1231 duello,

380 1265 496 1328 tomen
516 1261 714 1346 prohibetur
734 1261 856 1328 oooisio
877 1262 953 1327 talsi
970 1262 1174 1328 accusatoris
1196 1262 1438 1348 quovismodo
1461 1263 1551 1330 faeta

381 1369 438 1437 vel
459 1373 635 1438 attentata.

418 1478 451 1542 9·
463 1479 517 1543 An
526 1477 580 1544 vir
593 1479 716 1544 nobilis
727 1482 787 1544 aut
801 1477 899 1544 miles
913 1483 1117 1563 provocatus
1128 1479 1171 1545 ad
1186 1479 1337 1544 duellum
1346 1479 1456 1563 possit
1466 1478 1550 1544 illud

380 1591 566 1671 aooeptare
595 1586 623 1651 si
641 1603 803 1669 magnam
822 1589 991 1672 jacturam
1013 1587 1152 1652 honoris
1173 1592 1347 1671 peteretur
1371 1586 1456 1652 illud
1482 1597 1567 1653 ras-'

381 1693 539 1778 puendo‘l
550 1693 787 1778 Respondetur
796 1712 875 1777 neg.
887 1692 980 1759 Inter
988 1695 1236 1778 propositiones
1248 1694 1553 1760 ahAlexandroVIl

380 1802 556 1869 damnatas
571 1820 719 1886 sequens
732 1802 894 1868 hahetur:
916 1825 931 1860 «
946 1801 1002 1866 Vir
1014 1801 1180 1886 equestris
1194 1801 1238 1867 ad
1260 1799 1413 1868 duellum
1430 1820 1554 1886 provo-

381 1915 477 1976 eotus
488 1915 602 1994 potest
612 1910 696 1975 illud
711 1915 895 1995 aoeeptara,
911 1928 955 1975 ne
966 1908 1155 1974 timiditatis
1169 1915 1287 1976 notam
1300 1909 1392 1993 apud
1402 1909 1486 1976 ulios
1500 1909 1553 1976 in-

380 2023 525 2084 ourrst.»
537 2018 586 2084 lta
600 2019 703 2084 etiam
716 2018 840 2083 Bened.
856 2017 935 2094 xiv,
949 2018 985 2082 111
997 2019 1130 2084 eonstit.
1147 2017 1393 2096 Detestabilem,
1409 2037 1505 2104 pmp.
1521 2021 1549 2082 1.

381 2127 462 2192 lnde
477 2127 591 2192 illinita
605 2131 696 2192 esset
710 2126 893 2210 aooeptatio
910 2123 1012 2190 duelli
1034 2125 1077 2190 ad
1099 2126 1293 2191 evitandam
1314 2125 1550 2208 ignominiam.

382 2233 479 2300 Ratio
495 2238 557 2310 est,
573 2234 653 2318 quia
666 2234 852 2317 aooeptutio
866 2232 923 2297 illa
937 2233 980 2298 ad
993 2233 1066 2297 veri
1076 2232 1215 2298 honoris
1230 2233 1475 2310 defensionem,
1488 2251 1554 2299 neo

382 2341 613 2408 necessarium
623 2341 776 2406 medium
790 2345 853 2418 est,
862 2359 926 2406 neo
934 2341 1107 2418 idoneum,
1116 2359 1195 2405 eum
1206 2341 1250 2406 sit
1259 2339 1398 2406 violatio
1411 2341 1497 2423 legis
1506 2341 1554 2405 di-

382 2451 471 2514 vinae
485 2456 519 2515 et
535 2449 779 2526 ecclesiastieae,
797 2455 831 2514 et
845 2469 887 2516 ex
901 2467 995 2516 eone.
1012 2449 1113 2527 Trid,
1130 2467 1212 2514 sess.
1230 2449 1281 2526 15,
1299 2468 1328 2514 o.
1346 2450 1395 2527 19,
1407 2450 1449 2514 de
1462 2449 1552 2530 Res„

383 2558 852 2625 notainiamiaeoontrahatur
862 2578 924 2643 per
936 2557 1554 2643 talemeooeptationemzapudhonos

384 2671 419 2731 et
439 2666 625 2750 prudentes
651 2668 819 2732 honoram
837 2685 907 2732 non
934 2666 1045 2751 perdit
1064 2685 1228 2732 recusans
1249 2664 1419 2742 duellum;
1441 2683 1556 2749 neque

385 2774 476 2858 apud
489 2774 585 2852 alios,
602 2775 631 2840 si
646 2793 724 2840 suas
738 2777 811 2840 vias
833 2793 968 2858 semper
986 2775 1092 2840 libere
1110 2780 1175 2850 eat,
1193 2779 1227 2840 et
1240 2780 1378 2858 paratus
1399 2773 1557 2840 videatur

384 2888 504 2950 eontra
519 2884 673 2968 quemvis
688 2884 883 2950 invasorem
897 2901 934 2948 se
947 2885 1045 2948 tueri.
1065 2884 1151 2960 Quid
1166 2888 1292 2961 sutem,

423 2991 456 3056 3⁰
471 2991 505 3056 Si
521 3010 564 3056 ex
578 3009 648 3057 non
662 2991 892 3074 acceptatione
908 2991 960 3055 vir
973 2991 1095 3057 nobilis
1103 2990 1159 3056 vel
1171 2989 1326 3055 militaris
1341 3009 1412 3056 non
1422 2994 1556 3056 tantum

384 3103 558 3184 pateretur
575 3101 745 3182 jaeturam
764 3098 915 3173 honoris,
937 3096 996 3162 sed
1021 3098 1134 3175 etiam,
1153 3096 1285 3162 honore
1302 3097 1440 3172 amisso,
1462 3101 1555 3162 oarto

385 3213 478 3273 esset
489 3206 675 3292 privandus
695 3206 805 3272 ottioio
822 3224 889 3291 quo
908 3224 944 3270 se
964 3211 999 3271 et
1011 3205 1175 3270 {emiliam
1192 3209 1382 3271 sustentat?
1396 3205 1469 3270 Non
1484 3222 1557 3270 om-

384 3323 447 3380 nes
459 3315 615 3380 doctores
626 3314 844 3379 eonoordant.
857 3312 1088 3389 Reiffenstuel,
1100 3331 1179 3376 oum
1192 3312 1344 3395 pluribus
1355 3311 1440 3390 aliis,
1459 3311 1557 3378 doust

385 3425 653 3508 acceptationem
671 3423 728 3489 vel
740 3423 947 3489 oblationem
961 3422 1062 3488 duelli
1075 3423 1111 3487 in
1124 3423 1189 3488 hoo
1203 3440 1284 3487 oasu
1307 3440 1377 3486 non
1401 3439 1477 3486 esse
1494 3419 1556 3484 illi-

385 3533 498 3610 oitam,
515 3533 595 3616 quia
605 3534 791 3615 aooeptutio
805 3532 861 3597 vel
874 3531 999 3597 oblatio
1019 3535 1180 3596 censetur
1193 3530 1395 3608 necessaria,
1411 3548 1481 3596 non
1504 3547 1557 3595 so

385 3641 460 3705 lum
483 3640 526 3705 ad
552 3640 787 3706 defensionem
813 3641 964 3717 honoris,
987 3639 1172 3706 sedetiam
1203 3638 1373 3704 honorum
1397 3639 1553 3704 iortunae.
1676 3693 1677 3702 ,

288 3803 290 3806 .
388 3749 454 3815 Sed
468 3751 683 3815 communior
696 3751 866 3816 sententia
879 3769 950 3815 non
964 3750 1113 3815 admittit
1123 3749 1211 3814 hano
1220 3747 1467 3830 exceptionem,
1479 3763 1557 3812 oum

387 3857 540 3923 duellum
554 3860 598 3922 sit
609 3859 791 3924 intrinsece
805 3858 947 3934 malum,
965 3862 1000 3922 et
1013 3858 1048 3922 in
1062 3858 1127 3921 hoo
1138 3873 1220 3921 casu
1235 3873 1305 3920 non
1318 3853 1444 3921 habeat
1457 3853 1557 3920 ratio-

389 3983 470 4032 nem
489 3965 697 4032 defensionis
719 3967 930 4032 necessariae.
951 3966 1062 4030 Prima
1076 3965 1190 4048 opinio
1211 3989 1227 4023 «
1250 3962 1395 4047 amplius
1413 3979 1482 4027 non
1505 3966 1558 4026 ast

387 4083 583 4165 probabilis,
598 4087 638 4147 111
650 4082 697 4146 ait
708 4083 740 4148 S.
757 4083 840 4166 Lig„
854 4082 940 4160 1.1v‚
957 4101 990 4146 n.
1007 4081 1078 4159 tuo,
1095 4099 1138 4146 ex
1156 4082 1187 4145 t·
1199 4085 1233 4146 et
1244 4079 1276 4144 l·
1288 4081 1377 4143 inter
1396 4079 1417 4142 u
1437 4095 1557 4161 propo-

389 4191 530 4256 sitiones
552 4191 729 4256 damnatas
749 4209 769 4255 a
788 4191 913 4256 Bened.
930 4189 1011 4253 XIV.
1028 4187 1087 4254 llio
1104 4205 1204 4254 oasns
1227 4205 1271 4253 ex
1286 4191 1382 4270 parte
1402 4183 1559 4250 ooinoidit

388 4317 468 4364 oum
480 4298 538 4364 illo
554 4316 656 4383 quem
670 4316 772 4381 supra
782 4297 1019 4380 expendimus.

428 4406 486 4470 llio
509 4407 704 4470 referuntur
722 4405 871 4489 quinque
890 4403 955 4469 illae
977 4403 1227 4488 propositiones
1248 4423 1269 4469 a
1287 4401 1468 4467 Benedioto
1492 4397 1559 4462 xlv
1591 4425 1595 4430 ·

283 4567 290 4578 .
390 4515 561 4579 damnatae
574 4533 581 4576 :
594 4538 610 4570 «
619 4515 649 4576 1.
661 4512 717 4576 Vir
723 4512 878 4594 militaris
890 4512 959 4595 qui,
971 4511 1036 4576 nisi
1049 4513 1171 4577 offeret
1178 4510 1234 4576 vel
1249 4515 1398 4594 aooeptet
1408 4507 1560 4573 duellum

389 4629 552 4705 tanquam
575 4619 827 4695 formidolosus,
849 4617 998 4694 timidus,
1016 4621 1181 4702 abjectus,
1202 4618 1245 4684 ad
1266 4619 1377 4684 offloie
1403 4615 1561 4681 militaria

389 4729 525 4812 ineptus
546 4728 739 4804 haberetur,
755 4727 903 4814 indeque
927 4727 1039 4792 ofssoio
1066 4745 1133 4811 quo
1158 4745 1195 4791 se
1218 4744 1367 4811 suosque
1391 4727 1561 4790 sustentat
