<?xml version="1.0" encoding="UTF-8"?>
<!DOCTYPE html PUBLIC "-//W3C//DTD XHTML 1.0 Transitional//EN"
    "http://www.w3.org/TR/xhtml1/DTD/xhtml1-transitional.dtd">
<html xmlns="http://www.w3.org/1999/xhtml" xml:lang="en" lang="en">
 <head>
  <title>
</title>
<meta http-equiv="Content-Type" content="text/html;charset=utf-8" />
  <meta name='ocr-system' content='tesseract 3.04.00' />
  <meta name='ocr-capabilities' content='ocr_page ocr_carea ocr_par ocr_line ocrx_word'/>
</head>
<body>
  <div class='ocr_page' id='page_1' title='image "./juscanonicumjux01grangoog/juscanonicumjux01grangoog_0413.png"; bbox 0 0 3412 5570; ppageno 0'>
   <div class='ocr_carea' id='block_1_1' title="bbox 449 645 1369 726">
    <p class='ocr_par' dir='ltr' id='par_1_1' title="bbox 449 645 1369 726">
     <span class='ocr_line' id='line_1_1' title="bbox 449 645 1369 726; baseline -0.001 -12"><span class='ocrx_word' id='word_1_1' title='bbox 449 711 460 726; x_wconf 80' lang='grc'>,</span> <span class='ocrx_word' id='word_1_2' title='bbox 540 666 627 714; x_wconf 81' lang='lat' dir='ltr'>ursan</span> <span class='ocrx_word' id='word_1_3' title='bbox 647 668 775 724; x_wconf 82' lang='lat' dir='ltr'>ourrrus</span> <span class='ocrx_word' id='word_1_4' title='bbox 795 667 1017 716; x_wconf 69' lang='lat' dir='ltr'>narraremus.</span> <span class='ocrx_word' id='word_1_5' title='bbox 1310 645 1369 714; x_wconf 77' lang='lat' dir='ltr'>tos</span> 
     </span>
    </p>
   </div>
   <div class='ocr_carea' id='block_1_2' title="bbox 187 780 1377 3365">
    <p class='ocr_par' dir='ltr' id='par_1_2' title="bbox 193 780 1377 1739">
     <span class='ocr_line' id='line_1_2' title="bbox 234 780 1375 871; baseline 0.002 -23"><span class='ocrx_word' id='word_1_6' title='bbox 234 780 465 851; x_wconf 79' lang='lat' dir='ltr'>incendiarius</span> <span class='ocrx_word' id='word_1_7' title='bbox 482 785 654 870; x_wconf 82' lang='lat' dir='ltr'>ordposus,</span> <span class='ocrx_word' id='word_1_8' title='bbox 676 789 705 852; x_wconf 91' lang='lat' dir='ltr'>si</span> <span class='ocrx_word' id='word_1_9' title='bbox 725 790 824 871; x_wconf 84' lang='lat' dir='ltr'>eulpa</span> <span class='ocrx_word' id='word_1_10' title='bbox 843 787 1035 870; x_wconf 80' lang='lat' dir='ltr'>theologiae</span> <span class='ocrx_word' id='word_1_11' title='bbox 1052 804 1192 852; x_wconf 86' lang='lat' dir='ltr'>oausam</span> <span class='ocrx_word' id='word_1_12' title='bbox 1213 784 1307 850; x_wconf 82' lang='lat' dir='ltr'>dedit</span> <span class='ocrx_word' id='word_1_13' title='bbox 1324 786 1375 850; x_wconf 93' lang='lat' dir='ltr'>in·</span> 
     </span>
     <span class='ocr_line' id='line_1_3' title="bbox 194 892 1375 979; baseline -0.002 -21"><span class='ocrx_word' id='word_1_14' title='bbox 194 893 328 969; x_wconf 77' lang='lat' dir='ltr'>cendio,</span> <span class='ocrx_word' id='word_1_15' title='bbox 345 892 470 958; x_wconf 90' lang='lat' dir='ltr'>damna</span> <span class='ocrx_word' id='word_1_16' title='bbox 483 893 563 959; x_wconf 91' lang='lat' dir='ltr'>inde</span> <span class='ocrx_word' id='word_1_17' title='bbox 579 900 696 959; x_wconf 81' lang='lat' dir='ltr'>secuta</span> <span class='ocrx_word' id='word_1_18' title='bbox 709 901 847 960; x_wconf 89' lang='lat' dir='ltr'>tenetur</span> <span class='ocrx_word' id='word_1_19' title='bbox 861 914 1018 979; x_wconf 86' lang='lat' dir='ltr'>reparare</span> <span class='ocrx_word' id='word_1_20' title='bbox 1033 895 1067 958; x_wconf 94' lang='lat' dir='ltr'>in</span> <span class='ocrx_word' id='word_1_21' title='bbox 1078 893 1286 959; x_wconf 78' lang='lat' dir='ltr'>conscientia</span> <span class='ocrx_word' id='word_1_22' title='bbox 1295 896 1375 957; x_wconf 88' lang='lat' dir='ltr'>ante</span> 
     </span>
     <span class='ocr_line' id='line_1_4' title="bbox 194 1003 1377 1089; baseline -0.002 -21"><span class='ocrx_word' id='word_1_23' title='bbox 194 1003 299 1068; x_wconf 89' lang='lat' dir='ltr'>ullam</span> <span class='ocrx_word' id='word_1_24' title='bbox 315 1003 520 1069; x_wconf 78' lang='lat' dir='ltr'>sententiam</span> <span class='ocrx_word' id='word_1_25' title='bbox 537 1025 543 1067; x_wconf 91' lang='lat'>:</span> <span class='ocrx_word' id='word_1_26' title='bbox 567 1005 760 1072; x_wconf 77' lang='lat' dir='ltr'>voluntarie</span> <span class='ocrx_word' id='word_1_27' title='bbox 774 1007 862 1071; x_wconf 84' lang='lat' dir='ltr'>laesit</span> <span class='ocrx_word' id='word_1_28' title='bbox 871 1009 930 1089; x_wconf 88' lang='lat' dir='ltr'>jus</span> <span class='ocrx_word' id='word_1_29' title='bbox 946 1005 1107 1070; x_wconf 91' lang='lat' dir='ltr'>alienum.</span> <span class='ocrx_word' id='word_1_30' title='bbox 1125 1005 1256 1069; x_wconf 81' lang='lat' dir='ltr'>sivero</span> <span class='ocrx_word' id='word_1_31' title='bbox 1272 1003 1377 1086; x_wconf 84' lang='lat' dir='ltr'>eulpa</span> 
     </span>
     <span class='ocr_line' id='line_1_5' title="bbox 193 1111 1376 1196; baseline -0.001 -22"><span class='ocrx_word' id='word_1_32' title='bbox 193 1111 297 1174; x_wconf 85' lang='lat' dir='ltr'>fuerit</span> <span class='ocrx_word' id='word_1_33' title='bbox 313 1115 447 1175; x_wconf 87' lang='lat' dir='ltr'>tantum</span> <span class='ocrx_word' id='word_1_34' title='bbox 459 1111 615 1194; x_wconf 82' lang='lat' dir='ltr'>juridica,</span> <span class='ocrx_word' id='word_1_35' title='bbox 631 1116 731 1196; x_wconf 84' lang='lat' dir='ltr'>juxta</span> <span class='ocrx_word' id='word_1_36' title='bbox 744 1113 872 1179; x_wconf 89' lang='lat' dir='ltr'>multos</span> <span class='ocrx_word' id='word_1_37' title='bbox 888 1131 959 1178; x_wconf 91' lang='lat' dir='ltr'>non</span> <span class='ocrx_word' id='word_1_38' title='bbox 978 1112 1196 1194; x_wconf 82' lang='lat' dir='ltr'>obligaretur,</span> <span class='ocrx_word' id='word_1_39' title='bbox 1212 1111 1278 1176; x_wconf 92' lang='lat' dir='ltr'>nisi</span> <span class='ocrx_word' id='word_1_40' title='bbox 1297 1115 1376 1194; x_wconf 88' lang='lat' dir='ltr'>post</span> 
     </span>
     <span class='ocr_line' id='line_1_6' title="bbox 196 1217 1375 1303; baseline 0 -22"><span class='ocrx_word' id='word_1_41' title='bbox 196 1218 419 1295; x_wconf 84' lang='lat' dir='ltr'>sententiam3</span> <span class='ocrx_word' id='word_1_42' title='bbox 441 1218 496 1283; x_wconf 93' lang='lat' dir='ltr'>alii</span> <span class='ocrx_word' id='word_1_43' title='bbox 519 1221 705 1285; x_wconf 74' lang='lat' dir='ltr'>canonista</span> <span class='ocrx_word' id='word_1_44' title='bbox 728 1221 944 1303; x_wconf 82' lang='lat' dir='ltr'>distinguunt</span> <span class='ocrx_word' id='word_1_45' title='bbox 957 1221 1048 1284; x_wconf 87' lang='lat' dir='ltr'>inter</span> <span class='ocrx_word' id='word_1_46' title='bbox 1067 1220 1203 1302; x_wconf 86' lang='lat' dir='ltr'>culpam</span> <span class='ocrx_word' id='word_1_47' title='bbox 1219 1217 1324 1283; x_wconf 89' lang='lat' dir='ltr'>latam</span> <span class='ocrx_word' id='word_1_48' title='bbox 1340 1222 1375 1282; x_wconf 90' lang='lat' dir='ltr'>et</span> 
     </span>
     <span class='ocr_line' id='line_1_7' title="bbox 194 1325 1374 1412; baseline -0.001 -22"><span class='ocrx_word' id='word_1_49' title='bbox 194 1325 329 1409; x_wconf 84' lang='lat' dir='ltr'>eulpam</span> <span class='ocrx_word' id='word_1_50' title='bbox 339 1326 452 1392; x_wconf 89' lang='lat' dir='ltr'>levem</span> <span class='ocrx_word' id='word_1_51' title='bbox 465 1347 471 1389; x_wconf 96' lang='lat'><strong>:</strong></span> <span class='ocrx_word' id='word_1_52' title='bbox 485 1328 521 1391; x_wconf 96' lang='lat' dir='ltr'>in</span> <span class='ocrx_word' id='word_1_53' title='bbox 533 1329 643 1412; x_wconf 92' lang='lat' dir='ltr'>primo</span> <span class='ocrx_word' id='word_1_54' title='bbox 654 1347 747 1405; x_wconf 87' lang='lat' dir='ltr'>oasu,</span> <span class='ocrx_word' id='word_1_55' title='bbox 759 1329 929 1394; x_wconf 89' lang='lat' dir='ltr'>restitutio</span> <span class='ocrx_word' id='word_1_56' title='bbox 940 1327 1014 1392; x_wconf 83' lang='lat' dir='ltr'>deri</span> <span class='ocrx_word' id='word_1_57' title='bbox 1027 1327 1168 1392; x_wconf 85' lang='lat' dir='ltr'>deberet</span> <span class='ocrx_word' id='word_1_58' title='bbox 1177 1327 1281 1390; x_wconf 90' lang='lat' dir='ltr'>etiam</span> <span class='ocrx_word' id='word_1_59' title='bbox 1294 1330 1374 1390; x_wconf 86' lang='lat' dir='ltr'>ante</span> 
     </span>
     <span class='ocr_line' id='line_1_8' title="bbox 195 1434 1374 1522; baseline 0 -22"><span class='ocrx_word' id='word_1_60' title='bbox 195 1436 401 1500; x_wconf 86' lang='lat' dir='ltr'>sententiam</span> <span class='ocrx_word' id='word_1_61' title='bbox 420 1436 556 1519; x_wconf 78' lang='lat' dir='ltr'>judicis.</span> <span class='ocrx_word' id='word_1_62' title='bbox 580 1439 775 1504; x_wconf 82' lang='lat' dir='ltr'>Notandum</span> <span class='ocrx_word' id='word_1_63' title='bbox 797 1443 861 1517; x_wconf 89' lang='lat' dir='ltr'>est,</span> <span class='ocrx_word' id='word_1_64' title='bbox 884 1436 975 1522; x_wconf 87' lang='lat' dir='ltr'>quod</span> <span class='ocrx_word' id='word_1_65' title='bbox 995 1437 1031 1500; x_wconf 93' lang='lat' dir='ltr'>in</span> <span class='ocrx_word' id='word_1_66' title='bbox 1051 1435 1153 1500; x_wconf 92' lang='lat' dir='ltr'>dubio</span> <span class='ocrx_word' id='word_1_67' title='bbox 1177 1434 1374 1500; x_wconf 79' lang='lat' dir='ltr'>incendium</span> 
     </span>
     <span class='ocr_line' id='line_1_9' title="bbox 193 1543 1373 1628; baseline 0.002 -21"><span class='ocrx_word' id='word_1_68' title='bbox 193 1545 412 1627; x_wconf 74' lang='lat' dir='ltr'>presumitur</span> <span class='ocrx_word' id='word_1_69' title='bbox 426 1546 618 1622; x_wconf 87' lang='lat' dir='ltr'>fortuitum,</span> <span class='ocrx_word' id='word_1_70' title='bbox 637 1565 708 1613; x_wconf 92' lang='lat' dir='ltr'>non</span> <span class='ocrx_word' id='word_1_71' title='bbox 728 1567 810 1613; x_wconf 90' lang='lat' dir='ltr'>vero</span> <span class='ocrx_word' id='word_1_72' title='bbox 832 1547 991 1612; x_wconf 86' lang='lat' dir='ltr'>dolosum</span> <span class='ocrx_word' id='word_1_73' title='bbox 1006 1550 1067 1610; x_wconf 89' lang='lat' dir='ltr'>aut</span> <span class='ocrx_word' id='word_1_74' title='bbox 1083 1543 1274 1628; x_wconf 84' lang='lat' dir='ltr'>oulposum,</span> <span class='ocrx_word' id='word_1_75' title='bbox 1294 1543 1373 1627; x_wconf 81' lang='lat' dir='ltr'>quia</span> 
     </span>
     <span class='ocr_line' id='line_1_10' title="bbox 195 1651 1242 1739; baseline -0.002 -23"><span class='ocrx_word' id='word_1_76' title='bbox 195 1651 294 1717; x_wconf 91' lang='lat' dir='ltr'>dolus</span> <span class='ocrx_word' id='word_1_77' title='bbox 307 1658 343 1717; x_wconf 94' lang='lat' dir='ltr'>et</span> <span class='ocrx_word' id='word_1_78' title='bbox 353 1653 463 1736; x_wconf 80' lang='lat' dir='ltr'>eulpa,</span> <span class='ocrx_word' id='word_1_79' title='bbox 475 1673 555 1719; x_wconf 86' lang='lat' dir='ltr'>eum</span> <span class='ocrx_word' id='word_1_80' title='bbox 570 1655 615 1718; x_wconf 91' lang='lat' dir='ltr'>sit</span> <span class='ocrx_word' id='word_1_81' title='bbox 627 1656 718 1734; x_wconf 83' lang='lat' dir='ltr'>faeti,</span> <span class='ocrx_word' id='word_1_82' title='bbox 731 1657 868 1739; x_wconf 86' lang='lat' dir='ltr'>probari</span> <span class='ocrx_word' id='word_1_83' title='bbox 883 1655 985 1720; x_wconf 91' lang='lat' dir='ltr'>debet</span> <span class='ocrx_word' id='word_1_84' title='bbox 998 1654 1040 1720; x_wconf 92' lang='lat' dir='ltr'>ab</span> <span class='ocrx_word' id='word_1_85' title='bbox 1057 1656 1242 1718; x_wconf 80' lang='lat' dir='ltr'>asserente.</span> 
     </span>
    </p>

    <p class='ocr_par' dir='ltr' id='par_1_3' title="bbox 187 1759 1371 3365">
     <span class='ocr_line' id='line_1_11' title="bbox 233 1759 1371 1846; baseline 0.003 -23"><span class='ocrx_word' id='word_1_86' title='bbox 233 1761 265 1823; x_wconf 57' lang='grc' dir='ltr'>θ’</span> <span class='ocrx_word' id='word_1_87' title='bbox 278 1761 325 1825; x_wconf 88' lang='lat' dir='ltr'>De</span> <span class='ocrx_word' id='word_1_88' title='bbox 338 1763 416 1844; x_wconf 91' lang='lat' dir='ltr'>jure</span> <span class='ocrx_word' id='word_1_89' title='bbox 430 1761 521 1826; x_wconf 87' lang='lat' dir='ltr'>oivili</span> <span class='ocrx_word' id='word_1_90' title='bbox 535 1763 687 1846; x_wconf 88' lang='lat' dir='ltr'>antiquo,</span> <span class='ocrx_word' id='word_1_91' title='bbox 704 1782 807 1846; x_wconf 82' lang='lat' dir='ltr'>poena</span> <span class='ocrx_word' id='word_1_92' title='bbox 827 1763 976 1828; x_wconf 88' lang='lat' dir='ltr'>inoendii</span> <span class='ocrx_word' id='word_1_93' title='bbox 992 1761 1112 1840; x_wconf 87' lang='lat' dir='ltr'>dolosi,</span> <span class='ocrx_word' id='word_1_94' title='bbox 1129 1780 1191 1844; x_wconf 87' lang='lat' dir='ltr'>pro</span> <span class='ocrx_word' id='word_1_95' title='bbox 1210 1759 1371 1845; x_wconf 85' lang='lat' dir='ltr'>qualitate</span> 
     </span>
     <span class='ocr_line' id='line_1_12' title="bbox 194 1867 1369 1957; baseline 0 -25"><span class='ocrx_word' id='word_1_96' title='bbox 194 1867 317 1946; x_wconf 86' lang='lat' dir='ltr'>delioti,</span> <span class='ocrx_word' id='word_1_97' title='bbox 332 1875 405 1934; x_wconf 90' lang='lat' dir='ltr'>erat</span> <span class='ocrx_word' id='word_1_98' title='bbox 417 1871 607 1955; x_wconf 86' lang='lat' dir='ltr'>deportatio</span> <span class='ocrx_word' id='word_1_99' title='bbox 624 1877 684 1937; x_wconf 85' lang='lat' dir='ltr'>aut</span> <span class='ocrx_word' id='word_1_100' title='bbox 692 1891 796 1957; x_wconf 85' lang='lat' dir='ltr'>poena</span> <span class='ocrx_word' id='word_1_101' title='bbox 809 1874 928 1956; x_wconf 87' lang='lat' dir='ltr'>eapitis</span> <span class='ocrx_word' id='word_1_102' title='bbox 943 1871 999 1938; x_wconf 90' lang='lat' dir='ltr'>vel</span> <span class='ocrx_word' id='word_1_103' title='bbox 1012 1871 1112 1954; x_wconf 79' lang='lat' dir='ltr'>ignis.</span> <span class='ocrx_word' id='word_1_104' title='bbox 1126 1869 1197 1934; x_wconf 91' lang='lat' dir='ltr'>lmo</span> <span class='ocrx_word' id='word_1_105' title='bbox 1209 1887 1252 1934; x_wconf 83' lang='lat' dir='ltr'>ex</span> <span class='ocrx_word' id='word_1_106' title='bbox 1261 1873 1369 1935; x_wconf 81' lang='lat' dir='ltr'>const.</span> 
     </span>
     <span class='ocr_line' id='line_1_13' title="bbox 193 1977 1371 2064; baseline 0.002 -23"><span class='ocrx_word' id='word_1_107' title='bbox 193 1977 311 2055; x_wconf 87' lang='lat' dir='ltr'>Caroli,</span> <span class='ocrx_word' id='word_1_108' title='bbox 324 1983 386 2042; x_wconf 88' lang='lat' dir='ltr'>art.</span> <span class='ocrx_word' id='word_1_109' title='bbox 405 1979 473 2055; x_wconf 73' lang='lat' dir='ltr'>mr,</span> <span class='ocrx_word' id='word_1_110' title='bbox 486 1980 684 2046; x_wconf 83' lang='lat' dir='ltr'>incendiarii</span> <span class='ocrx_word' id='word_1_111' title='bbox 696 1982 805 2046; x_wconf 90' lang='lat' dir='ltr'>dolosi</span> <span class='ocrx_word' id='word_1_112' title='bbox 818 1984 984 2064; x_wconf 85' lang='lat' dir='ltr'>jubentur</span> <span class='ocrx_word' id='word_1_113' title='bbox 996 1982 1065 2045; x_wconf 94' lang='lat' dir='ltr'>vivi</span> <span class='ocrx_word' id='word_1_114' title='bbox 1077 1979 1241 2045; x_wconf 85' lang='lat' dir='ltr'>comburi.</span> <span class='ocrx_word' id='word_1_115' title='bbox 1255 1977 1371 2043; x_wconf 79' lang='lat' dir='ltr'>Incen-</span> 
     </span>
     <span class='ocr_line' id='line_1_14' title="bbox 193 2085 1371 2172; baseline 0.001 -23"><span class='ocrx_word' id='word_1_116' title='bbox 193 2085 287 2149; x_wconf 84' lang='lat' dir='ltr'>diarii</span> <span class='ocrx_word' id='word_1_117' title='bbox 301 2104 384 2151; x_wconf 88' lang='lat' dir='ltr'>vero</span> <span class='ocrx_word' id='word_1_118' title='bbox 396 2086 525 2171; x_wconf 88' lang='lat' dir='ltr'>oulposi</span> <span class='ocrx_word' id='word_1_119' title='bbox 535 2108 637 2171; x_wconf 86' lang='lat' dir='ltr'>poena</span> <span class='ocrx_word' id='word_1_120' title='bbox 652 2094 725 2154; x_wconf 92' lang='lat' dir='ltr'>erat</span> <span class='ocrx_word' id='word_1_121' title='bbox 739 2089 931 2154; x_wconf 86' lang='lat' dir='ltr'>arbitraria:</span> <span class='ocrx_word' id='word_1_122' title='bbox 948 2108 980 2153; x_wconf 93' lang='lat' dir='ltr'>v.</span> <span class='ocrx_word' id='word_1_123' title='bbox 994 2107 1027 2170; x_wconf 82' lang='lat' dir='ltr'>g.</span> <span class='ocrx_word' id='word_1_124' title='bbox 1043 2087 1249 2172; x_wconf 75' lang='lat' dir='ltr'>pecuniaria,</span> <span class='ocrx_word' id='word_1_125' title='bbox 1263 2085 1371 2150; x_wconf 82' lang='lat' dir='ltr'>insar-</span> 
     </span>
     <span class='ocr_line' id='line_1_15' title="bbox 190 2195 1367 2277; baseline 0 -20"><span class='ocrx_word' id='word_1_126' title='bbox 190 2195 327 2271; x_wconf 87' lang='lat' dir='ltr'>oeratio,</span> <span class='ocrx_word' id='word_1_127' title='bbox 346 2200 498 2260; x_wconf 91' lang='lat' dir='ltr'>attamen</span> <span class='ocrx_word' id='word_1_128' title='bbox 517 2198 602 2262; x_wconf 86' lang='lat' dir='ltr'>eitra</span> <span class='ocrx_word' id='word_1_129' title='bbox 615 2202 764 2262; x_wconf 88' lang='lat' dir='ltr'>mortem</span> <span class='ocrx_word' id='word_1_130' title='bbox 783 2202 816 2262; x_wconf 91' lang='lat' dir='ltr'>et</span> <span class='ocrx_word' id='word_1_131' title='bbox 835 2195 1097 2262; x_wconf 88' lang='lat' dir='ltr'>mutilationem.</span> <span class='ocrx_word' id='word_1_132' title='bbox 1114 2195 1162 2258; x_wconf 87' lang='lat' dir='ltr'>De</span> <span class='ocrx_word' id='word_1_133' title='bbox 1173 2196 1251 2277; x_wconf 84' lang='lat' dir='ltr'>jure</span> <span class='ocrx_word' id='word_1_134' title='bbox 1264 2210 1367 2268; x_wconf 92' lang='lat' dir='ltr'>novo,</span> 
     </span>
     <span class='ocr_line' id='line_1_16' title="bbox 190 2299 1370 2390; baseline 0 -25"><span class='ocrx_word' id='word_1_135' title='bbox 190 2301 292 2366; x_wconf 88' lang='lat' dir='ltr'>variae</span> <span class='ocrx_word' id='word_1_136' title='bbox 300 2301 517 2368; x_wconf 86' lang='lat' dir='ltr'>stabiliuntur</span> <span class='ocrx_word' id='word_1_137' title='bbox 523 2322 700 2387; x_wconf 86' lang='lat' dir='ltr'>poenae:ex</span> <span class='ocrx_word' id='word_1_138' title='bbox 708 2304 1000 2390; x_wconf 77' lang='lat' dir='ltr'>art.9bcod.poen.</span> <span class='ocrx_word' id='word_1_139' title='bbox 1010 2299 1370 2368; x_wconf 79' lang='lat' dir='ltr'>incendiariiaedisseio·</span> 
     </span>
     <span class='ocr_line' id='line_1_17' title="bbox 189 2408 1369 2496; baseline 0 -24"><span class='ocrx_word' id='word_1_140' title='bbox 189 2409 500 2488; x_wconf 90' lang='lat' dir='ltr'>rum,horreorum,</span> <span class='ocrx_word' id='word_1_141' title='bbox 512 2413 664 2489; x_wconf 91' lang='lat' dir='ltr'>navium,</span> <span class='ocrx_word' id='word_1_142' title='bbox 682 2418 745 2477; x_wconf 84' lang='lat' dir='ltr'>eto.</span> <span class='ocrx_word' id='word_1_143' title='bbox 756 2412 982 2496; x_wconf 82' lang='lat' dir='ltr'>publicorum,</span> <span class='ocrx_word' id='word_1_144' title='bbox 995 2429 1059 2494; x_wconf 89' lang='lat' dir='ltr'>ope</span> <span class='ocrx_word' id='word_1_145' title='bbox 1071 2408 1277 2493; x_wconf 85' lang='lat' dir='ltr'>explosionis</span> <span class='ocrx_word' id='word_1_146' title='bbox 1293 2425 1369 2491; x_wconf 84' lang='lat' dir='ltr'>quae</span> 
     </span>
     <span class='ocr_line' id='line_1_18' title="bbox 188 2515 1370 2605; baseline -0.001 -25"><span class='ocrx_word' id='word_1_147' title='bbox 188 2515 246 2581; x_wconf 92' lang='lat' dir='ltr'>illa</span> <span class='ocrx_word' id='word_1_148' title='bbox 267 2517 409 2583; x_wconf 72' lang='lat' dir='ltr'>aedilicia</span> <span class='ocrx_word' id='word_1_149' title='bbox 430 2520 611 2596; x_wconf 83' lang='lat' dir='ltr'>subruerit,</span> <span class='ocrx_word' id='word_1_150' title='bbox 634 2540 738 2605; x_wconf 73' lang='lat' dir='ltr'>poena</span> <span class='ocrx_word' id='word_1_151' title='bbox 757 2521 877 2586; x_wconf 90' lang='lat' dir='ltr'>mortis</span> <span class='ocrx_word' id='word_1_152' title='bbox 898 2519 1098 2604; x_wconf 89' lang='lat' dir='ltr'>puniuntur.</span> <span class='ocrx_word' id='word_1_153' title='bbox 1121 2517 1247 2582; x_wconf 88' lang='lat' dir='ltr'>Eadem</span> <span class='ocrx_word' id='word_1_154' title='bbox 1266 2533 1370 2600; x_wconf 75' lang='lat' dir='ltr'>poena</span> 
     </span>
     <span class='ocr_line' id='line_1_19' title="bbox 189 2621 1369 2713; baseline -0.001 -24"><span class='ocrx_word' id='word_1_155' title='bbox 189 2627 360 2705; x_wconf 88' lang='lat' dir='ltr'>statuitur,</span> <span class='ocrx_word' id='word_1_156' title='bbox 375 2627 412 2691; x_wconf 92' lang='lat' dir='ltr'>in</span> <span class='ocrx_word' id='word_1_157' title='bbox 429 2633 490 2693; x_wconf 91' lang='lat' dir='ltr'>art.</span> <span class='ocrx_word' id='word_1_158' title='bbox 507 2629 568 2692; x_wconf 75' lang='lat'>434</span> <span class='ocrx_word' id='word_1_159' title='bbox 589 2629 698 2713; x_wconf 83' lang='lat' dir='ltr'>ejusd.</span> <span class='ocrx_word' id='word_1_160' title='bbox 713 2629 806 2707; x_wconf 87' lang='lat' dir='ltr'>Cod,</span> <span class='ocrx_word' id='word_1_161' title='bbox 831 2634 950 2695; x_wconf 84' lang='lat' dir='ltr'>eontra</span> <span class='ocrx_word' id='word_1_162' title='bbox 970 2627 1181 2693; x_wconf 90' lang='lat' dir='ltr'>voluntarios</span> <span class='ocrx_word' id='word_1_163' title='bbox 1198 2621 1369 2691; x_wconf 81' lang='lat' dir='ltr'>incendia-</span> 
     </span>
     <span class='ocr_line' id='line_1_20' title="bbox 188 2734 1365 2804; baseline -0.001 -6"><span class='ocrx_word' id='word_1_164' title='bbox 188 2735 258 2800; x_wconf 88' lang='lat' dir='ltr'>rios</span> <span class='ocrx_word' id='word_1_165' title='bbox 278 2734 433 2801; x_wconf 86' lang='lat' dir='ltr'>looorum</span> <span class='ocrx_word' id='word_1_166' title='bbox 454 2737 498 2801; x_wconf 90' lang='lat' dir='ltr'>ad</span> <span class='ocrx_word' id='word_1_167' title='bbox 516 2738 761 2804; x_wconf 85' lang='lat' dir='ltr'>habitationem</span> <span class='ocrx_word' id='word_1_168' title='bbox 785 2737 1046 2802; x_wconf 88' lang='lat' dir='ltr'>inservientium</span> <span class='ocrx_word' id='word_1_169' title='bbox 1069 2741 1104 2800; x_wconf 91' lang='lat' dir='ltr'>et</span> <span class='ocrx_word' id='word_1_170' title='bbox 1124 2735 1365 2801; x_wconf 88' lang='lat' dir='ltr'>habitatorum.</span> 
     </span>
     <span class='ocr_line' id='line_1_21' title="bbox 187 2842 1368 2929; baseline -0.001 -22"><span class='ocrx_word' id='word_1_171' title='bbox 187 2843 336 2910; x_wconf 88' lang='lat' dir='ltr'>Mitiores</span> <span class='ocrx_word' id='word_1_172' title='bbox 351 2863 461 2929; x_wconf 83' lang='lat' dir='ltr'>poenae</span> <span class='ocrx_word' id='word_1_173' title='bbox 482 2850 727 2912; x_wconf 89' lang='lat' dir='ltr'>enumerantur</span> <span class='ocrx_word' id='word_1_174' title='bbox 745 2847 781 2911; x_wconf 92' lang='lat' dir='ltr'>in</span> <span class='ocrx_word' id='word_1_175' title='bbox 802 2847 924 2911; x_wconf 91' lang='lat' dir='ltr'>eodem</span> <span class='ocrx_word' id='word_1_176' title='bbox 948 2851 1024 2922; x_wconf 81' lang='lat' dir='ltr'>art,</span> <span class='ocrx_word' id='word_1_177' title='bbox 1047 2844 1182 2928; x_wconf 86' lang='lat' dir='ltr'>quando</span> <span class='ocrx_word' id='word_1_178' title='bbox 1200 2842 1368 2925; x_wconf 80' lang='lat' dir='ltr'>agiturde</span> 
     </span>
     <span class='ocr_line' id='line_1_22' title="bbox 187 2952 1369 3035; baseline -0.002 -17"><span class='ocrx_word' id='word_1_179' title='bbox 187 2953 293 3018; x_wconf 90' lang='lat' dir='ltr'>rebus</span> <span class='ocrx_word' id='word_1_180' title='bbox 314 2954 358 3018; x_wconf 91' lang='lat' dir='ltr'>ad</span> <span class='ocrx_word' id='word_1_181' title='bbox 383 2954 631 3020; x_wconf 89' lang='lat' dir='ltr'>habitationem</span> <span class='ocrx_word' id='word_1_182' title='bbox 652 2973 723 3020; x_wconf 92' lang='lat' dir='ltr'>non</span> <span class='ocrx_word' id='word_1_183' title='bbox 741 2954 1021 3028; x_wconf 69' lang='lat' dir='ltr'>insanientibus,</span> <span class='ocrx_word' id='word_1_184' title='bbox 1046 2971 1086 3017; x_wconf 89' lang='lat' dir='ltr'>ao</span> <span class='ocrx_word' id='word_1_185' title='bbox 1105 2952 1261 3035; x_wconf 92' lang='lat' dir='ltr'>proinde,</span> <span class='ocrx_word' id='word_1_186' title='bbox 1285 2953 1369 3016; x_wconf 90' lang='lat' dir='ltr'>oitra</span> 
     </span>
     <span class='ocr_line' id='line_1_23' title="bbox 187 3060 1365 3147; baseline -0.002 -21"><span class='ocrx_word' id='word_1_187' title='bbox 187 3061 376 3146; x_wconf 85' lang='lat' dir='ltr'>perieulum</span> <span class='ocrx_word' id='word_1_188' title='bbox 392 3063 512 3127; x_wconf 90' lang='lat' dir='ltr'>mortis</span> <span class='ocrx_word' id='word_1_189' title='bbox 532 3084 539 3126; x_wconf 91' lang='lat'><strong>:</strong></span> <span class='ocrx_word' id='word_1_190' title='bbox 559 3083 663 3147; x_wconf 87' lang='lat' dir='ltr'>poena</span> <span class='ocrx_word' id='word_1_191' title='bbox 677 3069 730 3128; x_wconf 92' lang='lat' dir='ltr'>est</span> <span class='ocrx_word' id='word_1_192' title='bbox 744 3063 935 3145; x_wconf 80' lang='lat' dir='ltr'>generatim</span> <span class='ocrx_word' id='word_1_193' title='bbox 950 3061 1124 3126; x_wconf 88' lang='lat' dir='ltr'>damnatio</span> <span class='ocrx_word' id='word_1_194' title='bbox 1139 3060 1183 3125; x_wconf 90' lang='lat' dir='ltr'>ad</span> <span class='ocrx_word' id='word_1_195' title='bbox 1196 3061 1365 3124; x_wconf 84' lang='lat' dir='ltr'>triremes.</span> 
     </span>
     <span class='ocr_line' id='line_1_24' title="bbox 188 3169 1368 3256; baseline -0.002 -20"><span class='ocrx_word' id='word_1_196' title='bbox 188 3171 306 3247; x_wconf 83' lang='lat' dir='ltr'>Quoad</span> <span class='ocrx_word' id='word_1_197' title='bbox 327 3173 575 3239; x_wconf 84' lang='lat' dir='ltr'>incendiarium</span> <span class='ocrx_word' id='word_1_198' title='bbox 595 3171 785 3256; x_wconf 76' lang='lat' dir='ltr'>culpemur,</span> <span class='ocrx_word' id='word_1_199' title='bbox 804 3189 907 3254; x_wconf 86' lang='lat' dir='ltr'>poena</span> <span class='ocrx_word' id='word_1_200' title='bbox 926 3176 979 3236; x_wconf 90' lang='lat' dir='ltr'>est</span> <span class='ocrx_word' id='word_1_201' title='bbox 996 3171 1193 3254; x_wconf 77' lang='lat' dir='ltr'>pecuniaria</span> <span class='ocrx_word' id='word_1_202' title='bbox 1213 3169 1368 3256; x_wconf 49' lang='lat' dir='ltr'>(artemo</span> 
     </span>
     <span class='ocr_line' id='line_1_25' title="bbox 188 3279 399 3365; baseline 0 -21"><span class='ocrx_word' id='word_1_203' title='bbox 188 3279 266 3345; x_wconf 84' lang='lat' dir='ltr'>God.</span> <span class='ocrx_word' id='word_1_204' title='bbox 282 3284 399 3365; x_wconf 70' lang='lat' dir='ltr'>poen).</span> 
     </span>
    </p>
   </div>
   <div class='ocr_carea' id='block_1_3' title="bbox 501 3448 1004 3504">
    <p class='ocr_par' dir='ltr' id='par_1_4' title="bbox 501 3448 1004 3504">
     <span class='ocr_line' id='line_1_26' title="bbox 501 3448 1004 3504; baseline -0.004 -2"><span class='ocrx_word' id='word_1_205' title='bbox 501 3487 504 3496; x_wconf 88' lang='lat'>.</span> <span class='ocrx_word' id='word_1_206' title='bbox 543 3451 575 3502; x_wconf 85' lang='lat' dir='ltr'>ll.</span> <span class='ocrx_word' id='word_1_207' title='bbox 589 3452 628 3503; x_wconf 84' lang='lat' dir='ltr'>oe</span> <span class='ocrx_word' id='word_1_208' title='bbox 643 3448 796 3504; x_wconf 86' lang='lat' dir='ltr'>violatione</span> <span class='ocrx_word' id='word_1_209' title='bbox 810 3448 1004 3504; x_wconf 83' lang='lat' dir='ltr'>ecclesiarum.</span> 
     </span>
    </p>
   </div>
   <div class='ocr_carea' id='block_1_4' title="bbox 183 3609 1373 4872">
    <p class='ocr_par' dir='ltr' id='par_1_5' title="bbox 185 3609 1373 4238">
     <span class='ocr_line' id='line_1_27' title="bbox 227 3609 1364 3698; baseline 0 -20"><span class='ocrx_word' id='word_1_210' title='bbox 227 3617 260 3698; x_wconf 84' lang='grc' dir='ltr'>α)</span> <span class='ocrx_word' id='word_1_211' title='bbox 275 3613 361 3682; x_wconf 89' lang='lat' dir='ltr'>Looa</span> <span class='ocrx_word' id='word_1_212' title='bbox 375 3631 470 3680; x_wconf 88' lang='lat' dir='ltr'>sacra</span> <span class='ocrx_word' id='word_1_213' title='bbox 484 3613 655 3679; x_wconf 88' lang='lat' dir='ltr'>violantur</span> <span class='ocrx_word' id='word_1_214' title='bbox 669 3614 876 3690; x_wconf 80' lang='lat' dir='ltr'>effractione,</span> <span class='ocrx_word' id='word_1_215' title='bbox 895 3613 1107 3698; x_wconf 84' lang='lat' dir='ltr'>spoliatione,</span> <span class='ocrx_word' id='word_1_216' title='bbox 1130 3609 1186 3678; x_wconf 89' lang='lat' dir='ltr'>vel</span> <span class='ocrx_word' id='word_1_217' title='bbox 1199 3609 1364 3694; x_wconf 75' lang='lat' dir='ltr'>sacrilega</span> 
     </span>
     <span class='ocr_line' id='line_1_28' title="bbox 187 3721 1361 3806; baseline -0.002 -18"><span class='ocrx_word' id='word_1_218' title='bbox 187 3723 357 3789; x_wconf 87' lang='lat' dir='ltr'>ablatione</span> <span class='ocrx_word' id='word_1_219' title='bbox 377 3743 494 3789; x_wconf 91' lang='lat' dir='ltr'>rerum</span> <span class='ocrx_word' id='word_1_220' title='bbox 508 3741 690 3789; x_wconf 81' lang='lat' dir='ltr'>sacrarum.</span> <span class='ocrx_word' id='word_1_221' title='bbox 707 3723 902 3806; x_wconf 87' lang='lat' dir='ltr'>Requiritur</span> <span class='ocrx_word' id='word_1_222' title='bbox 915 3740 997 3805; x_wconf 80' lang='lat' dir='ltr'>ergo</span> <span class='ocrx_word' id='word_1_223' title='bbox 1012 3722 1054 3787; x_wconf 85' lang='lat' dir='ltr'>ad</span> <span class='ocrx_word' id='word_1_224' title='bbox 1068 3721 1291 3788; x_wconf 91' lang='lat' dir='ltr'>violationem</span> <span class='ocrx_word' id='word_1_225' title='bbox 1311 3740 1361 3786; x_wconf 78' lang='lat' dir='ltr'>ee</span> 
     </span>
     <span class='ocr_line' id='line_1_29' title="bbox 186 3829 1358 3915; baseline -0.003 -19"><span class='ocrx_word' id='word_1_226' title='bbox 186 3831 297 3897; x_wconf 79' lang='lat' dir='ltr'>elesire</span> <span class='ocrx_word' id='word_1_227' title='bbox 312 3837 351 3896; x_wconf 92' lang='lat' dir='ltr'>ut</span> <span class='ocrx_word' id='word_1_228' title='bbox 365 3831 590 3898; x_wconf 85' lang='lat' dir='ltr'>ssateiiraetio</span> <span class='ocrx_word' id='word_1_229' title='bbox 605 3830 757 3896; x_wconf 89' lang='lat' dir='ltr'>violenta</span> <span class='ocrx_word' id='word_1_230' title='bbox 773 3834 807 3894; x_wconf 90' lang='lat' dir='ltr'>at</span> <span class='ocrx_word' id='word_1_231' title='bbox 821 3829 978 3913; x_wconf 89' lang='lat' dir='ltr'>spoliatio</span> <span class='ocrx_word' id='word_1_232' title='bbox 994 3830 1113 3906; x_wconf 90' lang='lat' dir='ltr'>simul;</span> <span class='ocrx_word' id='word_1_233' title='bbox 1133 3830 1213 3896; x_wconf 92' lang='lat' dir='ltr'>inde</span> <span class='ocrx_word' id='word_1_234' title='bbox 1234 3831 1263 3894; x_wconf 93' lang='lat' dir='ltr'>si</span> <span class='ocrx_word' id='word_1_235' title='bbox 1283 3829 1358 3915; x_wconf 90' lang='lat' dir='ltr'>quis</span> 
     </span>
     <span class='ocr_line' id='line_1_30' title="bbox 186 3937 1360 4025; baseline -0.001 -21"><span class='ocrx_word' id='word_1_236' title='bbox 186 3940 354 4006; x_wconf 90' lang='lat' dir='ltr'>violenter</span> <span class='ocrx_word' id='word_1_237' title='bbox 367 3940 611 4023; x_wconf 82' lang='lat' dir='ltr'>effringatlooa</span> <span class='ocrx_word' id='word_1_238' title='bbox 623 3959 719 4005; x_wconf 85' lang='lat' dir='ltr'>saura</span> <span class='ocrx_word' id='word_1_239' title='bbox 733 3958 776 4004; x_wconf 88' lang='lat' dir='ltr'>ex</span> <span class='ocrx_word' id='word_1_240' title='bbox 791 3940 914 4025; x_wconf 90' lang='lat' dir='ltr'>quibus</span> <span class='ocrx_word' id='word_1_241' title='bbox 929 3940 1013 4004; x_wconf 88' lang='lat' dir='ltr'>nihil</span> <span class='ocrx_word' id='word_1_242' title='bbox 1025 3941 1184 4017; x_wconf 89' lang='lat' dir='ltr'>auferret,</span> <span class='ocrx_word' id='word_1_243' title='bbox 1201 3937 1258 4004; x_wconf 89' lang='lat' dir='ltr'>vel</span> <span class='ocrx_word' id='word_1_244' title='bbox 1269 3940 1360 4003; x_wconf 85' lang='lat' dir='ltr'>iura·</span> 
     </span>
     <span class='ocr_line' id='line_1_31' title="bbox 185 4037 1373 4132; baseline -0.002 -22"><span class='ocrx_word' id='word_1_245' title='bbox 185 4054 279 4112; x_wconf 91' lang='lat' dir='ltr'>retur</span> <span class='ocrx_word' id='word_1_246' title='bbox 288 4048 425 4132; x_wconf 85' lang='lat' dir='ltr'>aliquid,</span> <span class='ocrx_word' id='word_1_247' title='bbox 442 4047 535 4115; x_wconf 86' lang='lat' dir='ltr'>nulla</span> <span class='ocrx_word' id='word_1_248' title='bbox 549 4048 637 4112; x_wconf 88' lang='lat' dir='ltr'>laeta</span> <span class='ocrx_word' id='word_1_249' title='bbox 652 4046 861 4124; x_wconf 78' lang='lat' dir='ltr'>elimatione,</span> <span class='ocrx_word' id='word_1_250' title='bbox 875 4065 946 4112; x_wconf 93' lang='lat' dir='ltr'>non</span> <span class='ocrx_word' id='word_1_251' title='bbox 961 4052 1052 4112; x_wconf 87' lang='lat' dir='ltr'>esset</span> <span class='ocrx_word' id='word_1_252' title='bbox 1066 4047 1201 4130; x_wconf 87' lang='lat' dir='ltr'>proprio</span> <span class='ocrx_word' id='word_1_253' title='bbox 1215 4037 1373 4111; x_wconf 85' lang='lat' dir='ltr'>violator</span> 
     </span>
     <span class='ocr_line' id='line_1_32' title="bbox 186 4155 1035 4238; baseline -0.002 -18"><span class='ocrx_word' id='word_1_254' title='bbox 186 4157 348 4232; x_wconf 78' lang='lat' dir='ltr'>eoeleste,</span> <span class='ocrx_word' id='word_1_255' title='bbox 367 4157 427 4222; x_wconf 90' lang='lat' dir='ltr'>sed</span> <span class='ocrx_word' id='word_1_256' title='bbox 442 4158 581 4222; x_wconf 89' lang='lat' dir='ltr'>invasor</span> <span class='ocrx_word' id='word_1_257' title='bbox 591 4155 682 4220; x_wconf 89' lang='lat' dir='ltr'>illius</span> <span class='ocrx_word' id='word_1_258' title='bbox 696 4162 756 4220; x_wconf 91' lang='lat' dir='ltr'>aut</span> <span class='ocrx_word' id='word_1_259' title='bbox 768 4157 824 4220; x_wconf 83' lang='lat' dir='ltr'>fur</span> <span class='ocrx_word' id='word_1_260' title='bbox 839 4155 1035 4238; x_wconf 81' lang='lat' dir='ltr'>sacrilegus.</span> 
     </span>
    </p>

    <p class='ocr_par' dir='ltr' id='par_1_6' title="bbox 183 4263 1358 4457">
     <span class='ocr_line' id='line_1_33' title="bbox 225 4263 1358 4348; baseline 0.002 -22"><span class='ocrx_word' id='word_1_261' title='bbox 225 4264 255 4348; x_wconf 84' lang='lat' dir='ltr'>b)</span> <span class='ocrx_word' id='word_1_262' title='bbox 270 4265 385 4332; x_wconf 70' lang='lat' dir='ltr'>Poena</span> <span class='ocrx_word' id='word_1_263' title='bbox 400 4266 479 4330; x_wconf 76' lang='lat' dir='ltr'>tatae</span> <span class='ocrx_word' id='word_1_264' title='bbox 490 4273 606 4329; x_wconf 84' lang='lat' dir='ltr'>contro</span> <span class='ocrx_word' id='word_1_265' title='bbox 620 4265 809 4328; x_wconf 83' lang='lat' dir='ltr'>violatores.</span> <span class='ocrx_word' id='word_1_266' title='bbox 827 4264 858 4327; x_wconf 83' lang='lat' dir='ltr'>t⁰</span> <span class='ocrx_word' id='word_1_267' title='bbox 873 4264 919 4326; x_wconf 87' lang='lat' dir='ltr'>De</span> <span class='ocrx_word' id='word_1_268' title='bbox 934 4267 1012 4346; x_wconf 83' lang='lat' dir='ltr'>J’ure</span> <span class='ocrx_word' id='word_1_269' title='bbox 1025 4263 1190 4340; x_wconf 89' lang='lat' dir='ltr'>Romano,</span> <span class='ocrx_word' id='word_1_270' title='bbox 1203 4281 1266 4347; x_wconf 89' lang='lat' dir='ltr'>pro</span> <span class='ocrx_word' id='word_1_271' title='bbox 1278 4281 1358 4348; x_wconf 88' lang='lat' dir='ltr'>qua-</span> 
     </span>
     <span class='ocr_line' id='line_1_34' title="bbox 183 4370 1211 4457; baseline 0.001 -23"><span class='ocrx_word' id='word_1_272' title='bbox 183 4371 279 4438; x_wconf 87' lang='lat' dir='ltr'>litate</span> <span class='ocrx_word' id='word_1_273' title='bbox 294 4373 418 4450; x_wconf 88' lang='lat' dir='ltr'>delioti,</span> <span class='ocrx_word' id='word_1_274' title='bbox 433 4373 664 4457; x_wconf 87' lang='lat' dir='ltr'>puniebantur</span> <span class='ocrx_word' id='word_1_275' title='bbox 677 4370 807 4449; x_wconf 84' lang='lat' dir='ltr'>exsilio,</span> <span class='ocrx_word' id='word_1_276' title='bbox 826 4371 1074 4455; x_wconf 89' lang='lat' dir='ltr'>deportatione,</span> <span class='ocrx_word' id='word_1_277' title='bbox 1090 4376 1211 4437; x_wconf 91' lang='lat' dir='ltr'>morte.</span> 
     </span>
    </p>

    <p class='ocr_par' dir='ltr' id='par_1_7' title="bbox 185 4479 1358 4872">
     <span class='ocr_line' id='line_1_35' title="bbox 224 4479 1358 4564; baseline 0.004 -22"><span class='ocrx_word' id='word_1_278' title='bbox 224 4479 262 4543; x_wconf 93' lang='lat' dir='ltr'>ln</span> <span class='ocrx_word' id='word_1_279' title='bbox 273 4481 351 4563; x_wconf 79' lang='lat' dir='ltr'>Jure</span> <span class='ocrx_word' id='word_1_280' title='bbox 368 4480 503 4556; x_wconf 81' lang='lat' dir='ltr'>Gallico,</span> <span class='ocrx_word' id='word_1_281' title='bbox 519 4479 613 4544; x_wconf 89' lang='lat' dir='ltr'>nulla</span> <span class='ocrx_word' id='word_1_282' title='bbox 627 4479 782 4564; x_wconf 84' lang='lat' dir='ltr'>specialis</span> <span class='ocrx_word' id='word_1_283' title='bbox 796 4499 899 4562; x_wconf 71' lang='lat' dir='ltr'>poena</span> <span class='ocrx_word' id='word_1_284' title='bbox 918 4479 1086 4544; x_wconf 88' lang='lat' dir='ltr'>stabilitur</span> <span class='ocrx_word' id='word_1_285' title='bbox 1103 4483 1222 4545; x_wconf 86' lang='lat' dir='ltr'>eontra</span> <span class='ocrx_word' id='word_1_286' title='bbox 1240 4481 1358 4546; x_wconf 85' lang='lat' dir='ltr'>eilrao-</span> 
     </span>
     <span class='ocr_line' id='line_1_36' title="bbox 186 4587 1358 4670; baseline 0.003 -19"><span class='ocrx_word' id='word_1_287' title='bbox 186 4593 277 4654; x_wconf 91' lang='lat' dir='ltr'>tores</span> <span class='ocrx_word' id='word_1_288' title='bbox 303 4589 522 4654; x_wconf 78' lang='lat' dir='ltr'>ecelesiarum</span> <span class='ocrx_word' id='word_1_289' title='bbox 546 4609 554 4650; x_wconf 77' lang='grc' dir='ltr'>ε</span> <span class='ocrx_word' id='word_1_290' title='bbox 577 4591 759 4652; x_wconf 90' lang='lat' dir='ltr'>remanent</span> <span class='ocrx_word' id='word_1_291' title='bbox 784 4605 895 4670; x_wconf 81' lang='lat' dir='ltr'>poenae</span> <span class='ocrx_word' id='word_1_292' title='bbox 923 4605 1124 4652; x_wconf 76' lang='lat' dir='ltr'>communes</span> <span class='ocrx_word' id='word_1_293' title='bbox 1141 4587 1218 4652; x_wconf 81' lang='lat' dir='ltr'>lete</span> <span class='ocrx_word' id='word_1_294' title='bbox 1240 4594 1358 4654; x_wconf 87' lang='lat' dir='ltr'>contra</span> 
     </span>
     <span class='ocr_line' id='line_1_37' title="bbox 185 4693 1357 4779; baseline 0.002 -19"><span class='ocrx_word' id='word_1_295' title='bbox 185 4697 392 4762; x_wconf 78' lang='lat' dir='ltr'>effractores.</span> <span class='ocrx_word' id='word_1_296' title='bbox 415 4695 541 4761; x_wconf 85' lang='lat' dir='ltr'>Tamen</span> <span class='ocrx_word' id='word_1_297' title='bbox 561 4695 597 4760; x_wconf 92' lang='lat' dir='ltr'>in</span> <span class='ocrx_word' id='word_1_298' title='bbox 619 4700 681 4760; x_wconf 88' lang='lat' dir='ltr'>ert.</span> <span class='ocrx_word' id='word_1_299' title='bbox 697 4693 758 4758; x_wconf 82' lang='lat'>360</span> <span class='ocrx_word' id='word_1_300' title='bbox 776 4694 906 4760; x_wconf 83' lang='lat' dir='ltr'>Codicis</span> <span class='ocrx_word' id='word_1_301' title='bbox 924 4713 1030 4778; x_wconf 86' lang='lat' dir='ltr'>poen,</span> <span class='ocrx_word' id='word_1_302' title='bbox 1049 4714 1153 4779; x_wconf 76' lang='lat' dir='ltr'>paena</span> <span class='ocrx_word' id='word_1_303' title='bbox 1172 4695 1357 4762; x_wconf 85' lang='lat' dir='ltr'>inoaroera-</span> 
     </span>
     <span class='ocr_line' id='line_1_38' title="bbox 185 4803 1356 4872; baseline 0 -4"><span class='ocrx_word' id='word_1_304' title='bbox 185 4805 286 4871; x_wconf 87' lang='lat' dir='ltr'>tionis</span> <span class='ocrx_word' id='word_1_305' title='bbox 304 4807 444 4872; x_wconf 88' lang='lat' dir='ltr'>atribus</span> <span class='ocrx_word' id='word_1_306' title='bbox 459 4805 635 4869; x_wconf 90' lang='lat' dir='ltr'>mensibus</span> <span class='ocrx_word' id='word_1_307' title='bbox 655 4803 696 4869; x_wconf 92' lang='lat' dir='ltr'>ad</span> <span class='ocrx_word' id='word_1_308' title='bbox 716 4820 845 4867; x_wconf 89' lang='lat' dir='ltr'>annum</span> <span class='ocrx_word' id='word_1_309' title='bbox 862 4803 1022 4868; x_wconf 89' lang='lat' dir='ltr'>statuitur</span> <span class='ocrx_word' id='word_1_310' title='bbox 1039 4809 1157 4870; x_wconf 81' lang='lat' dir='ltr'>eontra</span> <span class='ocrx_word' id='word_1_311' title='bbox 1173 4803 1356 4871; x_wconf 87' lang='lat' dir='ltr'>violatores</span> 
     </span>
    </p>
   </div>
   <div class='ocr_carea' id='block_1_5' title="bbox 0 0 1710 5570">
    <p class='ocr_par' dir='ltr' id='par_1_8' title="bbox 0 0 1710 5570">
     <span class='ocr_line' id='line_1_39' title="bbox 0 0 1710 5570; baseline 0 5"><span class='ocrx_word' id='word_1_312' title='bbox 0 0 1710 5570; x_wconf 95' lang='lat' dir='ltr'> </span> 
     </span>
    </p>
   </div>
  </div>
 </body>
</html>
