3514 5564
570 563 657 611 ernau
679 565 816 621 ornares
837 565 1057 614 arenarium.
1342 549 1401 614 loe

229 680 393 748 libertatis
416 686 451 746 at
465 682 639 746 servitutis
656 701 664 746 :
680 683 771 749 unde
785 689 896 748 mater
910 683 1031 749 ancilla
1044 683 1134 768 parit
1152 700 1301 760 serrum,
1323 682 1402 747 licat

229 793 326 874 pater
353 789 397 853 sit
418 789 521 866 liber;
552 797 586 854 et
607 796 720 857 mater
740 792 892 873 ingenua
914 791 969 857 vel
991 790 1113 856 liberta
1133 792 1222 875 perit
1243 791 1399 866 liberum,

231 896 416 962 dummodo
429 897 536 962 libera
548 898 594 962 sit
613 902 765 983 tempore
787 897 1031 984 conceptionis,
1054 899 1110 964 vel
1124 899 1321 977 nativitatis,
1346 898 1402 965 vel

229 1006 441 1075 intermedio.

672 1395 857 1472 TITULUS
897 1396 959 1471 xl.

547 1583 589 1630 DE
616 1581 841 1630 COGNATIONE
867 1582 1079 1630 setbtrttatt.

268 1869 354 1936 Nota
366 1869 606 1952 cognationem
622 1870 658 1935 in
671 1889 798 1952 genere
820 1889 895 1936 esse
917 1871 1101 1957 quamdam
1115 1871 1401 1956 propinquitatem

229 1995 468 2061 personarum3
495 1997 570 2062 quae
591 1979 713 2062 triplex
734 1985 786 2046 est
803 1999 811 2044 :
831 1979 1028 2064 spiritualis,
1046 1979 1164 2064 tepolis
1187 1985 1221 2044 et
1243 1978 1398 2043 comatis.

231 2085 277 2155 De
292 2085 419 2151 ultimis
437 2085 570 2152 duabus
579 2091 701 2168 agetur
718 2087 755 2151 in
775 2105 845 2172 seq.
868 2087 985 2152 titulis.
999 2087 1058 2153 llic
1073 2087 1402 2169 examinaturimpe·

230 2192 420 2259 dimentum
437 2193 601 2260 dirimens
622 2195 836 2277 cognationis
856 2194 1039 2279 spiritualis
1063 2200 1146 2262 ortae
1171 2214 1214 2260 ex
1233 2195 1401 2278 baptismo

230 2302 548 2369 etcontlrmatione.
1072 2293 1076 2304 '

260 2488 280 2539 1.
294 2485 374 2540 Unde
387 2486 505 2552 oriatur,
515 2487 544 2540 et
558 2486 686 2553 quojure
695 2485 911 2541 matrimonium
923 2487 1039 2542 dirimat
1050 2488 1180 2554 cognado
1195 2487 1372 2555 spiritualis?

269 2632 369 2716 Resp.
391 2633 435 2698 ad
460 2634 489 2698 i.
521 2633 636 2699 Oritur
664 2637 943 2701 exsecramenta
970 2633 1130 2718 baptismi
1163 2638 1199 2698 et
1224 2631 1404 2698 conflrma-

231 2739 344 2818 tionis,
362 2759 432 2808 non
445 2760 527 2809 varo
543 2761 586 2807 ex
604 2743 678 2808 aliis
693 2743 931 2810 sacramentis:
950 2743 997 2808 ite
1010 2759 1134 2808 comm.
1152 2761 1195 2806 ex
1215 2741 1402 2807 canonibus
1471 2823 1472 2828 ἵ

230 2867 341 2915 causae
353 2850 404 2927 30,
416 2852 476 2936 apl
494 2856 530 2916 et
541 2852 572 2930 33
590 2851 692 2930 Tria,
710 2871 793 2918 sess.
810 2853 860 2928 94,
878 2870 907 2917 c.
923 2852 953 2928 2,
969 2839 1173 2933 delitescam.
1190 2858 1308 2929 motr.;
1322 2868 1403 2916 nam

231 2959 419 3042 baptismus
434 2966 650 3044 comparatur
663 2961 889 3042 generationi,
907 2978 968 3024 seu
991 2959 1205 3042 conceptioni
1225 2959 1260 3022 in
1285 2962 1401 3036 utero;

230 3068 443 3133 confirmatio
462 3087 545 3134 vero
566 3069 745 3144 nativitati,
763 3087 824 3134 seu
841 3067 980 3133 editioni
995 3067 1031 3132 in
1049 3067 1172 3141 lucem,
1199 3067 1353 3150 adeoque
1367 3067 1402 3132 in

230 3181 376 3260 utroque
392 3176 492 3241 datur
509 3177 619 3259 gratia
638 3195 701 3260 per
717 3177 860 3242 modum
883 3175 1114 3258 generationis
1137 3179 1172 3240 et
1193 3173 1401 3249 nativitatis;

230 3284 409 3349 incaeteris
431 3303 513 3350 vero
529 3284 750 3350 sacramentis
769 3284 868 3349 dator
882 3284 992 3364 gratie
1010 3300 1072 3365 per
1085 3281 1227 3347 modum
1245 3281 1402 3346 nutritio·

230 3393 294 3468 nis,
310 3392 496 3459 sanationis
514 3399 575 3459 aut
589 3392 889 3470 reconciliationis;
907 3409 989 3474 ergo
1011 3391 1099 3456 sicut
1122 3409 1165 3455 ex
1177 3389 1401 3472 generatione

229 3499 375 3566 naturali
401 3501 508 3567 oritur
526 3501 685 3583 cognatio
716 3499 891 3576 naturalis,
917 3501 965 3564 ita
989 3517 1032 3564 ex
1057 3497 1280 3580 generatione
1308 3497 1404 3580 spiri-

230 3609 313 3672 tuali
325 3628 388 3693 per
406 3611 613 3694 baptismum
633 3614 667 3674 et
682 3609 978 3675 confirmationem
998 3608 1106 3672 oritur
1126 3607 1284 3689 cognatio
1309 3606 1404 3689 spiri-

231 3718 342 3785 tualis.
365 3719 431 3784 Nec
450 3719 563 3785 obstat
583 3737 657 3785 can.
680 3721 699 3782 8
718 3722 753 3784 et
772 3737 842 3802 seq.
863 3718 914 3794 30,
931 3736 962 3801 q.
979 3718 995 3780 i
1006 3737 1013 3794 ;
1030 3735 1111 3782 nam
1125 3735 1168 3780 ex
1189 3721 1402 3780 sacramanto

229 3827 439 3912 poenitentiae
460 3833 513 3892 est
527 3829 686 3909 cognatio
700 3825 799 3892 valde
815 3827 1010 3910 impropria,
1029 3843 1104 3909 quae
1125 3844 1196 3890 non
1214 3824 1318 3888 habet
1332 3823 1404 3888 vim

231 3937 410 4002 dirimendi
424 3937 698 4012 matrimonium,
714 3935 793 4001 licet
810 3935 983 4001 fornicans
997 3951 1076 4000 oum
1094 3933 1164 3997 tilia
1178 3931 1403 3997 consessionis

229 4044 436 4128 probabilius
458 4051 616 4111 teneatur
638 4043 929 4109 circumstantiam
946 4043 1048 4106 istam
1066 4041 1197 4123 aperire
1217 4039 1253 4104 in
1271 4041 1404 4106 confes·

230 4154 324 4220 sione
339 4155 382 4238 (S.
399 4153 450 4231 D„
467 4155 529 4231 it,
547 4175 578 4239 q.
596 4154 666 4231 itt,
685 4171 715 4218 a.
732 4153 781 4228 ib,
799 4151 841 4216 ad
855 4153 896 4234 l).

269 4264 368 4348 Resp.
395 4261 438 4329 ad
468 4264 499 4328 2.
531 4263 694 4344 Cognatio
723 4259 907 4345 spiritualis
925 4262 1003 4344 jure
1026 4257 1253 4324 ecclesiastico
1277 4255 1404 4320 dirimit

229 4371 495 4448 matrimonium,
513 4376 547 4434 et
560 4387 653 4435 cons.
667 4368 766 4434 soltit
774 4367 1001 4452 praecedentia
1012 4363 1199 4449 sponsalia:
1215 4363 1263 4427 ita
1276 4380 1401 4427 comm.

230 4499 273 4545 ex
284 4480 418 4564 juribus
434 4496 536 4562 supra
547 4478 602 4542 cit.
616 4497 623 4554 ;
637 4495 718 4542 nam
726 4477 791 4542 hoc
804 4473 1090 4560 impedimentum
1103 4471 1337 4536 introductum
1352 4477 1405 4535 ast
1488 4485 1492 4493 ⁴

230 4607 274 4652 ex
289 4587 479 4671 justissima
492 4603 618 4654 causa:
638 4585 721 4668 quia
741 4583 840 4650 valde
862 4582 1024 4648 indecens
1044 4585 1136 4646 esset
1155 4583 1287 4662 patrem
1309 4579 1403 4662 spiri-

208 4779 212 4788 ·
230 4696 357 4764 tualem
376 4695 525 4782 copulari
538 4693 615 4758 ssliae
632 4691 807 4778 spirituali.
824 4693 863 4756 Et
878 4691 956 4776 quia
973 4691 1046 4756 haec
1059 4687 1253 4756 indecentia
1267 4704 1403 4771 semper
