3412 5570
562 565 650 636 urana
671 589 798 644 oururus
817 587 1034 634 anonumum.
1203 591 1205 595 ·
1327 573 1387 638 tec

213 703 256 774 ad
269 723 397 774 noxam
410 705 484 773 aliis
498 706 722 772 inferendam.
738 707 864 782 Tamen
879 704 1031 771 revocari
1044 708 1159 787 potest
1176 706 1220 772 ad
1236 709 1387 790 magiam

211 815 312 882 latius
332 819 514 899 sumptam.
538 814 740 880 Meledcium
758 832 841 896 ergo
861 818 913 879 est
926 831 980 878 ars
996 813 1141 878 nocendi
1156 811 1241 891 aliis,
1264 833 1329 899 ope
1348 835 1386 882 ac

211 929 379 1008 potestate
392 924 568 1001 daemonis,
584 928 618 989 et
638 928 690 988 est
704 923 849 1006 duplex:
866 926 897 987 1⁰
919 924 1134 999 amatorium,
1157 924 1294 1008 quando
1313 929 1387 989 ten-

212 1033 261 1098 dit
273 1032 316 1098 ad
326 1031 544 1098 excitandum
555 1049 709 1096 amorem
720 1031 891 1097 carnalem
901 1029 957 1094 vel
970 1030 1098 1108 odium,
1111 1030 1265 1096 doemone
1281 1033 1386 1114 phan-

211 1140 342 1216 tasiam,
360 1155 431 1203 non
445 1143 560 1203 tamen
573 1138 797 1214 voluntatem,
806 1138 955 1203 hominis
969 1143 1208 1203 commovente
1223 1139 1385 1202 etimmu-

213 1253 320 1323 tante;
332 1248 364 1311 2⁰
374 1248 566 1327 veneticum
575 1251 638 1323 est,
651 1246 787 1330 quando
798 1250 1043 1310 nocumentum
1053 1245 1227 1328 corporale
1241 1247 1386 1310 infertur

181 1354 341 1420 ·homini
368 1358 428 1419 ant
454 1353 688 1419 animalibus:
713 1352 880 1418 maleficia
906 1353 1060 1417 venetica
1084 1352 1189 1434 vulgo
1217 1355 1385 1418 vocantur

211 1487 227 1520 a
247 1466 399 1528 sortes».
425 1461 586 1544 Theologi
596 1461 693 1527 facile
709 1461 896 1526 ostendunt
905 1460 1060 1525 illicitum
1072 1479 1158 1536 esse,
1177 1461 1384 1526 maleficium

210 1569 343 1636 solvere
356 1570 424 1636 alio
447 1570 623 1647 maleficio,
641 1588 719 1635 cum
733 1587 804 1634 non
819 1571 886 1634 sint
899 1569 1055 1635 iacienda
1069 1569 1159 1634 male
1172 1573 1211 1632 ut
1225 1571 1386 1634 eveniant

208 1680 309 1755 bona,
326 1677 481 1745 etmulto
505 1678 620 1744 minus
640 1677 770 1744 malum
792 1676 921 1744 morale
939 1681 978 1741 ut
1000 1676 1134 1744 eveniat
1160 1677 1290 1744 bonum
1311 1695 1384 1744 cor-

206 1787 335 1872 porale.

246 1897 297 1961 IV.
313 1897 362 1962 Dc
375 1897 569 1981 astrotopia.
595 1895 786 1978 Astrologia
800 1896 924 1979 duplex
944 1895 1164 1977 distinguitur
1181 1917 1187 1958 :
1205 1896 1236 1959 1⁰
1250 1900 1383 1960 nature·
1497 1885 1499 1891 ’

205 2006 258 2083 lis,
281 2025 348 2091 qua
370 2025 413 2073 ex
428 2007 578 2073 siderum
593 2009 676 2084 situ,
696 2025 819 2084 eursu,
841 2012 1005 2091 motuque
1031 2006 1300 2072 determinantur
1323 2009 1383 2069 aut

205 2119 440 2198 conjectantur
454 2131 495 2180 ea
509 2134 584 2200 qua
600 2115 801 2182 naturaliter
812 2115 1026 2196 contingunt,
1043 2121 1082 2179 ut
1098 2114 1241 2198 eclipsm,
1257 2113 1381 2196 pheses

205 2224 306 2300 lunee,
319 2225 433 2289 fluxus
444 2225 559 2302 maris,
571 2224 705 2307 pluviae,
716 2225 911 2306 grandines,
923 2229 1000 2303 etc.;
1015 2228 1048 2290 2⁰
1055 2225 1244 2308 judiciaria,
1261 2243 1328 2308 qua
1337 2242 1380 2288 ex

206 2335 375 2397 astrorum
390 2334 599 2416 inspectione
611 2333 842 2416 predicantur
854 2335 960 2398 futuri
980 2339 1123 2399 eventus
1141 2333 1292 2410 fortuiti,
1310 2337 1343 2396 ct
1358 2349 1378 2397 a
1423 2415 1425 2419 v

204 2440 311 2506 libero
324 2441 474 2507 hominis
489 2440 627 2506 arbitrio
643 2440 887 2523 dependentes,
905 2442 961 2506 vel
973 2442 1156 2525 praesentia
1170 2459 1310 2528 prorsus
1326 2458 1379 2506 oo-

203 2547 294 2615 culta
308 2549 578 2614 manifestantur.
592 2547 639 2611 De
653 2548 717 2612 bac
729 2548 848 2614 ultima
859 2554 992 2614 tantum
1005 2553 1060 2615 bic
1072 2552 1194 2632 agitur.

244 2656 280 2719 V.
298 2656 346 2721 De
367 2657 604 2740 maquettsmo,
621 2656 929 2735 sombernbolismo,
950 2659 1142 2742 spiritismo.
1163 2657 1376 2741 Superstitio,

203 2765 329 2828 nostris
347 2765 565 2849 temporibus,
584 2766 749 2852 quasdam
768 2784 877 2832 novas
893 2765 1004 2831 induit
1017 2766 1155 2842 formas,
1173 2783 1249 2849 quee
1264 2783 1377 2829 recen·

204 2872 270 2937 seri
286 2872 421 2938 debent.
945 2887 948 2893 ·

243 2979 275 3060 a)
297 2977 410 3044 Prima
433 2982 544 3047 forma
563 2983 719 3047 consistit
742 2985 779 3048 in
796 2982 1046 3059 mesmerismo,
1073 3001 1149 3066 quae
1171 2982 1212 3046 ab
1238 2987 1376 3046 auctore

201 3087 348 3152 Antonio
363 3088 507 3153 lilesmer
522 3107 648 3156 nomen
668 3093 817 3174 accepit;
833 3095 974 3155 vocatur
998 3089 1101 3154 etiam
1125 3090 1374 3170 magnetismus

201 3193 366 3271 animalis,
385 3195 547 3262 acredito
563 3197 711 3280 quodam
725 3199 829 3264 lluido
841 3197 898 3282 qui
914 3203 1005 3262 esset
1015 3198 1167 3262 medium
1178 3217 1239 3262 seu
1251 3199 1376 3262 instru-

201 3308 358 3366 mentum
380 3305 546 3370 mirorum
568 3307 1123 3390 quorumdampbaenomonorum.
1148 3306 1265 3382 Quoad
1288 3326 1372 3385 rem,

202 3409 307 3493 quaeri
321 3417 438 3494 posset
456 3413 492 3477 in
507 3432 574 3497 quo
589 3415 728 3497 precise
742 3416 915 3480 consistat.
931 3413 1008 3490 Sed,
1026 3418 1064 3477 ut
1084 3414 1233 3479 ostendit
1247 3413 1280 3477 P.
1299 3415 1376 3478 Per÷

201 3534 296 3595 rone,
312 3520 544 3602 magnetologi
559 3521 688 3586 nullam
702 3523 930 3588 mesmerismi
950 3522 1030 3587 dare
1050 3528 1237 3606 potuerunt
1257 3523 1375 3588 delini-

202 3625 330 3690 tionem
344 3626 470 3692 claram
481 3635 515 3692 et
530 3628 722 3695 distinctam
738 3630 790 3713 (de
807 3630 889 3697 Virt.
904 3629 1012 3713 reliq.²
1022 3649 1054 3712 p.
1072 3629 1112 3706 ll,
1127 3649 1153 3692 s.
1170 3631 1199 3708 i,
1216 3649 1245 3696 c.
1257 3634 1296 3714 l),
1309 3653 1372 3698 neo

201 3736 419 3802 consentiunt
432 3736 467 3800 in
483 3737 712 3805 describendis
724 3740 975 3806 conditionibus
986 3757 1212 3824 personarum
1226 3746 1261 3807 et
1274 3759 1376 3827 appa-

200 3847 294 3907 ratus
308 3843 493 3909 materialis
507 3846 678 3929 requisitis
695 3847 738 3912 ad
750 3848 977 3930 phaenomena
994 3849 1197 3929 magnetica.

241 3951 270 4033 b)
290 3949 619 4018 Somnambulismus
638 3956 896 4038 psycbologicus
918 3961 971 4020 est
986 3956 1092 4021 altera
1104 3958 1216 4022 forma
1234 3977 1374 4040 magne·

200 4059 292 4121 tismi
313 4061 486 4138 animalis,
510 4079 571 4126 seu
592 4063 705 4144 potius
730 4081 931 4144 progressus
957 4068 991 4128 et
1011 4062 1152 4129 ulterior
1177 4065 1314 4146 gradus.
1347 4068 1374 4129 A

201 4165 430 4234 describendis
444 4169 547 4234 variis
561 4170 680 4234 formis
695 4170 989 4235 somnambulismi
1004 4176 1038 4235 et
1051 4173 1153 4236 variis
1168 4173 1289 4237 mediis
1304 4175 1374 4258 qui-

201 4275 265 4338 bus
286 4294 427 4342 somnus
443 4279 619 4354 excitatur,
633 4279 855 4356 abstinemus,
877 4297 956 4343 cum
968 4279 1045 4344 talis
1059 4279 1239 4363 descriptio
1257 4282 1312 4346 hie
1331 4284 1376 4346 sit

200 4381 301 4465 plane
320 4385 460 4462 inutilis,
490 4388 577 4452 sicut
600 4391 635 4450 et
652 4388 805 4451 recensio
826 4387 1130 4472 pbaenomenorum
1152 4391 1371 4454 somnambu—

200 4491 302 4570 lismi‚
316 4495 429 4577 qualia
442 4503 522 4560 sunt
534 4497 669 4564 intuitio
682 4497 718 4562 in
732 4497 871 4576 distans,
884 4496 1059 4563 translatio
1070 4497 1239 4577 mentalis,
1252 4502 1373 4568 attrac-

201 4601 248 4667 tio
263 4604 466 4684 magnetioa,
483 4611 546 4672 eto.

241 4709 276 4772 li.
294 4709 441 4780 Perrone
460 4711 494 4796 (l.
512 4714 581 4796 cit.)
598 4718 781 4800 sequentes
800 4717 922 4798 probat
938 4715 1188 4804 propositiones
1209 4737 1217 4781 :
1235 4719 1266 4784 1⁰
1283 4717 1375 4784 Licet
