3482 5560
545 582 632 628 LIBER
653 583 779 636 QUINTUS
801 584 1020 630 pneumaticis.

583 916 770 992 TlTULUS
796 917 979 993 PRIMUS.

272 1093 309 1140 liti
331 1087 592 1152 ACGUSATIONIBUS,
617 1095 864 1151 lNQUlSlTIONlBUS
886 1098 924 1142 ET
946 1097 1233 1145 DENUNTIATlONlBUS
1254 1091 1291 1148 lli·

238 1403 332 1468 Nom.
350 1405 381 1467 l·
396 1403 542 1468 Crimina
554 1410 700 1489 possunt
715 1423 789 1470 esse
804 1407 938 1470 notoria
949 1407 1005 1471 vel
1024 1426 1114 1483 non;
1141 1407 1176 1470 in
1197 1407 1261 1470 hoc
1276 1405 1372 1470 titulo

199 1511 311 1592 agitur
332 1510 457 1575 directe
480 1517 515 1577 et
537 1513 672 1598 proprie
690 1512 731 1576 de
752 1513 863 1606 modis
887 1515 989 1578 variis
1014 1515 1136 1598 quibus
1157 1514 1192 1577 in
1208 1513 1372 1596 Judicium

200 1616 413 1683 deducuntur
426 1620 567 1684 crimina
577 1637 647 1686 non
662 1621 806 1698 notoria,
819 1639 861 1684 ae
872 1619 1014 1704 proinde
1030 1621 1143 1703 agitur
1159 1620 1200 1686 de
1212 1639 1373 1705 processu

198 1725 374 1792 criminali.
1229 1726 1231 1730 '

238 1833 390 1899 Breviter
405 1853 616 1918 exponemus
632 1836 787 1901 ordinem
801 1835 890 1900 illius
905 1854 1097 1920 processus,
1119 1854 1180 1900 seu
1197 1837 1308 1920 quoad
1333 1855 1374 1901 es

200 1962 275 2027 quse
297 1942 353 2007 vel
366 1961 526 2027 expresse
538 1945 781 2029 praecipiuntur
802 1946 837 2008 in
853 1947 931 2028 jure
951 1933 1125 2020 canonico,
1146 1944 1203 2008 vel
1220 1945 1373 2028 proxime

201 2050 303 2114 dictat
320 2051 461 2135 aequitas
486 2052 667 2127 naturalis,
693 2071 835 2137 quaeque
855 2051 997 2134 proinde
1024 2051 1197 2116 sufiiciunt
1215 2070 1276 2137 pro
1300 2054 1374 2118 foro

199 2158 373 2224 canonico.
393 2159 510 2224 Modus
523 2160 730 2243 procedendi
744 2162 780 2224 in
794 2161 868 2224 foro
885 2159 975 2224 civili
990 2158 1080 2242 apud
1096 2177 1158 2224 nos
1177 2160 1321 2224 traditur
1338 2162 1374 2226 in

201 2265 319 2330 Codice
335 2266 567 2333 instructionis
582 2268 776 2346 criminalis,
802 2269 859 2354 qui
881 2270 916 2332 in
938 2267 1054 2331 multis
1079 2267 1245 2352 discrepat
1267 2287 1287 2333 a
1298 2270 1374 2351 Jure

199 2373 363 2450 Romano,
382 2375 473 2458 quod
488 2377 672 2441 canonistae
687 2376 916 2440 communiter
931 2379 1094 2459 tanquam
1112 2392 1269 2440 normam
1284 2394 1377 2441 rece

198 2485 375 2564 peruutac
391 2483 611 2560 tradiderunt,
634 2484 842 2568 quibusdam
868 2489 984 2547 tamen
1009 2481 1153 2566 demptis
1177 2487 1237 2546 sut
1254 2481 1375 2547 additis

200 2608 261 2674 per
271 2590 729 2675 decretaSedisApostolicae.
746 2591 812 2656 Sed
823 2599 1009 2675 antequam
1019 2590 1160 2658 modum
1174 2591 1375 2656 instituendi

200 2715 399 2781 processum
425 2700 637 2766 criminalem
664 2703 700 2764 in
731 2699 861 2766 delictis
889 2719 960 2766 non
983 2699 1126 2765 notoriis
1150 2717 1372 2783 exponamus,

200 2805 364 2871 nonnulla
377 2812 458 2872 sunt
470 2807 693 2892 praenotanda
708 2808 749 2872 de
765 2808 963 2873 criminibus
976 2808 1129 2873 notoriis.

239 2917 271 2979 2⁰
285 2915 461 2980 Notarium
475 2915 597 2980 dieitur
615 2915 698 2981 illud
722 2917 851 2981 crimen
868 2917 970 3000 quod,
997 2917 1052 2981 vel
1068 2917 1109 2982 dc
1123 2920 1212 3000 jure,
1229 2917 1284 2982 vel
1301 2919 1374 3001 ipso

201 3026 290 3089 facto
313 3022 505 3088 itncertum
529 3027 592 3100 est,
616 3029 655 3088 ut
677 3023 771 3088 nulla
792 3023 1003 3090 discussione
1019 3023 1182 3105 indigeat,
1205 3023 1261 3088 vel
1284 3024 1376 3088 nulla

177 3111 185 3130 ⁶
203 3131 483 3214 tergiversatione
498 3131 599 3196 celari
613 3132 731 3216 possit.
752 3131 847 3197 Unde
870 3133 1042 3197 notorium
1064 3137 1116 3196 est
1140 3131 1274 3215 duplex,
1292 3133 1377 3196 seili-

204 3240 473 3306 cetnotorietate
483 3240 574 3321 juris
597 3245 631 3304 et
655 3240 859 3304 notorietete
874 3241 970 3322 sacti.
991 3239 1167 3304 Notarium
1186 3241 1274 3323 juris
1293 3239 1375 3302 iliud

204 3352 256 3412 est
268 3351 366 3430 cujus
378 3347 565 3411 notorietas
578 3365 599 3411 a
610 3349 687 3429 Jure
702 3345 758 3412 vel
772 3349 807 3410 in
819 3346 947 3430 judicio
963 3348 1080 3421 oritur,
1096 3352 1179 3431 puta
1198 3366 1259 3430 per
1279 3364 1376 3430 spon-

203 3461 340 3521 taneam
364 3456 617 3520 confessionem
640 3455 701 3531 rei,
721 3473 783 3539 per
811 3451 1016 3520 seutentiam
1039 3455 1179 3538 judicis;
1204 3457 1376 3520 notorium

201 3563 280 3628 lacti
294 3559 376 3627 illu'd
392 3567 445 3627 est
466 3562 556 3648 quod
571 3567 804 3645 perpetratum
817 3565 870 3626 est
888 3561 923 3626 in
938 3563 1044 3627 oculis
1063 3563 1252 3638 hominum,
1275 3562 1323 3627 ita
1338 3569 1376 3627 ut

201 3669 296 3735 nulla
310 3661 590 3752 tergiversatione
607 3669 709 3734 celari
731 3657 849 3752 possit.
866 3669 1097 3753 Requiruntur
1117 3670 1160 3734 ad
1180 3671 1294 3735 minus
1314 3669 1375 3736 serr

204 3784 309 3842 testes
320 3777 484 3852 oculares,
501 3781 540 3840 ut
552 3777 680 3841 crimen
691 3781 871 3841 censeatur
883 3779 1066 3842 notorium.

241 3885 274 3949 3·
289 3884 430 3962 Quando
443 3885 572 3949 crimen
588 3883 758 3949 occultum
773 3888 835 3959 est,
849 3883 958 3968 judex
971 3887 1007 3949 in
1023 3889 1097 3968 ejus
1111 3887 1306 3967 cognitione
1321 3887 1377 3950 ad-

203 3994 381 4075 stringitur
395 3990 438 4056 ad
461 3991 715 4056 observantiam
738 3991 865 4055 ordinis
886 3992 1056 4073 judiciarii
1085 3994 1141 4078 qui
1162 3993 1376 4057 introductus

203 4107 255 4166 est
277 4101 319 4166 ad
333 4099 485 4165 criminis
500 4105 559 4164 aut
576 4101 663 4182 juris
679 4099 770 4164 dubii
796 4102 975 4166 veritatem
993 4101 1277 4183 investigandam.
1295 4099 1375 4165 lnde

92 4211 97 4221 “
202 4211 237 4274 in
260 4208 389 4274 delictis
417 4207 559 4271 notoriis
586 4225 656 4271 non
682 4209 866 4292 requiritur
889 4207 971 4274 ordo
993 4209 1173 4292 judicialis,
1194 4209 1255 4273 sed
1277 4206 1378 4272 debet

202 4321 358 4382 constare
375 4315 416 4380 de
430 4315 505 4399 ipsa
518 4315 732 4392 notorietate,
750 4315 936 4399 etquidem
948 4333 1018 4380 non
1037 4321 1172 4381 tantum
1188 4318 1224 4380 in
1244 4316 1374 4380 ratione

202 4427 300 4509 sacti,
327 4424 388 4490 scd
409 4423 512 4489 etiam
533 4423 569 4487 in
591 4424 723 4489 ratione
744 4425 888 4490 delicti:
912 4444 944 4489 v.
966 4443 999 4506 g.
1035 4424 1126 4509 quod
1155 4424 1375 4491 homicidium

233 4580 268 4647 (it
284 4579 376 4644 Agitur
390 4577 422 4628 de
439 4577 489 4626 hae
503 4577 614 4626 materia
625 4576 653 4627 in
668 4577 802 4638 Pendeat,
815 4577 861 4628 lib.
873 4577 979 4638 ΧΙΝΙΙΙ,
994 4578 1035 4628 tit.
1050 4589 1085 4640 rr;
1100 4577 1129 4628 in
1143 4577 1247 4641 Codice,
1264 4577 1311 4628 lib.
1332 4577 1374 4640 lx,

201 4656 242 4706 tit.
262 4668 271 4706 ι
289 4659 316 4705 et
331 4666 365 4716 rr;
384 4652 473 4717 quoad
492 4651 537 4718 jus
558 4651 659 4716 Gallie,
673 4652 701 4703 in
716 4655 771 4704 toto
786 4653 849 4704 cod.
870 4653 946 4702 inetr.
966 4652 1052 4714 erim,
1070 4652 1115 4702 sed
1131 4654 1276 4718 speciatim,
1291 4653 1336 4703 lib.
1354 4653 1373 4716 1,

202 4745 226 4782 c.
243 4743 309 4794 ι·ιιι;
320 4729 367 4781 lib.
378 4729 408 4792 11,
423 4731 443 4781 t.
460 4739 490 4790 ιι,
507 4739 550 4790 ιιι,
562 4738 599 4778 rv.
