3514 5564
355 511 414 574 188
813 531 863 578 rus
884 529 1063 576 canonicus.

354 665 455 732 posse
470 647 742 715 benedictionem
756 650 801 714 ob
817 649 1012 730 generalem
1033 651 1166 714 textum
1184 665 1213 712 c.
1233 649 1253 710 3
1271 648 1304 712 h.
1329 653 1366 725 1.,
1390 653 1425 712 et
1446 649 1522 714 ideo

354 774 492 839 pcenam
508 758 741 842 suspensionis
756 761 919 824 statutam
934 777 1010 824 esse
1031 757 1244 822 benedicenti
1257 757 1297 839 (c.
1314 758 1343 834 1,
1360 758 1448 834 eod.;
1464 759 1524 824 Ta-

355 865 1525 951 bienaetel.Secundadoeetsemperillamdaripossaquiabenedie

357 973 401 1038 tio
409 973 569 1052 ista,cum
576 974 697 1038 nonsit
704 980 965 1050 sacramentum,
976 973 1207 1048 iterabilisest,
1220 989 1289 1037 non
1302 973 1524 1044 sustentans

354 1082 387 1144 b.
399 1083 496 1158 t‚,cui
504 1081 599 1146 locus
609 1087 661 1147 est
667 1100 708 1147 eo
716 1101 797 1148 casu
806 1082 1128 1166 quobenedicuntur
1141 1082 1269 1164 nuptiae
1281 1081 1449 1155 secundae,
1459 1082 1525 1164 pri·

354 1191 419 1254 mis
433 1192 667 1256 constantibus
680 1191 821 1274 (Lepas).
839 1190 949 1255 Tertia
965 1191 1063 1254 docet
1081 1189 1354 1255 benedictionem
1361 1209 1431 1255 non
1449 1209 1524 1256 esse

356 1296 514 1374 dandam,
532 1300 603 1363 sive
617 1299 680 1374 vir,
698 1299 769 1362 sive
786 1298 909 1363 mulier
923 1298 958 1361 in
973 1299 1090 1381 primis
1109 1297 1235 1380 nuptiis
1254 1297 1524 1364 benedictionem

355 1406 494 1488 accepit,
515 1405 594 1488 quie
607 1424 686 1490 pars
703 1406 882 1470 benedicta
897 1405 1000 1470 trabit
1020 1405 1063 1470 ad
1083 1423 1119 1468 se
1134 1423 1205 1470 non
1219 1405 1433 1470 benedictam
1454 1406 1526 1488 (Οοι

354 1531 415 1577 var
427 1512 550 1596 etalii).
566 1516 689 1590 Quarta
704 1513 803 1580 docet
817 1513 1090 1578 benedictionem
1101 1531 1176 1578 esse
1192 1513 1350 1590 dandam,
1363 1515 1525 1580 sividuus

355 1621 456 1686 ducat
464 1623 634 1704 virginem
645 1673 652 1700 ,
664 1641 734 1687 non
745 1641 828 1686 vero
839 1622 867 1686 si
879 1622 981 1686 vidua
990 1627 1143 1686 transeat
1149 1622 1191 1686 ad
1202 1623 1367 1688 secundas
1376 1624 1523 1706 nuptias.

355 1732 614 1796 llaecsententia
627 1731 763 1796 videtur
780 1733 990 1814 frequentior
1012 1733 1048 1794 in
1066 1731 1173 1814 praxi,
1190 1735 1224 1794 et
1247 1747 1308 1814 pro
1327 1749 1368 1795 ea
1387 1731 1525 1813 allegari

355 1839 442 1904 solet
457 1839 488 1902 S.
506 1838 557 1916 o,
574 1840 609 1902 in
623 1839 755 1924 Suppl,
771 1860 802 1924 q.
812 1841 862 1916 63,
873 1842 942 1915 ab,
957 1840 1000 1905 ad
1013 1839 1043 1903 3.
1059 1839 1155 1904 Ratio
1163 1856 1315 1921 congrua
1327 1841 1474 1903 sumitur
1482 1859 1525 1906 ex

356 1947 601 2028 significatione
617 1949 720 2030 hujus
735 1947 948 2022 sacrementi,
968 1966 1042 2032 quae
1058 1965 1128 2012 non
1142 1947 1189 2011 ita
1203 1947 1350 2030 perlecta
1364 1947 1523 2024 salvmur,

356 2055 384 2118 si
396 2053 519 2119 mulier
534 2055 577 2117 sit
591 2055 728 2131 hincho,
743 2055 823 2140 quia
842 2073 967 2138 sponsa
986 2054 1105 2118 Christi
1124 2058 1177 2118 est
1192 2054 1292 2118 unica
1310 2053 1466 2130 Ecclesia,
1489 2055 1525 2118 in

356 2180 423 2244 qua
437 2167 554 2227 tamen
568 2161 719 2226 Christus
738 2163 840 2227 babet
863 2161 977 2244 plures
994 2179 1157 2245 personas
1172 2161 1404 2245 desponsatas.
1424 2161 1526 2226 Ceste-

355 2287 432 2332 rum
443 2287 521 2334 cum
536 2269 726 2334 benedictio
745 2269 960 2352 impendatur
977 2270 1143 2352 personis,
1160 2287 1230 2334 non
1250 2269 1313 2334 erit
1328 2270 1523 2352 repetenda,

357 2378 385 2442 si
399 2377 606 2442 revalidetur
619 2378 875 2453 matrimonium
889 2378 1026 2443 nulliter
1038 2383 1259 2443 contractum.

395 2484 493 2568 Resp.
510 2486 540 2549 2.
558 2485 741 2568 Suspensio
755 2485 824 2550 luta
839 2485 875 2550 in
892 2505 921 2550 c.
937 2487 952 2550 1
971 2487 1004 2550 b.
1022 2491 1045 2549 t.
1063 2492 1181 2552 contra
1199 2485 1456 2552 benedicentem
1475 2504 1525 2549 se-

355 2593 484 2659 cundas
497 2594 633 2677 nuptias
649 2595 684 2658 in
699 2612 780 2659 casu
799 2613 869 2660 non
886 2595 1064 2678 permisso,
1080 2595 1215 2662 videtur
1228 2593 1466 2676 restringenda
1483 2593 1525 2658 ad

355 2721 562 2786 casumque
587 2703 744 2768 sacerdos
768 2703 938 2769 benedicit
964 2706 1099 2787 nuptias
1124 2704 1306 2780 secundas,
1329 2704 1446 2788 primis
1471 2721 1525 2768 ex-

356 2809 534 2884 stantibus,
551 2809 606 2874 vel
617 2810 895 2876 existentedubio
906 2811 947 2876 de
957 2817 1066 2876 morte
1080 2812 1200 2894 prioris
1212 2811 1379 2894 conjugis,
1391 2812 1525 2876 confor-

355 2918 457 2982 miter
470 2916 570 2991 ind..
588 2935 672 2988 sess.
682 2917 732 2994 ot,
741 2936 769 2982 c.
782 2919 813 2996 1,
825 2919 867 2982 de
877 2918 1025 3001 Rasum.
1043 2925 1166 2997 matr.;
1179 2919 1331 3003 alioquin
1344 2937 1446 3002 prena
1455 2915 1527 2982 ¹ista

356 3028 448 3092 esset
464 3025 564 3088 nimis
578 3025 704 3106 gravis,
720 3031 755 3090 et
777 3028 981 3108 gravimtem
996 3027 1105 3093 delicti
1130 3027 1299 3092 excedens
1322 3046 1329 3090 :
1350 3027 1398 3092 ita
1415 3026 1524 3102 ioan..

354 3134 471 3208 Andr„
487 3133 651 3208 blenocb.,
662 3132 794 3209 Sancb,
811 3133 908 3198 Reiff.
928 3139 963 3198 et
976 3134 1033 3198 alii
1050 3155 1057 3198 :
1074 3135 1143 3200 imo
1162 3135 1283 3210 Abbas,
1305 3135 1428 3218 aliique
1447 3153 1526 3200 cum

354 3241 423 3318 illc,
445 3242 562 3306 dicunt
580 3259 649 3306 non
672 3259 747 3306 esse
763 3242 809 3305 ibi
824 3243 1045 3308 constitutam
1065 3262 1202 3326 poenam
1226 3245 1440 3323 ordinariam,
1466 3243 1525 3310 sed

355 3349 536 3430 specialem
546 3367 609 3432 pro
620 3348 677 3413 illo
693 3349 859 3414 duntaxat
871 3368 953 3416 casu
967 3351 1025 3434 qui
1039 3351 1084 3416 ibi
1099 3350 1228 3416 accidit.

676 3534 718 3584 111.
732 3533 798 3594 Quae
812 3532 870 3586 sint
884 3545 973 3597 prenae
988 3499 1209 3605 binubentiumt

396 3675 481 3742 Nota
502 3695 620 3760 poenas
644 3677 725 3742 istas
748 3681 864 3761 ajure
887 3678 951 3742 civ.
972 3679 1182 3744 introductas
1210 3697 1286 3744 esse
1311 3679 1451 3764 duplicis
1472 3701 1528 3764 ge-

358 3785 479 3848 neris:
507 3783 582 3850 eliae
606 3791 686 3848 sunt
708 3803 819 3870 pnenae
841 3786 975 3868 proprie
998 3787 1106 3862 dictae,
1134 3807 1199 3870 que
1225 3791 1360 3854 statutae
1389 3794 1469 3852 sunt
1493 3789 1528 3854 in

359 3892 476 3958 odium
498 3899 532 3958 et
560 3894 744 3960 vindictam
770 3896 965 3978 praematuri
993 3896 1154 3962 transitus
1184 3897 1227 3962 ad
1255 3897 1404 3962 secunda
1426 3901 1525 3971 vota;

358 4001 431 4066 uliae
461 4007 541 4067 sunt
567 4021 677 4086 poenae
705 4005 890 4087 improprie
913 4006 1029 4084 diotae,
1061 4025 1122 4070 seu
1151 4006 1415 4071 substractiones
1432 4006 1527 4070 favo-

358 4111 403 4173 ris
426 4111 488 4174 sub
508 4111 702 4177 conditione
721 4113 872 4178 concessi
898 4134 904 4176 :
931 4115 959 4178 si
980 4118 1107 4198 conjux
1126 4115 1168 4179 ad
1183 4114 1334 4179 secunde
1355 4119 1436 4178 vota
1458 4132 1528 4179 non

359 4217 562 4294 transiverit,
583 4217 684 4302 idque
699 4220 734 4283 in
750 4220 904 4284 favorem
919 4226 954 4285 et
975 4222 1154 4286 utilitatem
1168 4221 1353 4288 liberorum
1368 4240 1410 4286 ex
1425 4221 1528 4304 priori

357 4326 575 4391 matrimonio
597 4327 833 4404 existentium3
860 4328 1013 4412 adeoque
1034 4328 1098 4394 illis
1118 4347 1187 4394 non
1208 4328 1432 4394 existentibus
1454 4344 1527 4392 ces-

358 4437 435 4496 sant
451 4433 483 4514 (l.
500 4433 553 4511 lll,
568 4435 624 4513 §¹2
646 4453 673 4498 c.
690 4433 723 4498 b.
741 4435 789 4516 t).

399 4541 498 4624 Resp.
516 4542 544 4605 1.
563 4541 674 4606 Poenae
693 4542 792 4624 primi
811 4543 947 4624 generis
970 4543 1102 4626 proprie
1118 4543 1227 4621 dictae,
1246 4543 1323 4608 latae
1342 4521 1461 4608 contra
1479 4544 1528 4608 vi-

361 4647 461 4716 duum
476 4649 564 4714 intra
577 4668 705 4714 annum
719 4649 830 4714 luctus
840 4650 1036 4726 nubentem,
1051 4656 1130 4715 sunt
1143 4651 1291 4736 quinque
1310 4672 1317 4715 :
1334 4651 1523 4726 l⁰lnfumia,
