3418 5566
518 626 604 674 usaa
624 627 752 682 ouranos
772 610 990 676 adomnanus.
1282 609 1342 675 dib

174 748 214 808 ut
224 743 378 810 medium
392 744 569 811 decidendi
581 745 737 830 praelium
750 747 839 816 inter
853 748 938 814 duas
952 747 1041 814 acies
1054 748 1245 823 intentum3
1262 764 1344 812 nam

155 853 363 920 -consultius
383 858 436 919 est
456 855 647 939 aliquorum
672 855 852 934 duntaxat,
879 874 982 942 quam
1005 855 1160 922 omnium
1181 855 1341 933 militum,

175 961 262 1026 vitas
288 960 325 1025 in
344 961 533 1045 periculum
561 963 738 1029 occisionis
758 966 979 1056 praecipitare.
1007 965 1073 1031 Sed
1098 963 1282 1049 requiritur
1304 967 1343 1028 ut

175 1069 303 1135 bellum
318 1071 410 1155 quod
422 1075 591 1149 movetur,
606 1072 650 1136 sit
656 1075 800 1156 justum,
811 1090 890 1138 oum
901 1073 1030 1138 ballum
1043 1075 1222 1158 injustum,
1239 1071 1344 1137 etiam

177 1179 360 1260 singulare,
392 1179 437 1244 sit
462 1180 688 1264 prohibitum
718 1180 819 1246 debet
846 1182 950 1248 etiam
968 1182 1179 1248 intercedere
1205 1185 1343 1265 pactum

178 1287 269 1374 quod
284 1289 359 1371 ejus
377 1287 482 1372 partis
495 1288 539 1353 sit
554 1289 704 1366 dolona,
720 1291 819 1371 errius
840 1288 967 1356 milites
981 1289 1134 1356 vicerint.

215 1395 248 1459 ιι
269 1395 411 1459 Licitum
429 1400 481 1460 est
503 1396 606 1461 etiam
623 1395 787 1460 militibus
806 1402 981 1480 acceptare
1002 1398 1044 1462 de
1062 1395 1199 1481 licentia
1220 1396 1347 1462 ducum

178 1502 329 1569 duellum
341 1503 405 1567 sibi
418 1502 570 1569 oblatum
579 1504 621 1570 ab
635 1503 800 1581 hostibus,
813 1507 852 1568 ut
865 1523 955 1570 unus
964 1509 1084 1570 contra
1094 1521 1214 1581 unum,
1229 1504 1348 1572 decern

176 1615 294 1678 contra
309 1612 426 1676 decem
440 1611 598 1697 utrinque
610 1618 775 1697 pugnent,
793 1613 821 1678 si
835 1613 1025 1697 periculum
1047 1618 1100 1679 est
1112 1631 1167 1690 ne,
1187 1631 1231 1677 ax
1245 1611 1349 1677 dene·

177 1721 315 1802 gatione
331 1718 443 1796 duelli,
461 1721 589 1785 inimici
602 1724 770 1804 majorem
783 1720 943 1787 fiduciam
955 1721 1115 1800 habeant,
1130 1725 1165 1786 et
1180 1721 1349 1786 exercitus

177 1829 304 1895 bonam
318 1827 605 1893 existimationem
619 1829 752 1893 amittat
765 1829 856 1913 apud
871 1829 999 1916 hostes.
1012 1829 1111 1894 Ratio
1126 1835 1188 1908 cst,
1206 1829 1286 1913 quia
1296 1847 1351 1894 ao-

177 1936 322 2020 ceptatio
346 1942 399 2001 est
418 1936 569 2002 medium
582 1938 812 2002 necessarium
826 1935 881 2002 vel
901 1936 1088 2002 admodum
1109 1935 1191 2002 utile
1209 1935 1252 2003 ad
1271 1954 1350 2003 con·

178 2046 392 2110 secutionum
400 2045 479 2110 fluis
494 2062 556 2110 sen
568 2045 864 2110 conservationem
871 2045 970 2110 bones
981 2044 1242 2111 existimationis
1253 2063 1347 2112 exer-

178 2153 264 2219 citus
277 2154 367 2238 apud
379 2154 508 2220 hostes.

217 2263 368 2328 solicita
388 2269 441 2329 est
457 2264 642 2348 acceptatio
660 2262 762 2328 duelli
782 2264 826 2329 ad
848 2263 1084 2330 defensionem
1096 2265 1187 2343 vitae,
1211 2265 1240 2330 si
1257 2263 1352 2332 nulla

180 2371 246 2439 alia
266 2373 351 2438 ratio
378 2389 420 2438 se*
435 2372 553 2437 tuendi
579 2375 749 2457 appareat.
779 2372 888 2449 Ratio,
917 2373 998 2458 quia
1018 2371 1172 2438 duellum
1196 2379 1353 2440 remanet

173 2465 318 2552 'unicum
332 2480 484 2546 medium
503 2480 687 2562 effugiendi
701 2483 813 2563 majus
827 2480 958 2547 malum
972 2501 980 2557 ;
1004 2480 1140 2563 eligitur
1153 2480 1283 2548 malum
1301 2483 1353 2548 in-

178 2594 310 2655 certum
329 2588 372 2654 ad
389 2589 567 2655 vitandum
587 2593 729 2654 certum.
752 2587 834 2654 Inde
848 2589 928 2654 licet
945 2594 1121 2672 acceptare
1144 2589 1307 2669 duellum,
1324 2591 1354 2656 si

179 2699 265 2782 quis,
275 2703 507 2782 acceptantem
518 2699 701 2776 occisurus,
716 2697 992 2776 concedatarma,
1003 2704 1041 2761 ut
1052 2699 1100 2764 sic
1109 2698 1246 2765 fortuna
1255 2717 1354 2784 expe·

178 2807 294 2873 riatur.
305 2806 343 2869 ln
351 2804 673 2882 boccasu,duellum
683 2810 735 2870 est
741 2804 894 2888 legitima
905 2805 1057 2871 defensio
1066 2807 1352 2885 vitae,dummodo

177 2916 318 2981 invasus
332 2915 429 2981 aliter
443 2934 512 2980 non
521 2915 629 2999 possit
645 2933 682 2980 se
697 2915 785 2980 tueri
799 2934 859 2980 seu
874 2915 1020 2981 evadere
1034 2920 1184 2981 mortem
1199 2915 1242 3000 (S.
1265 2917 1350 2998 big,

178 3018 200 3082 l.
217 3019 268 3096 lv,
289 3037 323 3082 ιι.
338 3019 408 3095 loo,
423 3020 480 3102 δ’).
497 3018 531 3083 Si
553 3024 713 3100 ageretur
733 3018 774 3083 de
799 3017 997 3084 defensione
1018 3019 1188 3084 bonorum
1206 3021 1353 3084 fortunae

180 3128 255 3192 duae
277 3125 358 3192 olim
381 3131 478 3192 erant
501 3127 690 3203 sententiae,
711 3143 796 3210 quas
817 3126 921 3190 refert
942 3126 974 3189 S.
1000 3125 1069 3207 Lig.
1091 3125 1124 3207 (l.
1142 3145 1183 3205 c.,
1205 3126 1270 3206 6⁰);
1292 3127 1353 3193 sed

180 3235 212 3298 S.
238 3235 356 3300 doctor
377 3234 549 3300 concludit
574 3233 780 3299 sententiam
802 3232 954 3298 duellum
979 3232 1110 3296 licitum
1135 3238 1352 3316 reputantem

180 3360 250 3406 non
259 3359 436 3428 remanere
449 3340 659 3425 probabilem
672 3345 752 3425 post
762 3344 872 3406 const.
884 3338 1124 3404 Detestabilem
1133 3339 1258 3406 Bened.
1271 3339 1352 3405 lllV'.

179 3449 222 3512 At
241 3449 276 3514 P.
293 3449 461 3526 Ballerini,
477 3449 513 3512 in
535 3453 617 3513 nota
635 3448 678 3514 ad
701 3468 736 3512 n.
751 3446 812 3512 loa
835 3445 949 3512 Theolss
967 3446 1069 3530 Gury,
1086 3451 1193 3531 putat,
1211 3465 1281 3513 non
1296 3450 1353 3514 ob-

138 3611 142 3622 ,
180 3562 292 3624 stante
303 3558 569 3625 damnationefa
582 3562 617 3624 et
625 3559 661 3622 b·
676 3557 947 3642 propositionum
957 3575 1020 3640 per
1028 3557 1203 3624 laudatam
1213 3555 1353 3638 bullam,

181 3667 323 3734 alteram
335 3669 542 3734 sententiam
555 3686 732 3734 remanere
749 3667 971 3751 probabilem.

220 3777 248 3859 c)
264 3775 383 3841 Causa
399 3775 497 3842 dubie
513 3783 720 3840 excusantes.
734 3776 765 3839 l⁰
781 3760 867 3852 Quid
883 3776 911 3840 si
925 3774 1076 3841 duellum
1091 3776 1302 3869 sitoblatum
1312 3777 1355 3842 ab

180 3890 375 3951 accusatore
383 3885 439 3950 vel
452 3885 639 3952 detractore
649 3886 789 3968 injusto,
798 3885 855 3968 qui
863 3883 1030 3967 promittit
1040 3903 1077 3949 se
1087 3889 1301 3950 cassaturum
1311 3887 1354 3950 ab

180 3995 296 4078 iniqua
310 3995 535 4073 accusatione,
553 3996 581 4059 si
595 3995 759 4060 invitatus
775 3993 926 4059 duellum
943 3993 1120 4059 admittat?
1131 3993 1233 4059 Juxta
1246 3996 1352 4076 Lugo,

181 4101 372 4167 Sancbezet
381 4103 547 4187 quosdam
558 4104 653 4182 alios,
663 4103 753 4168 licite
768 4103 933 4187 acceptari
946 4108 1073 4187 posset,
1082 4121 1162 4168 cum
1175 4105 1361 4187 acceptans

180 4214 260 4290 agat
273 4211 310 4274 in
331 4209 565 4277 defensionem
584 4213 758 4296 propriam
777 4215 896 4277 contra
921 4211 1089 4294 injustum
1109 4211 1305 4276 invasorem
1322 4214 1358 4276 et

181 4317 224 4381 ad
237 4316 432 4382 evitandam
445 4319 617 4403 injuriam.
633 4318 699 4384 Sed
724 4337 807 4384 vara
830 4319 1004 4384 sententia
1026 4322 1141 4400 negat,
1163 4319 1243 4403 quia
1259 4317 1358 4383 datur

180 4423 272 4490 aliud
287 4425 438 4490 medium
455 4425 662 4511 impediendi
686 4428 851 4528 injustam
872 4427 1126 4492 accusationem
1149 4424 1206 4490 vel
1228 4425 1358 4490 detrac-
1492 4467 1501 4478 -

180 4531 610 4611 tionem;deinde,etiamsi
620 4534 776 4617 impediri
787 4539 983 4618 nonposset
996 4534 1165 4599 accusatio
1177 4532 1245 4610 illa,
1254 4533 1356 4599 habe
1448 4591 1452 4600 .

181 4643 237 4702 tur
251 4657 386 4724 semper
394 4641 585 4706 remedium
595 4641 780 4725 juridicum
793 4661 855 4727 per
870 4644 1040 4744 actionem
1053 4642 1267 4725 injuriosam.
1283 4641 1355 4706 lmo

182 4745 346 4812 damnum
355 4749 445 4832 quod
456 4749 497 4816 de
512 4769 548 4815 se
558 4752 660 4817 infert
670 4752 798 4836 injusta
807 4751 1066 4828 accusatio,non
1076 4756 1129 4816 est
1142 4749 1220 4828 tale,
1232 4754 1355 4843 ulper-
