3418 5566
858 635 910 682 JUS
932 635 1112 686 cruentavit.

821 1004 1043 1080 TITULUS
1080 1005 1149 1078 xl.

636 1193 674 1240 nr:
696 1194 871 1242 tardamus
892 1195 930 1242 ET
948 1195 1107 1242 Lanuuinis
1128 1196 1280 1244 EXPOSl'i'lS
1301 1191 1338 1250 (¹)-

439 1493 534 1560 Nora.
544 1494 677 1560 Crimen
684 1495 1329 1580 parricidioproximumoonstituithaeo
1338 1499 1572 1566 inhumanitas

400 1621 467 1692 qua
480 1609 640 1688 parentes
652 1603 798 1670 inientes
814 1622 906 1684 suos,
922 1605 978 1672 vel
991 1604 1048 1672 alii
1067 1606 1248 1690 languidos
1260 1614 1447 1692 exponunt.

526 1789 547 1838 1.
562 1787 602 1840 De
618 1785 737 1840 erimine
752 1787 781 1842 et
793 1787 885 1851 poenis
901 1788 1103 1854 exponentium
1114 1787 1218 1844 llberos
1231 1789 1276 1843 vel
1288 1791 1446 1856 languidos.

440 1933 479 1998 ln
492 1934 557 2000 hoo
570 1933 668 1998 titulo
683 1933 812 2016 agitur:
825 1935 857 2015 a)
868 1934 910 1999 de
918 1935 1117 2019 parentibus
1132 1936 1191 2020 qui
1207 1937 1357 2018 insontes
1371 1953 1464 2012 suos,
1476 1935 1573 2000 nimi-

401 2059 479 2106 rum
486 2041 612 2107 liberos
627 2043 805 2128 septennio
818 2042 980 2120 minores,
998 2042 1188 2126 periculose
1206 2047 1393 2129 exponunt.
1410 2045 1441 2107 1⁰
1451 2043 1573 2108 Paren-

401 2154 453 2214 tes
477 2147 525 2214 sio
544 2155 765 2234 exponentes,
790 2169 853 2234 per
878 2169 914 2216 se
936 2155 1079 2234 peooant
1101 2151 1315 2234 gravissime,
1343 2169 1414 2216 non
1438 2156 1573 2216 tantum

401 2258 536 2342 quando
552 2263 729 2342 exponunt
748 2277 792 2324 ex
806 2259 997 2324 intentione
1017 2263 1056 2322 ut
1072 2253 1224 2343 pereant,
1241 2258 1297 2324 vel
1318 2258 1510 2342 praevident
1529 2259 1573 2323 ia-

400 2364 463 2430 oile
477 2366 648 2449 perituros
660 2367 703 2430 ob
719 2366 889 2431 detentum
903 2365 1146 2432 alimentorum
1157 2365 1213 2430 vel
1226 2368 1269 2430 ob
1278 2367 1386 2448 irigus
1397 2370 1456 2431 aut
1468 2366 1572 2431 alium

400 2490 529 2550 oasam,
546 2473 725 2539 sedetiam
742 2491 783 2538 eo
797 2475 864 2538 line
879 2479 918 2538 ut
935 2475 978 2538 ah
991 2473 1065 2538 eliis
1081 2473 1247 2538 educandi
1271 2479 1499 2539 assumantur.
1521 2473 1572 2538 lta

400 2581 591 2646 eommunis
607 2582 787 2658 sententia,
804 2601 847 2647 ex
865 2599 938 2664 onp.
956 2601 1013 2646 un,
1028 2582 1131 2662 hujus
1147 2580 1246 2658 tituli,
1263 2587 1298 2646 et
1311 2581 1398 2646 ratio
1413 2585 1476 2655 est,
1492 2582 1571 2666 quia

399 2687 478 2754 lieet
491 2707 560 2754 non
574 2689 753 2755 intendant
765 2689 929 2767 ooeidere,
943 2690 1035 2755 idem
1050 2695 1166 2754 tamen
1181 2686 1425 2773 aequivalenter
1438 2687 1569 2764 volunt,

401 2796 603 2880 exponendo
622 2797 742 2862 mortis
760 2797 910 2882 perieulo
930 2797 1100 2864 alimentis
1119 2797 1311 2874 destitutos,
1333 2796 1389 2860 vel
1410 2795 1573 2860 alimenta

400 2904 558 2987 negando
573 2905 616 2971 ed
633 2924 708 2988 quea
722 2909 838 2972 tamen
854 2907 948 2970 omni
959 2908 1036 2988 jure
1052 2910 1221 2970 tenentur.
1619 2891 1623 2896 ’

439 3016 472 3080 2⁰
486 3016 640 3081 Diximus
651 3037 658 3078 :
669 3041 685 3074 «
700 3034 762 3100 per
772 3035 808 3082 se
820 3041 848 3094 o,
864 3017 943 3102 quia
954 3021 1159 3080 excusantur
1171 3015 1208 3079 in
1218 3016 1292 3080 fore
1308 3015 1444 3080 interno
1453 3032 1574 3098 paren-

399 3129 451 3189 tes
465 3125 523 3210 qui
538 3129 609 3190 tam
630 3129 747 3190 essent
761 3143 940 3209 pauperes,
965 3129 1004 3190 ut
1022 3143 1085 3189 neo
1105 3142 1167 3208 per
1188 3143 1224 3188 se
1246 3142 1309 3188 neo
1328 3141 1389 3206 per
1411 3122 1493 3187 alios
1515 3121 1574 3186 ali-

400 3237 516 3298 menta
529 3237 690 3317 praestare
705 3239 847 3316 possent
866 3253 873 3296 :
895 3233 956 3298 sed
978 3238 1017 3296 ut
1033 3233 1089 3297 isti
1107 3237 1267 3316 parentes
1283 3231 1381 3297 valde
1402 3248 1573 3314 pauperes

400 3341 468 3405 sint
482 3340 703 3417 excusabiles,
723 3339 907 3426 requiritur
922 3341 1010 3404 utin
1028 3340 1086 3405 lali
1103 3339 1177 3405 loeo
1190 3344 1373 3422 exponant,
1391 3338 1449 3402 uhi
1463 3355 1573 3402 moro-

398 3448 476 3514 liter
498 3454 629 3514 eertum
653 3453 706 3514 est
724 3449 898 3532 expositos
921 3447 1053 3513 nullum
1075 3449 1154 3512 vitea
1174 3447 1364 3531 periculum
1385 3447 1570 3522 subituros,

399 3559 534 3626 sedvel
553 3579 573 3625 a
593 3561 656 3644 piis
677 3561 883 3637 hominihus,
900 3560 957 3624 vel
977 3559 1208 3636 xenodochiis,
1238 3563 1314 3636 eto,
1339 3558 1454 3624 statim
1476 3575 1573 3622 assu-

399 3669 543 3733 mendos
552 3675 593 3754 ,et
606 3669 746 3735 alendos
762 3689 849 3736 esse.

438 3777 470 3840 3⁰
489 3778 554 3843 Sed
571 3779 742 3864 quaeritur‚
758 3797 802 3844 an
819 3784 1001 3844 excusetur
1019 3779 1146 3862 pariter
1156 3778 1285 3842 femina
1302 3795 1376 3862 quee
1390 3797 1434 3842 ex
1450 3776 1572 3842 delicto

399 3887 553 3968 oonoepit
567 3891 601 3952 et
613 3887 754 3970 peperit,
770 3893 871 3971 atque
884 3886 926 3952 ad
941 3886 1135 3952 evitandam
1150 3885 1327 3950 infamiam
1341 3885 1482 3967 exponit
1494 3902 1573 3968 pro-

399 3993 488 4058 lem?
508 3994 745 4078 Respondetur
764 4015 771 4059 :
790 3996 871 4060 Duae
892 4002 972 4060 sunt
992 3997 1181 4062 sententiae.
1200 3993 1420 4060 Probabiliter
1441 3992 1574 4057 lioilum

401 4108 453 4168 est
473 4104 619 4180 feminee,
632 4105 715 4169 alias
732 4106 831 4170 honae
843 4106 954 4180 femae,
970 4103 1014 4170 ad
1026 4104 1262 4170 declinandam
1277 4103 1453 4168 infamiam
1467 4119 1572 4184 quam

400 4211 467 4278 alio
481 4211 583 4277 modo
603 4214 729 4278 evitare
749 4213 878 4297 nequit,
896 4231 1066 4295 exponere
1086 4213 1258 4296 propriam
1273 4209 1421 4294 prolem;
1446 4209 1506 4274 sed
1520 4227 1573 4272 re-

400 4321 581 4403 quiruntur
595 4338 715 4386 omnes
729 4322 990 4387 circumstantiae
1006 4327 1040 4385 et
1054 4321 1229 4386 cautiones
1244 4337 1347 4403 supro
1362 4323 1571 4382 enumeratae

400 4425 511 4509 quoad
530 4433 688 4509 parentes
706 4447 883 4514 pauperes.
907 4430 957 4494 lta
977 4429 1074 4493 multi
1097 4433 1216 4493 contre
1236 4427 1320 4493 elios
1338 4447 1408 4492 non
1433 4445 1571 4512 paucos.

399 4534 497 4600 Ratio
518 4538 639 4619 prioris
662 4539 840 4604 sentensrae
859 4545 923 4616 est,
945 4540 1024 4625 quie
1046 4559 1088 4604 ex
1107 4557 1177 4604 una
1194 4544 1289 4623 parte
1311 4538 1387 4602 talis
1409 4541 1519 4608 meter
1536 4536 1573 4599 in

434 4693 467 4753 li)
478 4691 571 4750 Quoad
582 4692 627 4757 jus
638 4694 725 4757 llom„
736 4695 797 4746 vide
807 4695 932 4759 codie.,1.
945 4697 1008 4758 Vlll,
1020 4701 1039 4746 t.
1050 4695 1233 4760 xu113Novell.
1244 4697 1297 4748 153.
1309 4693 1399 4754 Quoad
1410 4693 1455 4758 jus
1468 4691 1572 4753 Gallie,

401 4766 461 4816 vide
477 4771 526 4818 nrt.
538 4771 646 4821 did-353
656 4771 720 4821 Cod.
734 4785 806 4836 poen.
