3418 5566
342 583 406 662 300
799 617 852 666 sus
873 619 1054 668 chronicus,

341 732 448 808 nium,
472 735 510 794 ut
524 749 567 796 ex
585 733 697 814 figura
707 735 886 802 videamus
899 739 1095 820 figuratum.
1111 736 1338 803 confirmatur
1352 731 1510 816 exemplo

342 839 398 902 SS.
413 839 627 918 Pontificum,
642 841 699 926 qui
716 841 850 925 jndaeos
865 845 901 908 in
924 845 1093 929 ipsaUrhe
1119 861 1254 927 semper
1269 843 1510 907 toleraverunt.

343 946 446 1011 Secus
465 947 882 1031 depaganisethaereticis
900 954 956 1037 qui
972 953 1056 1016 nihil
1075 953 1224 1016 afferunt
1237 950 1439 1023 christianis,
1450 948 1514 1012 nisi

342 1055 527 1137 perniciem
545 1062 580 1120 et
594 1057 782 1140 periculum
800 1061 1040 1142 perversiohie,
1061 1065 1095 1124 et
1109 1059 1187 1124 ideo
1201 1059 1257 1122 isti
1276 1059 1417 1121 minime
1433 1054 1516 1120 tole-

342 1160 542 1238 sandicum,
558 1165 625 1227 nisi
640 1167 826 1230 necessitas
841 1167 932 1231 aliud
948 1173 1120 1250 exposcet.

381 1271 424 1334 ht
437 1271 524 1335 circa
532 1271 666 1354 judaeos
678 1271 791 1356 auique
803 1280 884 1338 sunt
898 1275 1123 1341 observande.

382 1379 413 1441 t·
426 1378 467 1442 Ut
480 1397 550 1444 non
559 1379 656 1444 facile
668 1381 873 1463 recipiantur
886 1383 923 1446 in
934 1382 1019 1447 locis
1029 1384 1087 1448 ubi
1102 1387 1203 1448 antea
1216 1401 1286 1447 nou
1302 1386 1414 1456 erant;
1432 1399 1512 1446 nem

341 1485 414 1550 haec
429 1504 514 1567 gens
528 1487 658 1570 perssda
667 1489 709 1552 oh
720 1489 856 1553 fraudes
871 1494 906 1554 et
919 1489 1067 1555 fallacias
1083 1491 1207 1574 quibus
1219 1497 1356 1554 assueta
1370 1494 1433 1564 est,
1444 1505 1513 1552 non

342 1594 466 1675 exiguo
480 1593 684 1658 detrimento
699 1613 775 1660 esse
789 1596 877 1661 solet
889 1597 1015 1680 populo
1028 1597 1210 1662 christiano
1224 1617 1231 1672 ;
1248 1615 1351 1680 quare
1366 1596 1447 1660 olim
1456 1597 1515 1677 Jus

341 1702 524 1785 recipiendi
542 1702 676 1784 judaecs
704 1704 740 1767 in
761 1704 905 1786 imperio
925 1703 1077 1768 Romano
1101 1709 1174 1770 erat
1207 1709 1419 1770 reservatum
1449 1700 1513 1767 soli

343 1808 549 1893 imperatori.
1394 1877 1398 1882 .

382 1917 414 1978 ht
429 1917 471 1980 Ut
489 1935 587 1982 ncvae
608 1936 791 2001 synagogae
806 1937 876 1983 non
893 1919 1078 2000 erigantur,
1092 1937 1203 2002 neque
1215 1918 1440 2002 antiquaejam
1450 1917 1515 1982 col-

341 2023 445 2108 lapsae
459 2029 494 2089 et
503 2025 656 2090 funditus
671 2043 799 2090 oversae
814 2027 1005 2090 excitentur
1014 2026 1069 2090 vel
1078 2027 1225 2090 ruinosae
1236 2045 1297 2090 seu
1305 2025 1513 2090 collabentes

342 2133 379 2196 in
394 2132 594 2197 nobiliorem
607 2133 753 2198 formam
765 2139 1010 2210 restaurentur,
1024 2134 1103 2198 licet
1126 2132 1169 2198 ad
1195 2134 1372 2216 pristinam
1394 2133 1515 2196 reinte-

343 2241 433 2321 grari
451 2241 604 2323 possint:
626 2241 674 2305 ita
687 2259 715 2305 c.
738 2243 768 2317 3,
786 2244 803 2305 7
824 2242 896 2325 huj.
915 2241 1013 2306 tituli.
1029 2243 1139 2318 Quare
1163 2240 1390 2336 catholiciuqui
1403 2244 1515 2304 aucto·

343 2347 442 2411 ritate
464 2347 597 2431 publice
614 2349 711 2430 potiti
731 2354 821 2424 sunt,
845 2353 1021 2433 nequeunt
1038 2350 1279 2432 hscpotestate
1297 2349 1345 2432 uti
1369 2347 1410 2412 ad
1427 2365 1515 2410 erec

344 2455 472 2518 tionem
482 2454 536 2518 vel
552 2455 848 2521 reaedificationem
861 2474 1124 2540 synagogarum.

384 2559 553 2642 Sequitur,
569 2562 658 2644 quod
673 2563 840 2645 principes
855 2564 1028 2628 christiani
1056 2580 1127 2626 non
1157 2567 1301 2646 possunt
1316 2562 1512 2646 permittere

343 2669 466 2752 judaeis
493 2674 528 2733 et
554 2670 696 2752 paganis
720 2677 780 2735 aut
817 2671 984 2735 haereticis
1007 2670 1199 2734 libertatem
1221 2671 1447 2744 conscientias,
1474 2675 1511 2732 ut

344 2777 450 2852 aiunt,
467 2776 530 2840 nisi
544 2778 586 2841 ob
602 2778 729 2842 bonum
743 2778 918 2859 religionis
938 2777 1129 2842 christisnae
1143 2782 1177 2842 et
1192 2779 1235 2842 ch
1255 2795 1353 2860 spem
1370 2795 1514 2842 conver-

347 2885 463 2960 sionis,
479 2885 619 2949 minime
632 2902 714 2949 vero
730 2888 772 2950 oh
784 2885 970 2969 temporale
982 2885 1263 2951 emolumentum.
1289 2885 1338 2949 ita
1363 2884 1514 2951 Salman-

345 2998 475 3074 ticens.‚
493 3003 532 3062 tr.
549 2997 632 3074 xxi,
648 3017 676 3062 c.
694 3019 738 3074 ιιι,
757 3018 790 3062 n.
804 3002 834 3063 5.

383 3105 415 3168 3ο
429 3104 500 3169 lmo
521 3105 607 3172 febri
626 3112 660 3170 et
678 3107 851 3172 architecti
873 3107 1047 3171 christiani
1072 3110 1248 3191 nequeunt
1270 3106 1435 3171 aedissoare
1459 3105 1514 3170 vel

296 3273 301 3282 ,
343 3218 532 3278 restaurare
545 3212 667 3295 judaeis
680 3232 889 3295 synagogam
915 3231 996 3278 nam
1016 3215 1089 3278 istas
1109 3233 1169 3296 per
1194 3233 1230 3278 se
1252 3215 1452 3278 ordinantur
1471 3213 1513 3276 ad

222 3346 225 3360 ·
344 3319 428 3384 ritus
448 3319 596 3396 illicitos;
624 3339 705 3402 ergo
729 3321 815 3386 sicut
839 3322 923 3386 citra
949 3327 1125 3404 peccatum
1151 3327 1326 3405 nequeunt
1348 3321 1512 3386 fabricare

344 3427 463 3504 idaiae,
473 3427 638 3512 itaneque
650 3447 841 3511 synagogas
856 3449 863 3492 :
880 3431 928 3493 ita
939 3428 971 3492 S.
983 3429 1100 3496 Thon,
1118 3429 1149 3492 2·
1162 3429 1198 3492 h*
1209 3479 1216 3506 ,
1228 3449 1259 3512 q.
1272 3429 1340 3504 169,
1356 3447 1377 3493 a
1392 3427 1512 3504 hedi.

344 3534 510 3601 Praeterea
531 3554 600 3600 non
618 3536 697 3601 licet
712 3539 815 3602 etiam
830 3537 878 3601 eis
895 3537 1043 3627 vendere
1063 3536 1166 3618 ligna,
1187 3536 1327 3619 lapides,
1350 3536 1405 3601 vel
1428 3535 1510 3601 alies

346 3661 400 3706 res
414 3643 536 3726 quihus
552 3644 789 3726 erigenturvel
800 3649 1036 3710 restaurentur
1055 3663 1250 3728 synagogae.

412 3827 442 3877 11.
459 3827 497 3879 De
511 3827 768 3880 communicatione
780 3828 923 3892 prohibita
936 3827 1067 3882 fidelibus
1082 3829 1263 3895 cumjacere
1280 3830 1309 3882 et
1322 3828 1447 3894 paganis.

386 3971 418 4052 c)
433 3969 632 4036 Prohibetur
645 3991 723 4037 cum
734 3954 856 4057 J'udaeis
872 3975 1135 4040 communicatio
1158 3974 1318 4056 religiosa
1339 3993 1400 4038 scu
1415 3973 1450 4037 in
1464 3991 1515 4038 sa-

346 4077 422 4156 cris,
444 4097 477 4142 v.
500 4098 533 4161 g.
555 4079 589 4144 in
611 4083 842 4157 sacramentis,
869 4082 1031 4148 sacrissoio
1050 4082 1177 4158 missae,
1200 4083 1235 4146 in
1251 4082 1380 4146 actibus
1395 4081 1517 4146 cratio-

308 4187 310 4192 '
347 4205 441 4262 num,
455 4192 517 4251 etc.
535 4187 834 4264 Quare,ohristiani
844 4192 1059 4273 t⁰nequeunt
1069 4191 1160 4253 vesci
1171 4191 1296 4272 azymis
1307 4189 1514 4272 judeorum,

348 4295 642 4376 etiamseparatim
656 4297 757 4361 abeis
774 4298 856 4380 (cen.
872 4297 921 4373 13,
933 4297 1071 4374 Nullus,
1083 4297 1132 4371 28,
1144 4317 1174 4379 q.
1185 4299 1225 4378 t);
1242 4298 1348 4362 ethcc
1359 4301 1517 4363 censetur

347 4419 460 4482 grave.
471 4419 549 4466 cum
558 4403 738 4485 prohibitio
750 4404 838 4468 facta
850 4405 894 4468 sit
906 4391 970 4469 suh
986 4403 1515 4487 poenadepositionisproclerico

348 4509 748 4574 etexcommuniceticnis
763 4500 911 4575 ferendae
926 4511 1102 4576 sententiae
1121 4529 1181 4593 pro
1195 4510 1291 4576 laico.
1306 4512 1337 4574 Ψ
1352 4511 1424 4574 Νοιι
1439 4525 1515 4591 pos

348 4620 428 4676 sunt
439 4615 569 4695 ingredi
584 4621 619 4679 et
628 4617 775 4681 invisere
786 4609 980 4700 ,iud'aeorum
995 4623 1053 4682 aut
1067 4635 1280 4701 paganorum
1300 4617 1435 4700 templa,
1453 4617 1515 4681 sal-

349 4726 418 4786 tem
428 4727 629 4808 eotempore
640 4743 707 4806 quc
719 4743 799 4791 suos
810 4725 1061 4810 superstitiosos
1070 4726 1153 4790 ritus
1164 4731 1332 4790 exercent.
1343 4726 1439 4791 Ratio
1451 4730 1512 4798 est,
