3514 5564
553 615 640 663 aissa
662 619 796 672 QUARTUS
817 622 1038 668 amandissimi.

593 997 818 1102 Tantis
864 1012 1013 1106 PARS

211 1233 269 1281 Did
314 1233 633 1286 IMPEDIMENTIS
679 1239 781 1293 011AE
826 1239 958 1288 IPSAS
1005 1239 1383 1290 CONTRAHENTIUM

251 1315 483 1366 Pmnsomas
503 1319 751 1376 EARUMQUE
772 1321 1060 1376 QUALITATEM
1083 1323 1347 1372 Rmsploimi‘r

636 1752 821 1828 TITULUS
847 1752 939 1828 llil.

541 1940 583 1986 DE
613 1939 785 1987 conluuio
814 1943 1056 1992 LEPROSORUH.

256 2239 397 2305 Nomine
421 2239 521 2323 lepra
544 2240 638 2303 venit
657 2239 711 2304 hic
733 2236 844 2304 omnis
867 2240 1006 2304 morbus
1031 2239 1191 2306 horridus
1215 2246 1251 2307 11
1275 2247 1389 2307 conta-
1510 2267 1512 2278 ’

216 2349 345 2432 glosas,
368 2352 406 2413 ut
419 2347 596 2433 paralysis,
613 2347 784 2433 epilepsia,
799 2350 939 2414 morbus
953 2348 1106 2431 gallicus,
1124 2353 1187 2416 eto.

478 2533 520 2585 Au
533 2531 612 2598 lepra
623 2531 660 2584 sit
673 2531 911 2596 impedimentum
925 2532 1122 2586 matrimonii?
1137 2581 1141 2587 .

255 2675 354 2760 Resp.
375 2676 404 2738 l.
430 2674 536 2758 Lepta
556 2672 763 2738 antecedens
786 2673 953 2754 ignorate,
975 2672 1030 2738 vel
1053 2691 1268 2757 consequens
1290 2691 1391 2758 spon-

217 2783 310 2861 salia,
323 2783 380 2848 dat
386 2786 516 2867 justam
526 2798 664 2847 causam
675 2779 848 2846 resiliendi
858 2780 900 2845 ab
912 2779 979 2852 illis
988 2800 996 2844 :
1013 2798 1111 2846 secus
1126 2781 1229 2846 siluit
1241 2781 1389 2864 cognita,

218 2893 387 2976 quispam
402 2891 507 2957 altera
521 2891 584 2956 sibi
606 2891 774 2974 imputare
794 2890 896 2955 debet
907 2890 998 2974 qaod
1011 2891 1158 2956 scienter
1166 2909 1245 2956 cum
1256 2890 1390 2974 leproso

218 3001 618 3085 contraxeritsponsalis.
1434 3079 1438 3084 Ι

229 3141 233 3149 ·
259 3107 357 3193 Resp.
374 3108 404 3172 1.
420 3109 525 3194 Lepre
537 3109 609 3174 sive
625 3108 841 3184 antecedens,
859 3107 930 3172 sive
945 3124 1171 3191 consequens,
1188 3125 1252 3172 uec
1266 3105 1394 3172 dirimit

220 3216 475 3281 matrimonium
488 3216 770 3294 contrahendam,
785 3234 848 3280 nee
861 3213 1015 3280 dissolvit
1030 3197 1243 3280 contractum
1258 3215 1297 3298 (c.
1317 3216 1347 3292 l,
1373 3217 1393 3280 1

220 3323 253 3387 h.
271 3325 324 3408 t.);
339 3343 419 3389 nam
434 3326 486 3390 vis
498 3326 564 3390 ista
579 3325 697 3390 nullibi
711 3324 873 3402 attributa
888 3308 940 3388 e'st
953 3323 1056 3407 leprae
1072 3329 1132 3389 aut
1145 3322 1245 3388 simili
1259 3322 1392 3387 morbo.

220 3434 287 3500 Nec
307 3433 418 3498 obstat
438 3450 466 3497 c.
490 3433 548 3497 itu.
573 3432 608 3495 h.
630 3436 654 3495 t.
678 3435 713 3496 et
730 3450 803 3498 cau,
827 3431 877 3510 18,
891 3431 1108 3517 Proposuisti,
1124 3432 1174 3508 39,
1194 3451 1225 3514 q.
1249 3433 1288 3506 i;
1314 3447 1393 3495 nam

171 3615 173 3618 ,
222 3558 249 3606 c.
264 3542 322 3606 111.
335 3540 486 3625 procedit
500 3541 540 3605 de
556 3539 782 3624 sponsalibus,
800 3537 891 3624 quod
905 3538 1167 3624 superveniente
1187 3537 1293 3620 lepra,
1310 3536 1396 3602 ulter

223 3669 293 3718 non
303 3649 509 3716 teneaturad
519 3649 825 3715 consummandam
834 3667 893 3714 seu
904 3647 1145 3733 perficiendam
1158 3646 1313 3733 copulam
1328 3662 1396 3711 ma·

223 3759 366 3835 sitalem,
385 3777 458 3843 quae
472 3759 627 3825 consistit
635 3759 672 3823 in
680 3762 852 3824 contractu
866 3778 873 3835 ;
889 3776 950 3823 seu
962 3756 1052 3842 quod
1064 3775 1134 3822 aon
1145 3754 1395 3821 teneaturinire

224 3867 488 3935 matrimonium.
513 3867 627 3933 Gauon
654 3869 694 3933 18
716 3867 869 3949 procedit
894 3865 936 3930 de
962 3863 1160 3930 infirmitate
1185 3864 1396 3931 arctitudinis

226 3993 288 4042 seu
297 3975 515 4059 impotentia,
530 3976 573 4040 ob
584 3991 688 4058 quam
700 3973 889 4039 invalidum
900 3972 965 4036 fuit
975 3973 1231 4037 matrimonium
1253 3971 1394 4056 (Bellen,

227 4083 328 4150 Gonu.
353 4087 388 4148 11
407 4082 492 4166 alii);
518 4083 668 4149 subsidia
688 4086 804 4148 sutem
825 4081 882 4148 tali
900 4080 1034 4146 mulieri
1046 4080 1230 4169 prebenda
1244 4085 1324 4145 sunt
1337 4099 1397 4164 per

226 4191 476 4258 restitutionem
490 4193 589 4269 dotis,
603 4191 659 4258 vel
668 4210 712 4257 ex
720 4190 895 4258 charitate.

266 4297 365 4382 Resp.
394 4299 425 4364 3.
452 4299 559 4383 Lepre
582 4298 779 4381 contagiosa
808 4301 861 4364 est
887 4312 991 4368 cause
1014 4295 1186 4362 sufficiens
1209 4294 1398 4362 divertendi

228 4407 341 4492 quoad
371 4411 485 4472 torum
513 4411 548 4472 et
573 4407 882 4485 cohabitationem
911 4423 992 4472 nam
1017 4404 1205 4472 contractui
1227 4403 1399 4470 maluimu-

230 4513 309 4579 niali
331 4515 422 4580 inest
441 4512 589 4580 conditio
611 4514 801 4580 divertendi
822 4516 865 4581 ob
885 4518 1016 4600 justam
1038 4529 1188 4589 causam,
1217 4511 1326 4596 qualis
1347 4515 1399 4576 est

230 4621 444 4689 incolumitas
458 4621 585 4707 proprii
597 4622 772 4689 individui.
785 4623 819 4690 Si
835 4627 948 4690 tamea
961 4625 1089 4708 conjux
1099 4639 1204 4688 sanus
1215 4620 1290 4685 vult
1302 4619 1399 4686 coha-

232 4729 337 4797 bitare
353 4733 387 4796 11
400 4730 552 4800 debitum
566 4729 717 4812 reddere,
734 4730 768 4797 id
783 4731 814 4800 ai
831 4731 961 4809 licebit;
976 4732 1055 4817 quia
1073 4732 1109 4798 iu
1123 4729 1251 4806 morbis
1272 4727 1401 4794 diutar-
