3482 5560
414 591 474 657 aad
873 611 923 658 tos
944 611 1123 659 canonicus.

415 730 529 800 ituree,
549 737 623 804 quot
639 731 720 794 dies,
744 746 778 790 ac
796 731 921 804 proinde
941 745 1034 790 causa
1052 731 1183 806 singulis
1205 729 1312 788 diebus
1334 729 1423 788 debet
1443 728 1587 796 existere;

415 834 504 877 secus
520 821 597 877 redit
611 820 754 894 obligatio
764 820 938 894 jejunandi:
956 827 1078 878 econtra
1092 821 1122 877 in
1135 825 1239 878 nostre
1250 835 1322 878 casu
1338 819 1462 878 ellectus
1472 819 1589 889 dispen-

415 909 543 966 sationis
558 909 648 966 unico
668 915 734 966 ectu
750 915 798 967 est
813 911 963 982 perlectus
985 915 1015 968 et
1033 914 1272 978 consummatus,
1290 924 1323 966 ac
1346 908 1469 981 proinde
1493 907 1589 976 duret,

414 998 469 1057 etsi
492 1013 584 1056 causa
599 1003 709 1068 cesset,
734 1005 768 1056 ut
787 1003 867 1070 petet
887 999 918 1056 in
936 999 1080 1071 exemplis
1100 1013 1191 1070 supra
1210 996 1320 1055 relatis.
1342 997 1382 1054 dd
1397 1003 1423 1054 2.
1439 1000 1469 1054 in
1487 1001 1590 1054 nostro

414 1103 487 1146 casu
502 1103 563 1146 non
578 1094 650 1146 sunt
660 1089 742 1160 paria
754 1087 792 1144 ob
808 1087 952 1146 rationem
966 1103 1035 1145 mox
1052 1088 1168 1147 domm:
1188 1087 1260 1159 onia
1281 1085 1469 1158 dispensatio
1482 1085 1511 1142 in
1524 1085 1592 1156 fieri

415 1182 542 1246 tautum,
566 1192 626 1234 non
645 1184 715 1234 tero
735 1178 765 1234 iu
789 1178 973 1247 conseruari,
1000 1177 1106 1249 pendet
1129 1191 1145 1232 n
1166 1175 1416 1246 veritatccausae3
1442 1189 1542 1240 secus,
1564 1173 1589 1230 si

414 1273 571 1324 constante
585 1267 774 1326 matrimonio
789 1283 880 1326 cause
900 1274 1042 1335 cessaret,
1066 1266 1253 1339 dispensatio
1276 1270 1358 1324 esset
1382 1263 1509 1322 inutilis.
1533 1267 1589 1321 Nee

415 1361 462 1412 est
477 1356 585 1428 paritas
596 1371 613 1413 a
625 1357 814 1414 eoridictione
829 1358 895 1414 sine
907 1371 999 1414 cerusa
1020 1375 1026 1413 :
1050 1372 1117 1414 nam
1133 1357 1209 1414 dans
1220 1371 1255 1414 ox
1272 1369 1373 1422 causa,
1396 1353 1589 1410 intentionem

416 1459 500 1502 suam
521 1445 624 1518 alligat
643 1460 743 1504 causas
763 1461 824 1502 non
845 1451 961 1504 tanturn
991 1445 1143 1518 praesenti,
1172 1446 1223 1504 sed
1251 1445 1341 1502 etiarn
1369 1442 1588 1515 perseveranti:

415 1541 537 1592 econtra
551 1536 731 1607 dispensans
745 1535 941 1608 intentionem
952 1550 1039 1593 sunm
1055 1533 1158 1608 alligat
1172 1549 1272 1594 causae
1287 1548 1363 1591 verae
1383 1532 1420 1590 de
1437 1530 1589 1604 prasenti,

417 1641 475 1684 non
492 1640 561 1682 uero
576 1625 612 1683 de
628 1626 728 1683 tuturo
743 1626 956 1697 perseueranti.

604 1793 680 1868 §lli
695 1795 735 1852 lte
750 1793 996 1866 exprimendam
1010 1794 1121 1853 titteris
1135 1793 1396 1866 supplicationum.

457 1945 548 2008 Sicut
584 1943 740 2025 allegatio
771 1943 846 2008 falsi
871 1945 951 2008 lacit
975 1943 1264 2027 dispensationem
1289 1943 1515 2025 obreptitiam,
1545 1942 1593 2005 ita

417 2053 556 2116 omissio
575 2054 647 2116 ueri
669 2058 702 2116 et
717 2053 909 2118 necessario
929 2052 1141 2135 exprimendi
1160 2038 1239 2117 lecit
1254 2051 1411 2116 eamdem
1427 2039 1592 2133 subrepti-

418 2163 511 2238 tiam,
533 2179 571 2225 ac
587 2161 729 2244 proinde
746 2161 943 2226 invalidam.
957 2160 1061 2225 Unde
1085 2141 1237 2225 oratores
1257 2178 1374 2225 curare
1394 2159 1529 2232 debent,
1554 2162 1593 2221 ut

418 2269 451 2330 in
476 2268 720 2351 supplicatione
740 2285 801 2352 pro
826 2257 1078 2352 dispensatione
1100 2268 1215 2333 omnia
1232 2268 1423 2351 exprimant
1437 2266 1480 2331 de
1500 2269 1588 2349 June,

418 2383 452 2443 et
465 2378 632 2443 hodierno
646 2379 733 2462 stylo
749 2379 855 2443 Guriae
871 2380 1032 2444 Romanae
1046 2377 1291 2462 exprimenda(
1311 2380 1332 2460 ).

598 2565 618 2613 l.
632 2556 699 2624 Qua
711 2574 743 2614 eu
755 2564 833 2628 purte
847 2563 1117 2627 impedimentorum
1133 2559 1314 2626 exprimenda
1328 2560 1405 2613 sinit

410 2743 414 2752 ·
457 2707 556 2790 Resp.
575 2708 604 2770 l.
629 2708 836 2774 Generaliter
852 2709 997 2792 exprimi
1025 2709 1125 2772 debet
1143 2707 1438 2790 impedimentum,
1462 2706 1592 2771 deside-

418 2816 507 2880 rium
523 2817 742 2882 contrahendi
757 2817 1014 2882 matrimonium
1029 2816 1085 2880 vel
1102 2817 1135 2880 in
1152 2820 1324 2880 contracto
1338 2815 1589 2899 perseverandi,

419 2928 453 2986 et
467 2943 534 2988 una
545 2927 601 2990 vel
617 2926 834 2992 alteracausa
846 2945 990 2990 movens
1001 2926 1043 2990 ed
1059 2925 1206 2990 dandam
1221 2925 1522 3007 dispensationem.

458 3033 557 3117 Resp.
574 3035 771 3117 2..Exprimi
787 3035 887 3098 debet
901 3053 1011 3116 genus
1024 3034 1270 3117 impedimenti,
1289 3037 1324 3096 et
1338 3034 1366 3096 si
1380 3032 1478 3116 plura
1488 3033 1594 3115 impe-

420 3141 570 3206 dimenta
589 3150 669 3207 sunt
689 3143 831 3208 diversae
855 3143 1033 3208 ueletiam
1055 3143 1210 3226 ejusdem
1226 3143 1378 3217 rationis,
1400 3141 1515 3206 omnia
1536 3159 1593 3203 ex-

418 3251 596 3332 primenda
625 3256 706 3316 sunt
730 3251 938 3335 probabilius
962 3257 997 3316 et
1016 3252 1122 3315 tutius
1141 3253 1176 3314 in
1199 3250 1318 3314 eadem
1334 3249 1590 3332 supplicatione,

419 3376 489 3421 uon
509 3377 591 3422 vero
612 3377 720 3422 unum
740 3359 775 3422 in
793 3379 873 3436 una,
897 3363 931 3423 et
950 3359 1095 3424 alterum
1113 3359 1149 3422 in
1169 3357 1283 3434 altera,
1312 3375 1392 3421 nam
1406 3374 1591 3420 concursus

419 3464 568 3545 plinium
582 3466 905 3549 impedimentorum
921 3467 1031 3530 reddit
1045 3465 1332 3548 dispensationem
1354 3463 1462 3528 multo
1479 3463 1593 3528 diflici-

419 3571 550 3648 liorem,
584 3580 617 3638 et
636 3574 772 3639 aliunde
792 3576 914 3658 cuique
934 3575 1176 3658 dispensationi
1202 3575 1303 3638 tacita
1320 3575 1410 3638 inest
1429 3572 1591 3650 cenditi0,

422 3705 436 3735 α
461 3681 487 3743 si
504 3681 595 3745 eliud
611 3699 680 3746 non
701 3684 827 3759 obstet;
845 3709 860 3740 n
886 3684 1037 3747 obstaret
1053 3689 1168 3746 autem
1186 3681 1277 3746 aliud
1295 3681 1590 3763 impedimentum,

422 3787 463 3850 de
479 3806 546 3870 quo
561 3791 690 3854 mentio
708 3809 777 3854 non
798 3797 850 3854 est
869 3793 974 3855 facta:
991 3791 1038 3854 ite
1057 3791 1205 3854 Senchez
1225 3789 1377 3870 allegans
1397 3788 1593 3853 declaratio-

422 3915 502 3960 uom
518 3897 549 3961 S.
567 3897 688 3980 Congr.
706 3904 741 3964 et
752 3899 844 3964 Vinc.
861 3899 903 3964 de
921 3900 1024 3964 tostis
1041 3899 1167 3982 stylum
1182 3898 1288 3962 Curiae
1305 3898 1477 3962 Romanae.
1498 3897 1593 3962 Unde

422 4005 453 4068 1⁰
474 4007 617 4090 exprimi
638 4007 739 4072 debet
756 4009 1061 4091 consanguinitatis
1076 4009 1132 4073 vel
1146 4009 1320 4074 affinitatis
1335 4027 1445 4088 genus
1462 4029 1469 4070 ε
1495 4025 1593 4072 secus

423 4113 567 4178 alterum
589 4135 650 4198 pro
670 4118 776 4182 altero
795 4120 957 4201 positum,
977 4119 1126 4182 maxime
1147 4119 1175 4180 si
1194 4117 1340 4181 altinitas
1361 4115 1593 4199 ponaturloco

371 4230 375 4236 '
421 4223 736 4303 consanguinitatis,
752 4225 932 4291 invalidam
953 4224 1065 4289 reddit
1082 4225 1383 4308 dispensationem.
1400 4225 1433 4288 ps
1446 4223 1594 4306 Exprimi

423 4327 523 4393 debet
545 4331 572 4394 si
589 4349 734 4413 sponsus
750 4332 910 4413 cognorit
925 4331 1008 4395 duas
1022 4335 1160 4396 'sorores
1174 4350 1319 4415 sponsa,
1335 4330 1389 4396 vel
1404 4332 1432 4395 si
1448 4349 1594 4414 sponsus

455 4497 487 4560 (t)
506 4499 535 4547 ln
548 4499 659 4563 supplici
671 4499 761 4550 libelle
784 4509 835 4564 pro
845 4503 904 4562 soro
918 4500 1020 4550 interno
1031 4500 1128 4564 erponi
1143 4499 1241 4550 debent
1253 4499 1342 4550 emnia
1351 4513 1411 4563 quae
1425 4499 1595 4549 matrimonio

422 4573 536 4634 obstant,
551 4579 603 4624 tarra
620 4576 814 4640 publicequem
831 4577 942 4638 occulta,
957 4576 1018 4626 licet
1028 4577 1188 4640 dispensatio
1202 4579 1304 4639 petatur
1315 4576 1461 4638 supersolo
1475 4575 1593 4636 occult03

423 4649 448 4698 in
462 4651 654 4714 supplicatione
668 4665 732 4702 vero
748 4667 795 4716 pro
807 4655 866 4716 foro
880 4655 985 4701 estune
1006 4652 1163 4716 exprimitur
1174 4651 1260 4700 solum
1276 4651 1494 4714 impedimentum
1506 4653 1594 4702 enter·

423 4739 486 4775 uum
502 4727 630 4790 (Corrad,
642 4728 660 4780 l.
675 4729 740 4789 Vlll,
757 4743 778 4778 e.
791 4741 826 4790 vr,
840 4743 867 4778 u.
879 4729 1035 4790 lss,lll;Vnn
1046 4728 1078 4778 de
1094 4729 1183 4794 Burgi,
1200 4727 1270 4791 Disp.
1287 4730 1374 4788 muln,
1385 4741 1411 4792 p.
1423 4729 1593 4792 l‚c.xxxttt).
