<?xml version="1.0" encoding="UTF-8"?>
<!DOCTYPE html PUBLIC "-//W3C//DTD XHTML 1.0 Transitional//EN"
    "http://www.w3.org/TR/xhtml1/DTD/xhtml1-transitional.dtd">
<html xmlns="http://www.w3.org/1999/xhtml" xml:lang="en" lang="en">
 <head>
  <title>
</title>
<meta http-equiv="Content-Type" content="text/html;charset=utf-8" />
  <meta name='ocr-system' content='tesseract 3.04.00' />
  <meta name='ocr-capabilities' content='ocr_page ocr_carea ocr_par ocr_line ocrx_word'/>
</head>
<body>
  <div class='ocr_page' id='page_1' title='image "./juscanonicumjux01grangoog/juscanonicumjux01grangoog_0250.png"; bbox 0 0 3482 5560; ppageno 0'>
   <div class='ocr_carea' id='block_1_1' title="bbox 368 500 1079 571">
    <p class='ocr_par' dir='ltr' id='par_1_1' title="bbox 368 500 1079 571">
     <span class='ocr_line' id='line_1_1' title="bbox 368 500 1079 571; baseline -0.001 -4"><span class='ocrx_word' id='word_1_1' title='bbox 368 500 428 568; x_wconf 72' lang='lat' dir='ltr'><strong>did</strong></span> <span class='ocrx_word' id='word_1_2' title='bbox 828 517 879 571; x_wconf 90' lang='lat' dir='ltr'><strong>tus</strong></span> <span class='ocrx_word' id='word_1_3' title='bbox 900 518 1079 568; x_wconf 82' lang='lat' dir='ltr'><strong>mnonrcmr.</strong></span> 
     </span>
    </p>
   </div>
   <div class='ocr_carea' id='block_1_2' title="bbox 335 638 1552 4743">
    <p class='ocr_par' dir='ltr' id='par_1_2' title="bbox 335 638 1552 3050">
     <span class='ocr_line' id='line_1_2' title="bbox 369 638 1544 716; baseline 0.002 -20"><span class='ocrx_word' id='word_1_4' title='bbox 369 639 513 713; x_wconf 83' lang='lat' dir='ltr'>aquibus</span> <span class='ocrx_word' id='word_1_5' title='bbox 526 639 587 698; x_wconf 92' lang='lat' dir='ltr'><strong>vim</strong></span> <span class='ocrx_word' id='word_1_6' title='bbox 602 653 720 700; x_wconf 91' lang='lat' dir='ltr'><strong>omnem</strong></span> <span class='ocrx_word' id='word_1_7' title='bbox 735 641 844 714; x_wconf 88' lang='lat' dir='ltr'><strong>accipit</strong></span> <span class='ocrx_word' id='word_1_8' title='bbox 853 641 1030 716; x_wconf 88' lang='lat' dir='ltr'><strong>frugiferam</strong></span> <span class='ocrx_word' id='word_1_9' title='bbox 1044 647 1075 700; x_wconf 90' lang='lat' dir='ltr'><strong>et</strong></span> <span class='ocrx_word' id='word_1_10' title='bbox 1089 640 1267 711; x_wconf 86' lang='lat' dir='ltr'><strong>salutarem;</strong></span> <span class='ocrx_word' id='word_1_11' title='bbox 1283 654 1381 714; x_wconf 80' lang='lat' dir='ltr'><strong>neque</strong></span> <span class='ocrx_word' id='word_1_12' title='bbox 1396 645 1445 700; x_wconf 88' lang='lat' dir='ltr'><strong>est</strong></span> <span class='ocrx_word' id='word_1_13' title='bbox 1457 638 1544 698; x_wconf 92' lang='lat' dir='ltr'><strong>dubl-</strong></span> 
     </span>
     <span class='ocr_line' id='line_1_3' title="bbox 369 729 1543 805; baseline 0 -19"><span class='ocrx_word' id='word_1_14' title='bbox 369 731 492 789; x_wconf 88' lang='lat' dir='ltr'><strong>landum</strong></span> <span class='ocrx_word' id='word_1_15' title='bbox 507 731 621 790; x_wconf 80' lang='lat' dir='ltr'><strong>similes</strong></span> <span class='ocrx_word' id='word_1_16' title='bbox 635 745 783 804; x_wconf 87' lang='lat' dir='ltr'><strong>paresque</strong></span> <span class='ocrx_word' id='word_1_17' title='bbox 798 731 1045 805; x_wconf 86' lang='lat' dir='ltr'><strong>ingeneratnrnm</strong></span> <span class='ocrx_word' id='word_1_18' title='bbox 1060 731 1166 800; x_wconf 89' lang='lat' dir='ltr'><strong>luisse,</strong></span> <span class='ocrx_word' id='word_1_19' title='bbox 1182 731 1209 790; x_wconf 92' lang='lat' dir='ltr'><strong>si</strong></span> <span class='ocrx_word' id='word_1_20' title='bbox 1223 745 1342 804; x_wconf 89' lang='lat' dir='ltr'><strong>semper</strong></span> <span class='ocrx_word' id='word_1_21' title='bbox 1351 736 1382 788; x_wconf 88' lang='lat' dir='ltr'><strong>et</strong></span> <span class='ocrx_word' id='word_1_22' title='bbox 1391 729 1503 802; x_wconf 85' lang='lat' dir='ltr'><strong>ubique</strong></span> <span class='ocrx_word' id='word_1_23' title='bbox 1514 730 1543 786; x_wconf 91' lang='lat' dir='ltr'><strong>in</strong></span> 
     </span>
     <span class='ocr_line' id='line_1_4' title="bbox 370 816 1546 893; baseline -0.001 -17"><span class='ocrx_word' id='word_1_24' title='bbox 370 823 545 890; x_wconf 90' lang='lat' dir='ltr'><strong>potestatem</strong></span> <span class='ocrx_word' id='word_1_25' title='bbox 561 819 709 893; x_wconf 83' lang='lat' dir='ltr'><strong>fidemque</strong></span> <span class='ocrx_word' id='word_1_26' title='bbox 724 819 834 878; x_wconf 88' lang='lat' dir='ltr'><strong>fuisset</strong></span> <span class='ocrx_word' id='word_1_27' title='bbox 846 819 997 890; x_wconf 82' lang='lat' dir='ltr'><strong>Ecclesiae,</strong></span> <span class='ocrx_word' id='word_1_28' title='bbox 1013 834 1080 893; x_wconf 84' lang='lat' dir='ltr'><strong>quae</strong></span> <span class='ocrx_word' id='word_1_29' title='bbox 1093 819 1212 878; x_wconf 91' lang='lat' dir='ltr'><strong>illorum</strong></span> <span class='ocrx_word' id='word_1_30' title='bbox 1229 832 1387 878; x_wconf 89' lang='lat' dir='ltr'><strong>munerum</strong></span> <span class='ocrx_word' id='word_1_31' title='bbox 1402 821 1451 876; x_wconf 86' lang='lat' dir='ltr'><strong>est</strong></span> <span class='ocrx_word' id='word_1_32' title='bbox 1464 816 1546 876; x_wconf 87' lang='lat' dir='ltr'><strong>fidis-</strong></span> 
     </span>
     <span class='ocr_line' id='line_1_5' title="bbox 369 905 1546 983; baseline -0.001 -19"><span class='ocrx_word' id='word_1_33' title='bbox 369 905 447 964; x_wconf 90' lang='lat' dir='ltr'><strong>sima</strong></span> <span class='ocrx_word' id='word_1_34' title='bbox 460 907 663 966; x_wconf 81' lang='lat' dir='ltr'><strong>conservatrix</strong></span> <span class='ocrx_word' id='word_1_35' title='bbox 676 913 706 966; x_wconf 90' lang='lat' dir='ltr'><strong>et</strong></span> <span class='ocrx_word' id='word_1_36' title='bbox 715 907 833 967; x_wconf 88' lang='lat' dir='ltr'><strong>vindex.</strong></span> <span class='ocrx_word' id='word_1_37' title='bbox 849 937 885 952; x_wconf 91' lang='lat'><strong>·-</strong></span> <span class='ocrx_word' id='word_1_38' title='bbox 899 908 955 968; x_wconf 88' lang='lat' dir='ltr'><strong>sed</strong></span> <span class='ocrx_word' id='word_1_39' title='bbox 967 909 1039 983; x_wconf 83' lang='lat' dir='ltr'><strong>quia</strong></span> <span class='ocrx_word' id='word_1_40' title='bbox 1051 908 1141 967; x_wconf 95' lang='lat' dir='ltr'><strong>modo</strong></span> <span class='ocrx_word' id='word_1_41' title='bbox 1156 908 1270 980; x_wconf 87' lang='lat' dir='ltr'><strong>passim</strong></span> <span class='ocrx_word' id='word_1_42' title='bbox 1286 906 1546 966; x_wconf 90' lang='lat' dir='ltr'><strong>libuitbumannm</strong></span> 
     </span>
     <span class='ocr_line' id='line_1_6' title="bbox 366 994 1548 1072; baseline 0.001 -21"><span class='ocrx_word' id='word_1_43' title='bbox 366 994 417 1066; x_wconf 86' lang='lat' dir='ltr'><strong>jus</strong></span> <span class='ocrx_word' id='word_1_44' title='bbox 440 994 585 1054; x_wconf 91' lang='lat' dir='ltr'><strong>inlocum</strong></span> <span class='ocrx_word' id='word_1_45' title='bbox 606 997 752 1058; x_wconf 83' lang='lat' dir='ltr'><strong>naturalis</strong></span> <span class='ocrx_word' id='word_1_46' title='bbox 777 1004 807 1057; x_wconf 90' lang='lat' dir='ltr'><strong>et</strong></span> <span class='ocrx_word' id='word_1_47' title='bbox 827 999 922 1057; x_wconf 90' lang='lat' dir='ltr'><strong>divini</strong></span> <span class='ocrx_word' id='word_1_48' title='bbox 951 1013 1133 1072; x_wconf 77' lang='lat' dir='ltr'><strong>supponere,</strong></span> <span class='ocrx_word' id='word_1_49' title='bbox 1149 998 1242 1058; x_wconf 88' lang='lat' dir='ltr'><strong>deleri</strong></span> <span class='ocrx_word' id='word_1_50' title='bbox 1258 1013 1318 1057; x_wconf 91' lang='lat' dir='ltr'><strong>non</strong></span> <span class='ocrx_word' id='word_1_51' title='bbox 1343 997 1443 1056; x_wconf 91' lang='lat' dir='ltr'><strong>solum</strong></span> <span class='ocrx_word' id='word_1_52' title='bbox 1458 995 1548 1068; x_wconf 84' lang='lat' dir='ltr'><strong>coepit</strong></span> 
     </span>
     <span class='ocr_line' id='line_1_7' title="bbox 370 1082 1547 1160; baseline 0 -20"><span class='ocrx_word' id='word_1_53' title='bbox 370 1082 551 1142; x_wconf 81' lang='lat' dir='ltr'><strong>matrimonii</strong></span> <span class='ocrx_word' id='word_1_54' title='bbox 566 1086 683 1158; x_wconf 85' lang='lat' dir='ltr'><strong>species</strong></span> <span class='ocrx_word' id='word_1_55' title='bbox 695 1102 729 1146; x_wconf 89' lang='lat' dir='ltr'><strong>ac</strong></span> <span class='ocrx_word' id='word_1_56' title='bbox 744 1088 828 1146; x_wconf 89' lang='lat' dir='ltr'><strong>notio</strong></span> <span class='ocrx_word' id='word_1_57' title='bbox 842 1088 1196 1160; x_wconf 77' lang='lat' dir='ltr'><strong>praestantissimaquam</strong></span> <span class='ocrx_word' id='word_1_58' title='bbox 1213 1088 1243 1144; x_wconf 94' lang='lat' dir='ltr'><strong>in</strong></span> <span class='ocrx_word' id='word_1_59' title='bbox 1262 1085 1375 1146; x_wconf 90' lang='lat' dir='ltr'><strong>animis</strong></span> <span class='ocrx_word' id='word_1_60' title='bbox 1390 1083 1547 1142; x_wconf 90' lang='lat' dir='ltr'><strong>bominum</strong></span> 
     </span>
     <span class='ocr_line' id='line_1_8' title="bbox 369 1170 1548 1250; baseline -0.002 -20"><span class='ocrx_word' id='word_1_61' title='bbox 369 1171 564 1248; x_wconf 80' lang='lat' dir='ltr'><strong>impresserat</strong></span> <span class='ocrx_word' id='word_1_62' title='bbox 582 1179 612 1232; x_wconf 93' lang='lat' dir='ltr'><strong>et</strong></span> <span class='ocrx_word' id='word_1_63' title='bbox 630 1177 716 1247; x_wconf 88' lang='lat' dir='ltr'><strong>quasi</strong></span> <span class='ocrx_word' id='word_1_64' title='bbox 732 1177 965 1250; x_wconf 83' lang='lat' dir='ltr'><strong>consignaverat</strong></span> <span class='ocrx_word' id='word_1_65' title='bbox 979 1181 1107 1246; x_wconf 90' lang='lat' dir='ltr'><strong>natura;</strong></span> <span class='ocrx_word' id='word_1_66' title='bbox 1129 1175 1228 1235; x_wconf 91' lang='lat' dir='ltr'><strong>sedin</strong></span> <span class='ocrx_word' id='word_1_67' title='bbox 1250 1175 1327 1248; x_wconf 90' lang='lat' dir='ltr'><strong>ipsis</strong></span> <span class='ocrx_word' id='word_1_68' title='bbox 1343 1173 1431 1232; x_wconf 90' lang='lat' dir='ltr'><strong>etiam</strong></span> <span class='ocrx_word' id='word_1_69' title='bbox 1452 1170 1548 1234; x_wconf 87' lang='lat' dir='ltr'><strong>cbris-</strong></span> 
     </span>
     <span class='ocr_line' id='line_1_9' title="bbox 369 1261 1547 1340; baseline -0.002 -21"><span class='ocrx_word' id='word_1_70' title='bbox 369 1261 519 1320; x_wconf 90' lang='lat' dir='ltr'><strong>tianorum</strong></span> <span class='ocrx_word' id='word_1_71' title='bbox 531 1263 697 1340; x_wconf 85' lang='lat' dir='ltr'><strong>conjugiis,</strong></span> <span class='ocrx_word' id='word_1_72' title='bbox 710 1265 868 1324; x_wconf 90' lang='lat' dir='ltr'><strong>hominum</strong></span> <span class='ocrx_word' id='word_1_73' title='bbox 882 1265 966 1337; x_wconf 89' lang='lat' dir='ltr'><strong>vilio,</strong></span> <span class='ocrx_word' id='word_1_74' title='bbox 980 1265 1107 1324; x_wconf 89' lang='lat' dir='ltr'><strong>mullum</strong></span> <span class='ocrx_word' id='word_1_75' title='bbox 1120 1266 1167 1324; x_wconf 90' lang='lat' dir='ltr'><strong>vis</strong></span> <span class='ocrx_word' id='word_1_76' title='bbox 1185 1264 1236 1322; x_wconf 93' lang='lat' dir='ltr'><strong>illa</strong></span> <span class='ocrx_word' id='word_1_77' title='bbox 1252 1263 1405 1322; x_wconf 90' lang='lat' dir='ltr'><strong>debilitata</strong></span> <span class='ocrx_word' id='word_1_78' title='bbox 1419 1266 1468 1318; x_wconf 86' lang='lat' dir='ltr'><strong>est</strong></span> <span class='ocrx_word' id='word_1_79' title='bbox 1486 1273 1547 1318; x_wconf 96' lang='lat' dir='ltr'><strong>ma-</strong></span> 
     </span>
     <span class='ocr_line' id='line_1_10' title="bbox 369 1349 1548 1427; baseline -0.002 -18"><span class='ocrx_word' id='word_1_80' title='bbox 369 1365 497 1425; x_wconf 90' lang='lat' dir='ltr'><strong>gnorum</strong></span> <span class='ocrx_word' id='word_1_81' title='bbox 513 1349 661 1411; x_wconf 92' lang='lat' dir='ltr'><strong>bonorum</strong></span> <span class='ocrx_word' id='word_1_82' title='bbox 683 1355 875 1425; x_wconf 85' lang='lat' dir='ltr'><strong>procreatrix.</strong></span> <span class='ocrx_word' id='word_1_83' title='bbox 898 1355 975 1424; x_wconf 86' lang='lat' dir='ltr'><strong>Quid</strong></span> <span class='ocrx_word' id='word_1_84' title='bbox 992 1361 1038 1414; x_wconf 87' lang='lat' dir='ltr'><strong>ost</strong></span> <span class='ocrx_word' id='word_1_85' title='bbox 1050 1355 1131 1414; x_wconf 87' lang='lat' dir='ltr'><strong>enim</strong></span> <span class='ocrx_word' id='word_1_86' title='bbox 1146 1353 1218 1413; x_wconf 93' lang='lat' dir='ltr'><strong>boni</strong></span> <span class='ocrx_word' id='word_1_87' title='bbox 1241 1353 1322 1427; x_wconf 88' lang='lat' dir='ltr'><strong>quod</strong></span> <span class='ocrx_word' id='word_1_88' title='bbox 1343 1351 1491 1425; x_wconf 86' lang='lat' dir='ltr'><strong>nuptiales</strong></span> <span class='ocrx_word' id='word_1_89' title='bbox 1505 1350 1548 1408; x_wconf 89' lang='lat' dir='ltr'><strong>af-</strong></span> 
     </span>
     <span class='ocr_line' id='line_1_11' title="bbox 369 1441 1549 1517; baseline -0.002 -19"><span class='ocrx_word' id='word_1_90' title='bbox 369 1441 445 1500; x_wconf 89' lang='lat' dir='ltr'><strong>ferre</strong></span> <span class='ocrx_word' id='word_1_91' title='bbox 457 1441 576 1515; x_wconf 90' lang='lat' dir='ltr'><strong>possint</strong></span> <span class='ocrx_word' id='word_1_92' title='bbox 587 1442 757 1507; x_wconf 82' lang='lat' dir='ltr'><strong>societates,</strong></span> <span class='ocrx_word' id='word_1_93' title='bbox 770 1443 849 1502; x_wconf 88' lang='lat' dir='ltr'><strong>unde</strong></span> <span class='ocrx_word' id='word_1_94' title='bbox 864 1443 1026 1504; x_wconf 90' lang='lat' dir='ltr'><strong>abscedere</strong></span> <span class='ocrx_word' id='word_1_95' title='bbox 1041 1443 1206 1503; x_wconf 88' lang='lat' dir='ltr'><strong>christiana</strong></span> <span class='ocrx_word' id='word_1_96' title='bbox 1220 1443 1327 1517; x_wconf 87' lang='lat' dir='ltr'><strong>religio</strong></span> <span class='ocrx_word' id='word_1_97' title='bbox 1335 1442 1470 1516; x_wconf 87' lang='lat' dir='ltr'><strong>jubetur,</strong></span> <span class='ocrx_word' id='word_1_98' title='bbox 1480 1453 1549 1513; x_wconf 77' lang='lat' dir='ltr'><strong>qna</strong></span> 
     </span>
     <span class='ocr_line' id='line_1_12' title="bbox 369 1531 1550 1608; baseline -0.002 -21"><span class='ocrx_word' id='word_1_99' title='bbox 369 1543 478 1602; x_wconf 90' lang='lat' dir='ltr'><strong>parens</strong></span> <span class='ocrx_word' id='word_1_100' title='bbox 498 1537 544 1590; x_wconf 90' lang='lat' dir='ltr'><strong>est</strong></span> <span class='ocrx_word' id='word_1_101' title='bbox 563 1532 697 1591; x_wconf 91' lang='lat' dir='ltr'><strong>omnium</strong></span> <span class='ocrx_word' id='word_1_102' title='bbox 721 1532 880 1604; x_wconf 90' lang='lat' dir='ltr'><strong>bonorum,</strong></span> <span class='ocrx_word' id='word_1_103' title='bbox 907 1533 1114 1608; x_wconf 83' lang='lat' dir='ltr'><strong>maximasque</strong></span> <span class='ocrx_word' id='word_1_104' title='bbox 1132 1533 1186 1592; x_wconf 88' lang='lat' dir='ltr'><strong>alit</strong></span> <span class='ocrx_word' id='word_1_105' title='bbox 1204 1533 1340 1601; x_wconf 90' lang='lat' dir='ltr'><strong>virtutes,</strong></span> <span class='ocrx_word' id='word_1_106' title='bbox 1363 1531 1499 1590; x_wconf 85' lang='lat' dir='ltr'><strong>excitans</strong></span> <span class='ocrx_word' id='word_1_107' title='bbox 1519 1533 1550 1587; x_wconf 91' lang='lat' dir='ltr'><strong>et</strong></span> 
     </span>
     <span class='ocr_line' id='line_1_13' title="bbox 369 1619 1549 1698; baseline 0.002 -22"><span class='ocrx_word' id='word_1_108' title='bbox 369 1619 527 1692; x_wconf 82' lang='lat' dir='ltr'><strong>impatiens</strong></span> <span class='ocrx_word' id='word_1_109' title='bbox 542 1620 579 1678; x_wconf 91' lang='lat' dir='ltr'><strong>ad</strong></span> <span class='ocrx_word' id='word_1_110' title='bbox 590 1621 684 1680; x_wconf 87' lang='lat' dir='ltr'><strong>decus</strong></span> <span class='ocrx_word' id='word_1_111' title='bbox 695 1637 784 1680; x_wconf 90' lang='lat' dir='ltr'><strong>omna</strong></span> <span class='ocrx_word' id='word_1_112' title='bbox 798 1624 939 1698; x_wconf 88' lang='lat' dir='ltr'><strong>generosi</strong></span> <span class='ocrx_word' id='word_1_113' title='bbox 960 1623 1054 1682; x_wconf 91' lang='lat' dir='ltr'><strong>animi</strong></span> <span class='ocrx_word' id='word_1_114' title='bbox 1067 1629 1159 1698; x_wconf 87' lang='lat' dir='ltr'><strong>alque</strong></span> <span class='ocrx_word' id='word_1_115' title='bbox 1179 1621 1318 1681; x_wconf 77' lang='lat' dir='ltr'><strong>excelsi?</strong></span> <span class='ocrx_word' id='word_1_116' title='bbox 1338 1620 1549 1696; x_wconf 85' lang='lat' dir='ltr'><strong>lllaigilurse-</strong></span> 
     </span>
     <span class='ocr_line' id='line_1_14' title="bbox 370 1710 1548 1787; baseline 0 -20"><span class='ocrx_word' id='word_1_117' title='bbox 370 1715 450 1768; x_wconf 89' lang='lat' dir='ltr'><strong>mota</strong></span> <span class='ocrx_word' id='word_1_118' title='bbox 462 1724 497 1768; x_wconf 90' lang='lat' dir='ltr'><strong>ac</strong></span> <span class='ocrx_word' id='word_1_119' title='bbox 512 1710 632 1784; x_wconf 86' lang='lat' dir='ltr'><strong>rejecta,</strong></span> <span class='ocrx_word' id='word_1_120' title='bbox 646 1711 743 1787; x_wconf 80' lang='lat' dir='ltr'><strong>redigi</strong></span> <span class='ocrx_word' id='word_1_121' title='bbox 760 1713 884 1784; x_wconf 89' lang='lat' dir='ltr'><strong>nuptias</strong></span> <span class='ocrx_word' id='word_1_122' title='bbox 899 1719 1017 1785; x_wconf 87' lang='lat' dir='ltr'><strong>oportet</strong></span> <span class='ocrx_word' id='word_1_123' title='bbox 1030 1713 1062 1770; x_wconf 91' lang='lat' dir='ltr'><strong>in</strong></span> <span class='ocrx_word' id='word_1_124' title='bbox 1079 1714 1253 1772; x_wconf 88' lang='lat' dir='ltr'><strong>servitutem</strong></span> <span class='ocrx_word' id='word_1_125' title='bbox 1265 1711 1383 1770; x_wconf 79' lang='lat' dir='ltr'><strong>vitiosa</strong></span> <span class='ocrx_word' id='word_1_126' title='bbox 1393 1710 1548 1769; x_wconf 89' lang='lat' dir='ltr'><strong>bominum</strong></span> 
     </span>
     <span class='ocr_line' id='line_1_15' title="bbox 370 1799 1549 1876; baseline 0 -20"><span class='ocrx_word' id='word_1_127' title='bbox 370 1805 484 1857; x_wconf 80' lang='lat' dir='ltr'><strong>naturae</strong></span> <span class='ocrx_word' id='word_1_128' title='bbox 503 1806 532 1857; x_wconf 90' lang='lat' dir='ltr'><strong>et</strong></span> <span class='ocrx_word' id='word_1_129' title='bbox 554 1801 753 1872; x_wconf 87' lang='lat' dir='ltr'><strong>pessimarum</strong></span> <span class='ocrx_word' id='word_1_130' title='bbox 768 1801 960 1862; x_wconf 91' lang='lat' dir='ltr'><strong>dominarum</strong></span> <span class='ocrx_word' id='word_1_131' title='bbox 980 1803 1190 1876; x_wconf 87' lang='lat' dir='ltr'><strong>cupiditatum,</strong></span> <span class='ocrx_word' id='word_1_132' title='bbox 1213 1801 1381 1860; x_wconf 87' lang='lat' dir='ltr'><strong>honestatis</strong></span> <span class='ocrx_word' id='word_1_133' title='bbox 1402 1799 1549 1860; x_wconf 88' lang='lat' dir='ltr'><strong>naturalis</strong></span> 
     </span>
     <span class='ocr_line' id='line_1_16' title="bbox 370 1889 1550 1964; baseline 0 -19"><span class='ocrx_word' id='word_1_134' title='bbox 370 1903 476 1963; x_wconf 92' lang='lat' dir='ltr'><strong>parum</strong></span> <span class='ocrx_word' id='word_1_135' title='bbox 492 1889 592 1948; x_wconf 90' lang='lat' dir='ltr'><strong>valido</strong></span> <span class='ocrx_word' id='word_1_136' title='bbox 607 1891 748 1950; x_wconf 87' lang='lat' dir='ltr'><strong>defensas</strong></span> <span class='ocrx_word' id='word_1_137' title='bbox 764 1891 942 1964; x_wconf 88' lang='lat' dir='ltr'><strong>patrocinio.</strong></span> <span class='ocrx_word' id='word_1_138' title='bbox 960 1895 1020 1950; x_wconf 89' lang='lat' dir='ltr'><strong>lloo</strong></span> <span class='ocrx_word' id='word_1_139' title='bbox 1032 1893 1116 1950; x_wconf 90' lang='lat' dir='ltr'><strong>fonte</strong></span> <span class='ocrx_word' id='word_1_140' title='bbox 1130 1891 1288 1964; x_wconf 87' lang='lat' dir='ltr'><strong>mubiplex</strong></span> <span class='ocrx_word' id='word_1_141' title='bbox 1298 1891 1430 1950; x_wconf 88' lang='lat' dir='ltr'><strong>derivata</strong></span> <span class='ocrx_word' id='word_1_142' title='bbox 1452 1889 1550 1963; x_wconf 91' lang='lat' dir='ltr'><strong>perni-</strong></span> 
     </span>
     <span class='ocr_line' id='line_1_17' title="bbox 370 1977 1549 2053; baseline -0.002 -17"><span class='ocrx_word' id='word_1_143' title='bbox 370 1977 444 2048; x_wconf 88' lang='lat' dir='ltr'><strong>cies,</strong></span> <span class='ocrx_word' id='word_1_144' title='bbox 461 1993 521 2036; x_wconf 91' lang='lat' dir='ltr'><strong>non</strong></span> <span class='ocrx_word' id='word_1_145' title='bbox 545 1980 634 2037; x_wconf 91' lang='lat' dir='ltr'><strong>modo</strong></span> <span class='ocrx_word' id='word_1_146' title='bbox 652 1979 683 2038; x_wconf 90' lang='lat' dir='ltr'><strong>in</strong></span> <span class='ocrx_word' id='word_1_147' title='bbox 704 1981 835 2053; x_wconf 88' lang='lat' dir='ltr'><strong>privatas</strong></span> <span class='ocrx_word' id='word_1_148' title='bbox 858 1979 1000 2050; x_wconf 77' lang='lat' dir='ltr'><strong>familias,</strong></span> <span class='ocrx_word' id='word_1_149' title='bbox 1019 1981 1070 2040; x_wconf 91' lang='lat' dir='ltr'><strong>sed</strong></span> <span class='ocrx_word' id='word_1_150' title='bbox 1095 1981 1185 2039; x_wconf 90' lang='lat' dir='ltr'><strong>ellam</strong></span> <span class='ocrx_word' id='word_1_151' title='bbox 1212 1981 1243 2037; x_wconf 92' lang='lat' dir='ltr'><strong>in</strong></span> <span class='ocrx_word' id='word_1_152' title='bbox 1265 1979 1400 2038; x_wconf 87' lang='lat' dir='ltr'><strong>civitates</strong></span> <span class='ocrx_word' id='word_1_153' title='bbox 1419 1978 1549 2038; x_wconf 87' lang='lat' dir='ltr'><strong>influxit.</strong></span> 
     </span>
     <span class='ocr_line' id='line_1_18' title="bbox 370 2066 1550 2142; baseline -0.002 -16"><span class='ocrx_word' id='word_1_154' title='bbox 370 2067 486 2126; x_wconf 86' lang='lat' dir='ltr'><strong>Etenim</strong></span> <span class='ocrx_word' id='word_1_155' title='bbox 497 2066 622 2126; x_wconf 88' lang='lat' dir='ltr'><strong>salutari</strong></span> <span class='ocrx_word' id='word_1_156' title='bbox 635 2068 829 2142; x_wconf 80' lang='lat' dir='ltr'><strong>depulsollei</strong></span> <span class='ocrx_word' id='word_1_157' title='bbox 841 2075 934 2140; x_wconf 90' lang='lat' dir='ltr'><strong>melu,</strong></span> <span class='ocrx_word' id='word_1_158' title='bbox 949 2069 1128 2142; x_wconf 86' lang='lat' dir='ltr'><strong>sublataque</strong></span> <span class='ocrx_word' id='word_1_159' title='bbox 1151 2082 1291 2128; x_wconf 90' lang='lat' dir='ltr'><strong>curarum</strong></span> <span class='ocrx_word' id='word_1_160' title='bbox 1311 2069 1470 2138; x_wconf 83' lang='lat' dir='ltr'><strong>levatione,</strong></span> <span class='ocrx_word' id='word_1_161' title='bbox 1490 2081 1550 2142; x_wconf 89' lang='lat' dir='ltr'><strong>qua</strong></span> 
     </span>
     <span class='ocr_line' id='line_1_19' title="bbox 371 2155 1548 2234; baseline -0.003 -18"><span class='ocrx_word' id='word_1_162' title='bbox 371 2172 522 2230; x_wconf 85' lang='lat' dir='ltr'><strong>nusquam</strong></span> <span class='ocrx_word' id='word_1_163' title='bbox 538 2157 608 2217; x_wconf 89' lang='lat' dir='ltr'><strong>alibi</strong></span> <span class='ocrx_word' id='word_1_164' title='bbox 628 2165 780 2232; x_wconf 87' lang='lat' dir='ltr'><strong>estquam</strong></span> <span class='ocrx_word' id='word_1_165' title='bbox 794 2159 827 2216; x_wconf 91' lang='lat' dir='ltr'><strong>in</strong></span> <span class='ocrx_word' id='word_1_166' title='bbox 852 2159 999 2234; x_wconf 89' lang='lat' dir='ltr'><strong>religione</strong></span> <span class='ocrx_word' id='word_1_167' title='bbox 1025 2159 1190 2218; x_wconf 88' lang='lat' dir='ltr'><strong>christiana</strong></span> <span class='ocrx_word' id='word_1_168' title='bbox 1216 2157 1321 2232; x_wconf 87' lang='lat' dir='ltr'><strong>major,</strong></span> <span class='ocrx_word' id='word_1_169' title='bbox 1351 2171 1484 2232; x_wconf 80' lang='lat' dir='ltr'><strong>persaepe</strong></span> <span class='ocrx_word' id='word_1_170' title='bbox 1505 2155 1548 2226; x_wconf 89' lang='lat' dir='ltr'><strong>fit,</strong></span> 
     </span>
     <span class='ocr_line' id='line_1_20' title="bbox 371 2245 1552 2320; baseline -0.002 -16"><span class='ocrx_word' id='word_1_171' title='bbox 371 2247 451 2320; x_wconf 83' lang='lat' dir='ltr'><strong>quod</strong></span> <span class='ocrx_word' id='word_1_172' title='bbox 466 2251 513 2304; x_wconf 87' lang='lat' dir='ltr'><strong>est</strong></span> <span class='ocrx_word' id='word_1_173' title='bbox 528 2248 607 2304; x_wconf 90' lang='lat' dir='ltr'><strong>factu</strong></span> <span class='ocrx_word' id='word_1_174' title='bbox 622 2246 765 2319; x_wconf 89' lang='lat' dir='ltr'><strong>proclive,</strong></span> <span class='ocrx_word' id='word_1_175' title='bbox 790 2253 825 2306; x_wconf 94' lang='lat' dir='ltr'><strong>nt</strong></span> <span class='ocrx_word' id='word_1_176' title='bbox 848 2249 898 2307; x_wconf 90' lang='lat' dir='ltr'><strong>vix</strong></span> <span class='ocrx_word' id='word_1_177' title='bbox 917 2249 1040 2308; x_wconf 88' lang='lat' dir='ltr'><strong>ferenda</strong></span> <span class='ocrx_word' id='word_1_178' title='bbox 1062 2247 1245 2307; x_wconf 90' lang='lat' dir='ltr'><strong>matrimonii</strong></span> <span class='ocrx_word' id='word_1_179' title='bbox 1260 2261 1386 2320; x_wconf 89' lang='lat' dir='ltr'><strong>munera</strong></span> <span class='ocrx_word' id='word_1_180' title='bbox 1400 2251 1430 2304; x_wconf 89' lang='lat' dir='ltr'><strong>at</strong></span> <span class='ocrx_word' id='word_1_181' title='bbox 1451 2245 1552 2303; x_wconf 86' lang='lat' dir='ltr'><strong>officia</strong></span> 
     </span>
     <span class='ocr_line' id='line_1_21' title="bbox 371 2335 1550 2410; baseline -0.001 -18"><span class='ocrx_word' id='word_1_182' title='bbox 371 2335 541 2406; x_wconf 77' lang='lat' dir='ltr'><strong>videantur,-</strong></span> <span class='ocrx_word' id='word_1_183' title='bbox 555 2341 585 2394; x_wconf 87' lang='lat' dir='ltr'><strong>ct</strong></span> <span class='ocrx_word' id='word_1_184' title='bbox 598 2335 718 2394; x_wconf 89' lang='lat' dir='ltr'><strong>liberari</strong></span> <span class='ocrx_word' id='word_1_185' title='bbox 737 2337 827 2398; x_wconf 89' lang='lat' dir='ltr'><strong>nimis</strong></span> <span class='ocrx_word' id='word_1_186' title='bbox 838 2339 924 2398; x_wconf 92' lang='lat' dir='ltr'><strong>multi</strong></span> <span class='ocrx_word' id='word_1_187' title='bbox 940 2338 1094 2398; x_wconf 90' lang='lat' dir='ltr'><strong>vinculum</strong></span> <span class='ocrx_word' id='word_1_188' title='bbox 1113 2338 1215 2408; x_wconf 86' lang='lat' dir='ltr'><strong>velint,</strong></span> <span class='ocrx_word' id='word_1_189' title='bbox 1239 2337 1321 2410; x_wconf 88' lang='lat' dir='ltr'><strong>qnod</strong></span> <span class='ocrx_word' id='word_1_190' title='bbox 1334 2337 1403 2410; x_wconf 85' lang='lat' dir='ltr'><strong>jure</strong></span> <span class='ocrx_word' id='word_1_191' title='bbox 1418 2335 1550 2394; x_wconf 87' lang='lat' dir='ltr'><strong>humano</strong></span> 
     </span>
     <span class='ocr_line' id='line_1_22' title="bbox 372 2423 1547 2502; baseline -0.001 -19"><span class='ocrx_word' id='word_1_192' title='bbox 372 2430 402 2483; x_wconf 91' lang='lat' dir='ltr'><strong>et</strong></span> <span class='ocrx_word' id='word_1_193' title='bbox 416 2431 522 2498; x_wconf 88' lang='lat' dir='ltr'><strong>sponte</strong></span> <span class='ocrx_word' id='word_1_194' title='bbox 544 2440 657 2484; x_wconf 90' lang='lat' dir='ltr'><strong>nexum</strong></span> <span class='ocrx_word' id='word_1_195' title='bbox 675 2433 792 2499; x_wconf 90' lang='lat' dir='ltr'><strong>putant,</strong></span> <span class='ocrx_word' id='word_1_196' title='bbox 815 2429 841 2486; x_wconf 93' lang='lat' dir='ltr'><strong>sl</strong></span> <span class='ocrx_word' id='word_1_197' title='bbox 859 2429 1076 2488; x_wconf 87' lang='lat' dir='ltr'><strong>dissimilitudo</strong></span> <span class='ocrx_word' id='word_1_198' title='bbox 1098 2427 1301 2502; x_wconf 89' lang='lat' dir='ltr'><strong>ingeniorum,</strong></span> <span class='ocrx_word' id='word_1_199' title='bbox 1325 2423 1547 2490; x_wconf 86' lang='lat' dir='ltr'><strong>antdiscordia‚</strong></span> 
     </span>
     <span class='ocr_line' id='line_1_23' title="bbox 371 2514 1549 2592; baseline 0 -21"><span class='ocrx_word' id='word_1_200' title='bbox 371 2519 424 2572; x_wconf 90' lang='lat' dir='ltr'><strong>aut</strong></span> <span class='ocrx_word' id='word_1_201' title='bbox 437 2514 512 2573; x_wconf 89' lang='lat' dir='ltr'><strong>fides</strong></span> <span class='ocrx_word' id='word_1_202' title='bbox 527 2515 564 2573; x_wconf 93' lang='lat' dir='ltr'><strong>ab</strong></span> <span class='ocrx_word' id='word_1_203' title='bbox 578 2515 722 2574; x_wconf 87' lang='lat' dir='ltr'><strong>alterutro</strong></span> <span class='ocrx_word' id='word_1_204' title='bbox 744 2518 864 2586; x_wconf 88' lang='lat' dir='ltr'><strong>violata,</strong></span> <span class='ocrx_word' id='word_1_205' title='bbox 890 2525 941 2578; x_wconf 89' lang='lat' dir='ltr'><strong>aut</strong></span> <span class='ocrx_word' id='word_1_206' title='bbox 961 2519 1120 2592; x_wconf 90' lang='lat' dir='ltr'><strong>utriusque</strong></span> <span class='ocrx_word' id='word_1_207' title='bbox 1134 2532 1317 2587; x_wconf 85' lang='lat' dir='ltr'><strong>consensus,</strong></span> <span class='ocrx_word' id='word_1_208' title='bbox 1331 2515 1434 2575; x_wconf 83' lang='lat' dir='ltr'><strong>aliaeve</strong></span> <span class='ocrx_word' id='word_1_209' title='bbox 1449 2525 1549 2574; x_wconf 83' lang='lat' dir='ltr'><strong>causae</strong></span> 
     </span>
     <span class='ocr_line' id='line_1_24' title="bbox 371 2604 1549 2680; baseline -0.002 -18"><span class='ocrx_word' id='word_1_210' title='bbox 371 2604 489 2663; x_wconf 90' lang='lat' dir='ltr'><strong>liberari</strong></span> <span class='ocrx_word' id='word_1_211' title='bbox 505 2606 653 2665; x_wconf 87' lang='lat' dir='ltr'><strong>suadeant</strong></span> <span class='ocrx_word' id='word_1_212' title='bbox 666 2613 813 2679; x_wconf 88' lang='lat' dir='ltr'><strong>oportere.</strong></span> <span class='ocrx_word' id='word_1_213' title='bbox 836 2611 870 2665; x_wconf 82' lang='lat' dir='ltr'><strong>lit</strong></span> <span class='ocrx_word' id='word_1_214' title='bbox 884 2608 910 2668; x_wconf 90' lang='lat' dir='ltr'><strong>si</strong></span> <span class='ocrx_word' id='word_1_215' title='bbox 925 2609 1000 2666; x_wconf 90' lang='lat' dir='ltr'><strong>forte</strong></span> <span class='ocrx_word' id='word_1_216' title='bbox 1016 2607 1156 2666; x_wconf 88' lang='lat' dir='ltr'><strong>satisfieri</strong></span> <span class='ocrx_word' id='word_1_217' title='bbox 1170 2605 1343 2680; x_wconf 81' lang='lat' dir='ltr'><strong>procacitati</strong></span> <span class='ocrx_word' id='word_1_218' title='bbox 1361 2605 1549 2665; x_wconf 89' lang='lat' dir='ltr'><strong>voluntatum</strong></span> 
     </span>
     <span class='ocr_line' id='line_1_25' title="bbox 371 2692 1549 2771; baseline 0.001 -20"><span class='ocrx_word' id='word_1_219' title='bbox 371 2692 438 2768; x_wconf 87' lang='lat' dir='ltr'><strong>lege</strong></span> <span class='ocrx_word' id='word_1_220' title='bbox 456 2694 660 2769; x_wconf 86' lang='lat' dir='ltr'><strong>prohibeatur,</strong></span> <span class='ocrx_word' id='word_1_221' title='bbox 676 2701 739 2754; x_wconf 95' lang='lat' dir='ltr'><strong>tum</strong></span> <span class='ocrx_word' id='word_1_222' title='bbox 765 2696 886 2770; x_wconf 85' lang='lat' dir='ltr'><strong>iniquas</strong></span> <span class='ocrx_word' id='word_1_223' title='bbox 907 2697 1037 2756; x_wconf 90' lang='lat' dir='ltr'><strong>clamant</strong></span> <span class='ocrx_word' id='word_1_224' title='bbox 1054 2711 1123 2755; x_wconf 90' lang='lat' dir='ltr'><strong>esse</strong></span> <span class='ocrx_word' id='word_1_225' title='bbox 1148 2696 1242 2771; x_wconf 87' lang='lat' dir='ltr'><strong>leges,</strong></span> <span class='ocrx_word' id='word_1_226' title='bbox 1264 2695 1457 2766; x_wconf 81' lang='lat' dir='ltr'><strong>inhumanae,</strong></span> <span class='ocrx_word' id='word_1_227' title='bbox 1480 2707 1549 2754; x_wconf 90' lang='lat' dir='ltr'><strong>cum</strong></span> 
     </span>
     <span class='ocr_line' id='line_1_26' title="bbox 368 2784 1548 2860; baseline 0 -18"><span class='ocrx_word' id='word_1_228' title='bbox 368 2784 436 2858; x_wconf 87' lang='lat' dir='ltr'><strong>jnre</strong></span> <span class='ocrx_word' id='word_1_229' title='bbox 451 2786 561 2844; x_wconf 92' lang='lat' dir='ltr'><strong>civium</strong></span> <span class='ocrx_word' id='word_1_230' title='bbox 576 2785 737 2845; x_wconf 88' lang='lat' dir='ltr'><strong>liberorum</strong></span> <span class='ocrx_word' id='word_1_231' title='bbox 749 2793 936 2860; x_wconf 64' lang='lat' dir='ltr'><strong>pugnantem</strong></span> <span class='ocrx_word' id='word_1_232' title='bbox 951 2792 1132 2859; x_wconf 83' lang='lat' dir='ltr'><strong>quapropter</strong></span> <span class='ocrx_word' id='word_1_233' title='bbox 1146 2785 1270 2844; x_wconf 91' lang='lat' dir='ltr'><strong>omnino</strong></span> <span class='ocrx_word' id='word_1_234' title='bbox 1281 2784 1444 2844; x_wconf 89' lang='lat' dir='ltr'><strong>videndum</strong></span> <span class='ocrx_word' id='word_1_235' title='bbox 1460 2785 1548 2854; x_wconf 90' lang='lat' dir='ltr'><strong>ut,il-</strong></span> 
     </span>
     <span class='ocr_line' id='line_1_27' title="bbox 372 2873 1547 2950; baseline 0 -18"><span class='ocrx_word' id='word_1_236' title='bbox 372 2873 410 2934; x_wconf 90' lang='lat' dir='ltr'><strong>lis</strong></span> <span class='ocrx_word' id='word_1_237' title='bbox 425 2875 590 2949; x_wconf 82' lang='lat' dir='ltr'><strong>antiquatis</strong></span> <span class='ocrx_word' id='word_1_238' title='bbox 603 2875 828 2950; x_wconf 85' lang='lat' dir='ltr'><strong>abrogatisque‚</strong></span> <span class='ocrx_word' id='word_1_239' title='bbox 845 2875 934 2935; x_wconf 88' lang='lat' dir='ltr'><strong>licere</strong></span> <span class='ocrx_word' id='word_1_240' title='bbox 948 2876 1078 2934; x_wconf 88' lang='lat' dir='ltr'><strong>divortia</strong></span> <span class='ocrx_word' id='word_1_241' title='bbox 1091 2875 1269 2935; x_wconf 88' lang='lat' dir='ltr'><strong>humaniore</strong></span> <span class='ocrx_word' id='word_1_242' title='bbox 1282 2874 1349 2950; x_wconf 86' lang='lat' dir='ltr'><strong>lage</strong></span> <span class='ocrx_word' id='word_1_243' title='bbox 1360 2875 1547 2933; x_wconf 87' lang='lat' dir='ltr'><strong>decernatur.</strong></span> 
     </span>
     <span class='ocr_line' id='line_1_28' title="bbox 335 2963 1550 3050; baseline -0.002 -26"><span class='ocrx_word' id='word_1_244' title='bbox 335 3041 339 3050; x_wconf 25' lang='grc' dir='ltr'>ι</span> <span class='ocrx_word' id='word_1_245' title='bbox 407 2969 582 3026; x_wconf 87' lang='lat' dir='ltr'><strong>Nostrorum</strong></span> <span class='ocrx_word' id='word_1_246' title='bbox 596 2973 695 3024; x_wconf 90' lang='lat' dir='ltr'><strong>aulem</strong></span> <span class='ocrx_word' id='word_1_247' title='bbox 705 2972 873 3039; x_wconf 89' lang='lat' dir='ltr'><strong>temporum</strong></span> <span class='ocrx_word' id='word_1_248' title='bbox 886 2964 1109 3040; x_wconf 74' lang='lat' dir='ltr'><strong>legumlatores</strong></span> <span class='ocrx_word' id='word_1_249' title='bbox 1123 2963 1455 3038; x_wconf 85' lang='lat' dir='ltr'><strong>cumeorumdemjnris</strong></span> <span class='ocrx_word' id='word_1_250' title='bbox 1469 2965 1550 3038; x_wconf 92' lang='lat' dir='ltr'><strong>prin-</strong></span> 
     </span>
    </p>

    <p class='ocr_par' dir='ltr' id='par_1_3' title="bbox 371 3053 1550 4021">
     <span class='ocr_line' id='line_1_29' title="bbox 371 3053 1549 3129; baseline -0.003 -15"><span class='ocrx_word' id='word_1_251' title='bbox 371 3057 650 3129; x_wconf 85' lang='lat' dir='ltr'><strong>cipiorumtenaces</strong></span> <span class='ocrx_word' id='word_1_252' title='bbox 662 3070 694 3116; x_wconf 86' lang='lat' dir='ltr'><strong>se</strong></span> <span class='ocrx_word' id='word_1_253' title='bbox 708 3071 744 3115; x_wconf 89' lang='lat' dir='ltr'><strong>ac</strong></span> <span class='ocrx_word' id='word_1_254' title='bbox 758 3055 913 3116; x_wconf 86' lang='lat' dir='ltr'><strong>studiosos</strong></span> <span class='ocrx_word' id='word_1_255' title='bbox 929 3055 1134 3128; x_wconf 87' lang='lat' dir='ltr'><strong>profiteantur,</strong></span> <span class='ocrx_word' id='word_1_256' title='bbox 1150 3054 1188 3113; x_wconf 91' lang='lat' dir='ltr'><strong>ab</strong></span> <span class='ocrx_word' id='word_1_257' title='bbox 1202 3055 1252 3112; x_wconf 89' lang='lat' dir='ltr'><strong>illa</strong></span> <span class='ocrx_word' id='word_1_258' title='bbox 1265 3053 1422 3112; x_wconf 88' lang='lat' dir='ltr'><strong>bominum</strong></span> <span class='ocrx_word' id='word_1_259' title='bbox 1435 3054 1549 3127; x_wconf 92' lang='lat' dir='ltr'><strong>impro-</strong></span> 
     </span>
     <span class='ocr_line' id='line_1_30' title="bbox 371 3143 1547 3218; baseline -0.002 -16"><span class='ocrx_word' id='word_1_260' title='bbox 371 3144 473 3215; x_wconf 89' lang='lat' dir='ltr'><strong>bitate,</strong></span> <span class='ocrx_word' id='word_1_261' title='bbox 485 3159 575 3218; x_wconf 87' lang='lat' dir='ltr'><strong>qnam</strong></span> <span class='ocrx_word' id='word_1_262' title='bbox 602 3144 747 3212; x_wconf 75' lang='lat' dir='ltr'><strong>diximus</strong></span> <span class='ocrx_word' id='word_1_263' title='bbox 764 3159 797 3202; x_wconf 90' lang='lat' dir='ltr'><strong>se</strong></span> <span class='ocrx_word' id='word_1_264' title='bbox 816 3144 894 3204; x_wconf 91' lang='lat' dir='ltr'><strong>lueri</strong></span> <span class='ocrx_word' id='word_1_265' title='bbox 912 3159 973 3202; x_wconf 89' lang='lat' dir='ltr'><strong>non</strong></span> <span class='ocrx_word' id='word_1_266' title='bbox 993 3149 1133 3216; x_wconf 91' lang='lat' dir='ltr'><strong>possunt,</strong></span> <span class='ocrx_word' id='word_1_267' title='bbox 1162 3144 1280 3202; x_wconf 88' lang='lat' dir='ltr'><strong>etiamsi</strong></span> <span class='ocrx_word' id='word_1_268' title='bbox 1296 3144 1426 3204; x_wconf 88' lang='lat' dir='ltr'><strong>maxime</strong></span> <span class='ocrx_word' id='word_1_269' title='bbox 1440 3143 1547 3202; x_wconf 88' lang='lat' dir='ltr'><strong>velint:</strong></span> 
     </span>
     <span class='ocr_line' id='line_1_31' title="bbox 372 3232 1550 3306; baseline -0.001 -15"><span class='ocrx_word' id='word_1_270' title='bbox 372 3248 464 3306; x_wconf 86' lang='lat' dir='ltr'><strong>quare</strong></span> <span class='ocrx_word' id='word_1_271' title='bbox 487 3232 654 3292; x_wconf 88' lang='lat' dir='ltr'><strong>cadendum</strong></span> <span class='ocrx_word' id='word_1_272' title='bbox 674 3232 860 3304; x_wconf 88' lang='lat' dir='ltr'><strong>temporibus</strong></span> <span class='ocrx_word' id='word_1_273' title='bbox 880 3247 914 3290; x_wconf 92' lang='lat' dir='ltr'><strong>ac</strong></span> <span class='ocrx_word' id='word_1_274' title='bbox 933 3232 1130 3292; x_wconf 89' lang='lat' dir='ltr'><strong>divortiorum</strong></span> <span class='ocrx_word' id='word_1_275' title='bbox 1151 3233 1343 3292; x_wconf 87' lang='lat' dir='ltr'><strong>concedenda</strong></span> <span class='ocrx_word' id='word_1_276' title='bbox 1362 3233 1500 3292; x_wconf 89' lang='lat' dir='ltr'><strong>facultas.</strong></span> <span class='ocrx_word' id='word_1_277' title='bbox 1514 3263 1550 3274; x_wconf 92' lang='lat'><em>-</em></span> 
     </span>
     <span class='ocr_line' id='line_1_32' title="bbox 372 3321 1550 3395; baseline -0.003 -14"><span class='ocrx_word' id='word_1_278' title='bbox 372 3323 457 3393; x_wconf 84' lang='lat' dir='ltr'><strong>Quod</strong></span> <span class='ocrx_word' id='word_1_279' title='bbox 482 3323 608 3381; x_wconf 90' lang='lat' dir='ltr'><strong>bistoria</strong></span> <span class='ocrx_word' id='word_1_280' title='bbox 621 3323 701 3380; x_wconf 88' lang='lat' dir='ltr'><strong>idem</strong></span> <span class='ocrx_word' id='word_1_281' title='bbox 716 3322 784 3395; x_wconf 89' lang='lat' dir='ltr'><strong>ipsa</strong></span> <span class='ocrx_word' id='word_1_282' title='bbox 797 3321 938 3380; x_wconf 84' lang='lat' dir='ltr'><strong>declarat.</strong></span> <span class='ocrx_word' id='word_1_283' title='bbox 955 3324 991 3380; x_wconf 90' lang='lat' dir='ltr'><strong>Ut</strong></span> <span class='ocrx_word' id='word_1_284' title='bbox 1011 3321 1162 3380; x_wconf 83' lang='lat' dir='ltr'><strong>animalia</strong></span> <span class='ocrx_word' id='word_1_285' title='bbox 1178 3327 1401 3394; x_wconf 81' lang='lat' dir='ltr'><strong>praetereamus,</strong></span> <span class='ocrx_word' id='word_1_286' title='bbox 1423 3327 1550 3382; x_wconf 90' lang='lat' dir='ltr'><strong>exeunte</strong></span> 
     </span>
     <span class='ocr_line' id='line_1_33' title="bbox 372 3410 1550 3486; baseline -0.003 -14"><span class='ocrx_word' id='word_1_287' title='bbox 372 3413 485 3472; x_wconf 84' lang='lat' dir='ltr'><strong>saeculo</strong></span> <span class='ocrx_word' id='word_1_288' title='bbox 507 3413 673 3485; x_wconf 89' lang='lat' dir='ltr'><strong>superiore,</strong></span> <span class='ocrx_word' id='word_1_289' title='bbox 702 3411 734 3470; x_wconf 92' lang='lat' dir='ltr'><strong>in</strong></span> <span class='ocrx_word' id='word_1_290' title='bbox 759 3411 809 3470; x_wconf 92' lang='lat' dir='ltr'><strong>illa</strong></span> <span class='ocrx_word' id='word_1_291' title='bbox 831 3426 892 3470; x_wconf 91' lang='lat' dir='ltr'><strong>non</strong></span> <span class='ocrx_word' id='word_1_292' title='bbox 913 3416 974 3469; x_wconf 73' lang='lat' dir='ltr'><strong>mm</strong></span> <span class='ocrx_word' id='word_1_293' title='bbox 988 3410 1212 3483; x_wconf 91' lang='lat' dir='ltr'><strong>perturbatione</strong></span> <span class='ocrx_word' id='word_1_294' title='bbox 1227 3425 1317 3484; x_wconf 86' lang='lat' dir='ltr'><strong>quam</strong></span> <span class='ocrx_word' id='word_1_295' title='bbox 1336 3411 1550 3486; x_wconf 85' lang='lat' dir='ltr'><strong>deflagratione</strong></span> 
     </span>
     <span class='ocr_line' id='line_1_34' title="bbox 373 3500 1550 3573; baseline -0.003 -11"><span class='ocrx_word' id='word_1_296' title='bbox 373 3503 546 3573; x_wconf 86' lang='lat' dir='ltr'><strong>Galliarum,</strong></span> <span class='ocrx_word' id='word_1_297' title='bbox 561 3517 629 3561; x_wconf 90' lang='lat' dir='ltr'><strong>oum</strong></span> <span class='ocrx_word' id='word_1_298' title='bbox 645 3503 773 3562; x_wconf 88' lang='lat' dir='ltr'><strong>societas</strong></span> <span class='ocrx_word' id='word_1_299' title='bbox 789 3501 900 3572; x_wconf 89' lang='lat' dir='ltr'><strong>omnis,</strong></span> <span class='ocrx_word' id='word_1_300' title='bbox 910 3507 1010 3559; x_wconf 91' lang='lat' dir='ltr'><strong>amoto</strong></span> <span class='ocrx_word' id='word_1_301' title='bbox 1024 3503 1095 3570; x_wconf 86' lang='lat' dir='ltr'><strong>Deo,</strong></span> <span class='ocrx_word' id='word_1_302' title='bbox 1118 3502 1337 3573; x_wconf 77' lang='lat' dir='ltr'><strong>profanaretur,</strong></span> <span class='ocrx_word' id='word_1_303' title='bbox 1352 3508 1415 3559; x_wconf 94' lang='lat' dir='ltr'><strong>tum</strong></span> <span class='ocrx_word' id='word_1_304' title='bbox 1430 3500 1550 3560; x_wconf 87' lang='lat' dir='ltr'><strong>demum</strong></span> 
     </span>
     <span class='ocr_line' id='line_1_35' title="bbox 373 3590 1550 3666; baseline 0.001 -17"><span class='ocrx_word' id='word_1_305' title='bbox 373 3591 487 3664; x_wconf 87' lang='lat' dir='ltr'><strong>placuit</strong></span> <span class='ocrx_word' id='word_1_306' title='bbox 500 3596 581 3650; x_wconf 90' lang='lat' dir='ltr'><strong>ratas</strong></span> <span class='ocrx_word' id='word_1_307' title='bbox 597 3590 714 3664; x_wconf 90' lang='lat' dir='ltr'><strong>legibus</strong></span> <span class='ocrx_word' id='word_1_308' title='bbox 728 3605 797 3650; x_wconf 90' lang='lat' dir='ltr'><strong>esse</strong></span> <span class='ocrx_word' id='word_1_309' title='bbox 810 3591 973 3666; x_wconf 78' lang='lat' dir='ltr'><strong>coniugum</strong></span> <span class='ocrx_word' id='word_1_310' title='bbox 988 3590 1202 3650; x_wconf 87' lang='lat' dir='ltr'><strong>discessiones.</strong></span> <span class='ocrx_word' id='word_1_311' title='bbox 1219 3590 1345 3648; x_wconf 81' lang='lat' dir='ltr'><strong>Easdem</strong></span> <span class='ocrx_word' id='word_1_312' title='bbox 1363 3590 1550 3664; x_wconf 80' lang='lat' dir='ltr'><strong>antemlegvs</strong></span> 
     </span>
     <span class='ocr_line' id='line_1_36' title="bbox 373 3678 1546 3752; baseline -0.003 -11"><span class='ocrx_word' id='word_1_313' title='bbox 373 3679 510 3741; x_wconf 85' lang='lat' dir='ltr'><strong>renovari</strong></span> <span class='ocrx_word' id='word_1_314' title='bbox 521 3678 578 3739; x_wconf 94' lang='lat' dir='ltr'><strong>boc</strong></span> <span class='ocrx_word' id='word_1_315' title='bbox 592 3685 724 3752; x_wconf 89' lang='lat' dir='ltr'><strong>tempore</strong></span> <span class='ocrx_word' id='word_1_316' title='bbox 736 3679 821 3738; x_wconf 90' lang='lat' dir='ltr'><strong>multi</strong></span> <span class='ocrx_word' id='word_1_317' title='bbox 833 3680 969 3752; x_wconf 88' lang='lat' dir='ltr'><strong>cupiunt,</strong></span> <span class='ocrx_word' id='word_1_318' title='bbox 982 3685 1137 3752; x_wconf 89' lang='lat' dir='ltr'><strong>propterea</strong></span> <span class='ocrx_word' id='word_1_319' title='bbox 1149 3678 1229 3752; x_wconf 83' lang='lat' dir='ltr'><strong>quod</strong></span> <span class='ocrx_word' id='word_1_320' title='bbox 1238 3681 1332 3737; x_wconf 87' lang='lat' dir='ltr'><strong>lteum</strong></span> <span class='ocrx_word' id='word_1_321' title='bbox 1345 3685 1375 3736; x_wconf 93' lang='lat' dir='ltr'><strong>et</strong></span> <span class='ocrx_word' id='word_1_322' title='bbox 1386 3679 1546 3738; x_wconf 84' lang='lat' dir='ltr'><strong>Ecclesiam</strong></span> 
     </span>
     <span class='ocr_line' id='line_1_37' title="bbox 374 3759 1546 3842; baseline 0 -16"><span class='ocrx_word' id='word_1_323' title='bbox 374 3768 443 3842; x_wconf 90' lang='lat' dir='ltr'><strong>pelli</strong></span> <span class='ocrx_word' id='word_1_324' title='bbox 458 3768 587 3826; x_wconf 91' lang='lat' dir='ltr'><strong>emedio</strong></span> <span class='ocrx_word' id='word_1_325' title='bbox 602 3784 637 3826; x_wconf 90' lang='lat' dir='ltr'><strong>ac</strong></span> <span class='ocrx_word' id='word_1_326' title='bbox 652 3767 823 3836; x_wconf 86' lang='lat' dir='ltr'><strong>submoveri</strong></span> <span class='ocrx_word' id='word_1_327' title='bbox 839 3767 944 3826; x_wconf 89' lang='lat' dir='ltr'><strong>volunt</strong></span> <span class='ocrx_word' id='word_1_328' title='bbox 962 3783 981 3826; x_wconf 88' lang='lat' dir='ltr'><strong>a</strong></span> <span class='ocrx_word' id='word_1_329' title='bbox 1000 3767 1142 3827; x_wconf 85' lang='lat' dir='ltr'><strong>societate</strong></span> <span class='ocrx_word' id='word_1_330' title='bbox 1155 3759 1378 3840; x_wconf 84' lang='lat' dir='ltr'><strong>conjunctionis</strong></span> <span class='ocrx_word' id='word_1_331' title='bbox 1392 3768 1546 3838; x_wconf 87' lang='lat' dir='ltr'><strong>bumanae;</strong></span> 
     </span>
     <span class='ocr_line' id='line_1_38' title="bbox 373 3857 1549 3936; baseline 0 -20"><span class='ocrx_word' id='word_1_332' title='bbox 373 3857 464 3916; x_wconf 90' lang='lat' dir='ltr'><strong>stulte</strong></span> <span class='ocrx_word' id='word_1_333' title='bbox 479 3863 619 3932; x_wconf 91' lang='lat' dir='ltr'><strong>putantes</strong></span> <span class='ocrx_word' id='word_1_334' title='bbox 633 3865 798 3918; x_wconf 87' lang='lat' dir='ltr'><strong>extremum</strong></span> <span class='ocrx_word' id='word_1_335' title='bbox 820 3859 972 3933; x_wconf 83' lang='lat' dir='ltr'><strong>grassanti</strong></span> <span class='ocrx_word' id='word_1_336' title='bbox 994 3872 1112 3917; x_wconf 93' lang='lat' dir='ltr'><strong>morum</strong></span> <span class='ocrx_word' id='word_1_337' title='bbox 1132 3857 1309 3936; x_wconf 77' lang='lat' dir='ltr'><strong>corruptelae</strong></span> <span class='ocrx_word' id='word_1_338' title='bbox 1331 3859 1497 3919; x_wconf 87' lang='lat' dir='ltr'><strong>remedium</strong></span> <span class='ocrx_word' id='word_1_339' title='bbox 1511 3859 1549 3917; x_wconf 93' lang='lat' dir='ltr'><strong>ab</strong></span> 
     </span>
     <span class='ocr_line' id='line_1_39' title="bbox 373 3945 961 4021; baseline 0.002 -17"><span class='ocrx_word' id='word_1_340' title='bbox 373 3946 520 4020; x_wconf 82' lang='lat' dir='ltr'><strong>ejusmodi</strong></span> <span class='ocrx_word' id='word_1_341' title='bbox 537 3945 656 4020; x_wconf 88' lang='lat' dir='ltr'><strong>legibus</strong></span> <span class='ocrx_word' id='word_1_342' title='bbox 672 3963 741 4006; x_wconf 91' lang='lat' dir='ltr'><strong>essa</strong></span> <span class='ocrx_word' id='word_1_343' title='bbox 755 3948 961 4021; x_wconf 80' lang='lat' dir='ltr'><strong>quarendum.</strong></span> 
     </span>
    </p>

    <p class='ocr_par' dir='ltr' id='par_1_4' title="bbox 374 4037 1550 4743">
     <span class='ocr_line' id='line_1_40' title="bbox 409 4037 1548 4110; baseline 0.002 -15"><span class='ocrx_word' id='word_1_344' title='bbox 409 4040 523 4096; x_wconf 83' lang='lat' dir='ltr'><strong>dtvero</strong></span> <span class='ocrx_word' id='word_1_345' title='bbox 537 4038 642 4110; x_wconf 87' lang='lat' dir='ltr'><strong>quanti</strong></span> <span class='ocrx_word' id='word_1_346' title='bbox 652 4038 806 4096; x_wconf 76' lang='lat' dir='ltr'><strong>mamriam</strong></span> <span class='ocrx_word' id='word_1_347' title='bbox 815 4037 887 4097; x_wconf 90' lang='lat' dir='ltr'><strong>mall</strong></span> <span class='ocrx_word' id='word_1_348' title='bbox 902 4037 933 4095; x_wconf 91' lang='lat' dir='ltr'><strong>in</strong></span> <span class='ocrx_word' id='word_1_349' title='bbox 945 4050 979 4094; x_wconf 89' lang='lat' dir='ltr'><strong>se</strong></span> <span class='ocrx_word' id='word_1_350' title='bbox 988 4037 1115 4096; x_wconf 88' lang='lat' dir='ltr'><strong>divortia</strong></span> <span class='ocrx_word' id='word_1_351' title='bbox 1122 4037 1304 4108; x_wconf 89' lang='lat' dir='ltr'><strong>contineant,</strong></span> <span class='ocrx_word' id='word_1_352' title='bbox 1320 4037 1369 4095; x_wconf 90' lang='lat' dir='ltr'><strong>vix</strong></span> <span class='ocrx_word' id='word_1_353' title='bbox 1383 4037 1491 4096; x_wconf 90' lang='lat' dir='ltr'><strong>attinet</strong></span> <span class='ocrx_word' id='word_1_354' title='bbox 1503 4037 1548 4097; x_wconf 88' lang='lat' dir='ltr'><strong>ui-</strong></span> 
     </span>
     <span class='ocr_line' id='line_1_41' title="bbox 374 4127 1549 4197; baseline -0.001 -9"><span class='ocrx_word' id='word_1_355' title='bbox 374 4144 450 4188; x_wconf 88' lang='lat' dir='ltr'><strong>cere.</strong></span> <span class='ocrx_word' id='word_1_356' title='bbox 471 4133 581 4188; x_wconf 84' lang='lat' dir='ltr'><strong>Eorum</strong></span> <span class='ocrx_word' id='word_1_357' title='bbox 601 4129 680 4187; x_wconf 91' lang='lat' dir='ltr'><strong>enim</strong></span> <span class='ocrx_word' id='word_1_358' title='bbox 696 4143 789 4189; x_wconf 92' lang='lat' dir='ltr'><strong>causa</strong></span> <span class='ocrx_word' id='word_1_359' title='bbox 802 4130 879 4188; x_wconf 92' lang='lat' dir='ltr'><strong>liunt</strong></span> <span class='ocrx_word' id='word_1_360' title='bbox 893 4127 1039 4188; x_wconf 85' lang='lat' dir='ltr'><strong>maritalia</strong></span> <span class='ocrx_word' id='word_1_361' title='bbox 1054 4127 1166 4187; x_wconf 84' lang='lat' dir='ltr'><strong>foedera</strong></span> <span class='ocrx_word' id='word_1_362' title='bbox 1183 4128 1355 4197; x_wconf 87' lang='lat' dir='ltr'><strong>mutabilia;</strong></span> <span class='ocrx_word' id='word_1_363' title='bbox 1371 4133 1549 4188; x_wconf 74' lang='lat' dir='ltr'><strong>extenuatur</strong></span> 
     </span>
     <span class='ocr_line' id='line_1_42' title="bbox 374 4217 1547 4292; baseline -0.002 -14"><span class='ocrx_word' id='word_1_364' title='bbox 374 4227 480 4278; x_wconf 92' lang='lat' dir='ltr'><strong>mutua</strong></span> <span class='ocrx_word' id='word_1_365' title='bbox 488 4218 713 4289; x_wconf 90' lang='lat' dir='ltr'><strong>benevolentia;</strong></span> <span class='ocrx_word' id='word_1_366' title='bbox 730 4217 896 4277; x_wconf 84' lang='lat' dir='ltr'><strong>infidelitati</strong></span> <span class='ocrx_word' id='word_1_367' title='bbox 911 4217 1078 4290; x_wconf 87' lang='lat' dir='ltr'><strong>perniciosa</strong></span> <span class='ocrx_word' id='word_1_368' title='bbox 1094 4218 1287 4277; x_wconf 88' lang='lat' dir='ltr'><strong>incitamenta</strong></span> <span class='ocrx_word' id='word_1_369' title='bbox 1298 4217 1531 4291; x_wconf 88' lang='lat' dir='ltr'><strong>suppeditantur</strong></span> <span class='ocrx_word' id='word_1_370' title='bbox 1537 4238 1547 4292; x_wconf 89' lang='lat'>;</span> 
     </span>
     <span class='ocr_line' id='line_1_43' title="bbox 375 4307 1547 4380; baseline 0 -14"><span class='ocrx_word' id='word_1_371' title='bbox 375 4308 494 4366; x_wconf 90' lang='lat' dir='ltr'><strong>tuitioni</strong></span> <span class='ocrx_word' id='word_1_372' title='bbox 509 4314 599 4380; x_wconf 88' lang='lat' dir='ltr'><strong>atque</strong></span> <span class='ocrx_word' id='word_1_373' title='bbox 615 4307 799 4366; x_wconf 91' lang='lat' dir='ltr'><strong>institutioni</strong></span> <span class='ocrx_word' id='word_1_374' title='bbox 818 4307 982 4366; x_wconf 85' lang='lat' dir='ltr'><strong>liberorum</strong></span> <span class='ocrx_word' id='word_1_375' title='bbox 1002 4313 1141 4376; x_wconf 77' lang='lat' dir='ltr'><strong>nocetur,</strong></span> <span class='ocrx_word' id='word_1_376' title='bbox 1157 4307 1333 4367; x_wconf 88' lang='lat' dir='ltr'><strong>dissuendis</strong></span> <span class='ocrx_word' id='word_1_377' title='bbox 1352 4307 1547 4368; x_wconf 70' lang='lat' dir='ltr'><strong>sociantibus</strong></span> 
     </span>
     <span class='ocr_line' id='line_1_44' title="bbox 374 4395 1549 4470; baseline 0.001 -13"><span class='ocrx_word' id='word_1_378' title='bbox 374 4398 547 4457; x_wconf 89' lang='lat' dir='ltr'><strong>domesticis</strong></span> <span class='ocrx_word' id='word_1_379' title='bbox 576 4396 725 4470; x_wconf 85' lang='lat' dir='ltr'><strong>praebetur</strong></span> <span class='ocrx_word' id='word_1_380' title='bbox 753 4396 887 4466; x_wconf 89' lang='lat' dir='ltr'><strong>occasio;</strong></span> <span class='ocrx_word' id='word_1_381' title='bbox 922 4395 1144 4456; x_wconf 88' lang='lat' dir='ltr'><strong>discordiarum</strong></span> <span class='ocrx_word' id='word_1_382' title='bbox 1166 4397 1245 4456; x_wconf 90' lang='lat' dir='ltr'><strong>inter</strong></span> <span class='ocrx_word' id='word_1_383' title='bbox 1273 4398 1403 4460; x_wconf 79' lang='lat' dir='ltr'><strong>familias</strong></span> <span class='ocrx_word' id='word_1_384' title='bbox 1432 4399 1549 4458; x_wconf 87' lang='lat' dir='ltr'><strong>semina</strong></span> 
     </span>
     <span class='ocr_line' id='line_1_45' title="bbox 375 4485 1549 4563; baseline 0.002 -19"><span class='ocrx_word' id='word_1_385' title='bbox 375 4492 576 4560; x_wconf 88' lang='lat' dir='ltr'><strong>sparguntur;</strong></span> <span class='ocrx_word' id='word_1_386' title='bbox 599 4485 745 4545; x_wconf 91' lang='lat' dir='ltr'><strong>minuitur</strong></span> <span class='ocrx_word' id='word_1_387' title='bbox 764 4499 798 4542; x_wconf 91' lang='lat' dir='ltr'><strong>ac</strong></span> <span class='ocrx_word' id='word_1_388' title='bbox 817 4485 995 4559; x_wconf 91' lang='lat' dir='ltr'><strong>deprimitur</strong></span> <span class='ocrx_word' id='word_1_389' title='bbox 1008 4485 1141 4560; x_wconf 90' lang='lat' dir='ltr'><strong>dignitas</strong></span> <span class='ocrx_word' id='word_1_390' title='bbox 1156 4488 1327 4558; x_wconf 88' lang='lat' dir='ltr'><strong>mulierum,</strong></span> <span class='ocrx_word' id='word_1_391' title='bbox 1347 4490 1457 4562; x_wconf 83' lang='lat' dir='ltr'><strong>quain</strong></span> <span class='ocrx_word' id='word_1_392' title='bbox 1470 4490 1549 4563; x_wconf 90' lang='lat' dir='ltr'><strong>peri-</strong></span> 
     </span>
     <span class='ocr_line' id='line_1_46' title="bbox 375 4575 1550 4651; baseline 0.002 -17"><span class='ocrx_word' id='word_1_393' title='bbox 375 4577 476 4635; x_wconf 91' lang='lat' dir='ltr'><strong>culum</strong></span> <span class='ocrx_word' id='word_1_394' title='bbox 504 4577 695 4645; x_wconf 88' lang='lat' dir='ltr'><strong>veniuntne,</strong></span> <span class='ocrx_word' id='word_1_395' title='bbox 716 4589 785 4634; x_wconf 91' lang='lat' dir='ltr'><strong>cum</strong></span> <span class='ocrx_word' id='word_1_396' title='bbox 805 4575 922 4634; x_wconf 90' lang='lat' dir='ltr'><strong>libidini</strong></span> <span class='ocrx_word' id='word_1_397' title='bbox 945 4577 1079 4636; x_wconf 89' lang='lat' dir='ltr'><strong>virorum</strong></span> <span class='ocrx_word' id='word_1_398' title='bbox 1102 4577 1306 4649; x_wconf 88' lang='lat' dir='ltr'><strong>inservierint,</strong></span> <span class='ocrx_word' id='word_1_399' title='bbox 1329 4593 1382 4651; x_wconf 94' lang='lat' dir='ltr'><strong>pro</strong></span> <span class='ocrx_word' id='word_1_400' title='bbox 1398 4579 1550 4638; x_wconf 88' lang='lat' dir='ltr'><strong>derelictis</strong></span> 
     </span>
     <span class='ocr_line' id='line_1_47' title="bbox 374 4665 1550 4743; baseline 0.002 -17"><span class='ocrx_word' id='word_1_401' title='bbox 374 4667 549 4726; x_wconf 87' lang='lat' dir='ltr'><strong>habeantur.</strong></span> <span class='ocrx_word' id='word_1_402' title='bbox 565 4699 600 4710; x_wconf 92' lang='lat'><em>-</em></span> <span class='ocrx_word' id='word_1_403' title='bbox 621 4665 814 4739; x_wconf 74' lang='lat' dir='ltr'><strong>aequoniam</strong></span> <span class='ocrx_word' id='word_1_404' title='bbox 834 4665 871 4726; x_wconf 91' lang='lat' dir='ltr'><strong>ad</strong></span> <span class='ocrx_word' id='word_1_405' title='bbox 888 4667 1056 4740; x_wconf 90' lang='lat' dir='ltr'><strong>perdendas</strong></span> <span class='ocrx_word' id='word_1_406' title='bbox 1071 4669 1213 4740; x_wconf 89' lang='lat' dir='ltr'><strong>familias,</strong></span> <span class='ocrx_word' id='word_1_407' title='bbox 1235 4669 1479 4743; x_wconf 86' lang='lat' dir='ltr'><strong>frangendasqua</strong></span> <span class='ocrx_word' id='word_1_408' title='bbox 1507 4684 1550 4728; x_wconf 92' lang='lat' dir='ltr'><strong>re-</strong></span> 
     </span>
    </p>
   </div>
   <div class='ocr_carea' id='block_1_3' title="bbox 0 0 1755 5560">
    <p class='ocr_par' dir='ltr' id='par_1_5' title="bbox 0 0 1755 5560">
     <span class='ocr_line' id='line_1_48' title="bbox 0 0 1755 5560; baseline 0 0"><span class='ocrx_word' id='word_1_409' title='bbox 0 0 1755 5560; x_wconf 95' lang='lat' dir='ltr'><strong> </strong></span> 
     </span>
    </p>
   </div>
  </div>
 </body>
</html>
