3508 5568
564 561 650 608 uana
671 561 805 616 ouranos
826 562 1044 612 occurramus.
1177 533 1182 542 ¹
1350 545 1386 614 ci

261 677 356 753 Quod
374 695 495 742 verum
516 683 568 744 est
591 680 724 746 etiamsi
746 682 792 745 ibi
817 683 924 763 ligant
946 683 1154 748 domicilium
1178 685 1251 750 solo
1275 687 1389 750 animo

221 789 258 846 ut
272 785 345 849 sine
358 787 506 868 parocho
521 792 556 850 et
569 788 712 853 testibus
733 791 995 869 contrahant‚si
1018 792 1083 856 hoc
1108 811 1188 858 vere
1212 795 1391 858 transiera-

221 899 285 971 tur,
303 898 342 957 ut
355 912 398 958 ex
412 895 499 962 inira
514 897 569 961 cit.
585 897 731 964 decreto.

260 1002 367 1079 Quod,
385 1003 591 1087 speculative
611 1005 796 1090 loquendo,
820 1025 940 1072 verum
967 1013 1019 1072 est
1045 1009 1205 1075 etiamid
1229 1009 1287 1074 illo
1309 1030 1389 1076 casu

222 1127 299 1193 quo,
317 1110 395 1176 deta
408 1129 523 1194 opera,
540 1131 576 1177 se
593 1113 774 1178 conterunt
788 1115 831 1179 ad
845 1113 943 1178 illum
955 1114 1070 1181 locum
1085 1117 1391 1183 contrahendima-

220 1218 370 1284 trimonii
392 1219 592 1286 clandestini
619 1241 721 1288 causa
742 1244 750 1286 ε
774 1225 853 1308 quia
874 1229 1009 1289 utentes
1033 1228 1111 1308 jure
1142 1245 1204 1291 suo
1233 1227 1315 1291 nihil
1343 1230 1391 1292 ia·
1443 1269 1445 1276 ,

179 1327 184 1338 '
219 1327 314 1392 ciunt
327 1328 363 1391 in
377 1328 533 1394 fraudem
547 1330 644 1412 legis.
662 1331 729 1396 Sed
740 1331 842 1397 hodie
857 1334 1065 1398 contrarium
1080 1339 1132 1398 est
1148 1334 1334 1399 tenendum
1348 1355 1390 1399 er

221 1433 355 1501 decreto
375 1435 496 1519 Congr.
519 1437 617 1503 Gonu.
638 1458 692 1504 au.
716 1440 806 1516 1697,
828 1440 867 1504 it
885 1459 963 1522 aug.
984 1440 1103 1522 (relato
1123 1442 1226 1506 etiam
1250 1442 1390 1507 altene-

220 1541 510 1620 dictolilV‚1nat.
533 1547 709 1612 ecclesiast.
734 1547 800 1628 33),
822 1546 912 1631 quod
935 1549 1134 1631 approbavit
1158 1547 1279 1614 Urbau.
1307 1548 1387 1625 Vlli,

220 1648 377 1734 idemque
395 1653 522 1736 recepit
537 1654 683 1738 archiep.
701 1653 921 1720 Coloniensis.
973 1737 976 1744 Ι

260 1756 320 1823 Ubi
338 1759 478 1845 insuper
496 1761 709 1828 declarantur
725 1763 874 1829 invalide
893 1763 1104 1841 contrahere,
1122 1764 1161 1841 si,
1183 1784 1245 1847 par
1263 1765 1389 1828 dictum

218 1865 332 1930 locum
342 1872 569 1946 transeuntes,
585 1871 688 1936 etiam
701 1872 774 1936 sine
784 1870 903 1936 fraude
915 1872 1126 1949 contrahant,
1140 1871 1390 1954 quotiesadhuc

218 1973 368 2038 retinent
386 1974 594 2042 domicilium
612 1979 649 2044 in
662 1977 737 2045 loco
757 1979 816 2043 uhi
830 1977 1062 2042 tridentinum
1078 1979 1190 2063 quoad
1206 1979 1270 2045 hoc
1286 1999 1390 2063 punc-

220 2086 294 2146 tum
307 2083 563 2166 promulgatum
573 2089 636 2150 est.

258 2191 357 2275 Resp.
378 2193 407 2258 6.
428 2193 641 2260 Matrimonia
658 2185 869 2259 clandestina
890 2212 959 2259 non
980 2193 1097 2258 valent
1117 2213 1179 2278 per
1202 2213 1239 2260 sc
1262 2195 1297 2259 in
1319 2196 1389 2261 vim

219 2299 452 2382 sponsalium:
469 2301 516 2366 ita
530 2300 663 2378 Senon,
680 2299 837 2378 Barbosa,
854 2301 957 2383 Fagn.
982 2306 1016 2365 et
1031 2301 1098 2378 alii,
1121 2306 1240 2368 oonua
1260 2303 1387 2388 Laym.,

220 2405 380 2486 Goninck,
400 2414 476 2486 etc.;
491 2427 573 2474 nam
588 2408 663 2474 talis
678 2413 871 2475 contractus
886 2415 939 2474 est
951 2409 1105 2475 absolute
1121 2411 1287 2488 irritatus;
1307 2430 1388 2494 ergo

220 2533 283 2581 nec
298 2514 389 2580 valet
412 2516 447 2581 in
470 2517 540 2581 vim
562 2515 783 2600 sponsalium,
808 2517 874 2581 nisi
896 2516 962 2582 aliu
983 2521 1074 2582 esset
1096 2518 1239 2583 intentio
1258 2526 1390 2586 contra-

218 2623 383 2688 hentium.
404 2623 486 2688 Hinc
506 2623 538 2687 S.
556 2621 603 2701 (i,
621 2629 707 2688 teste
720 2624 815 2689 ioan.
834 2623 1025 2701 Gellemart,
1042 2626 1217 2708 respondit
1231 2627 1388 2711 episcopo

219 2730 381 2796 Patauino
394 2730 651 2796 matrimonium
664 2730 914 2797 clandestinum
933 2751 1003 2798 non
1015 2731 1141 2799 resolvi
1155 2733 1190 2797 in
1206 2731 1386 2817 sponsalia.

256 2899 313 2954 Nec
323 2895 423 2954 obstat
435 2910 499 2969 cap.
516 2896 609 2966 unic,
625 2897 642 2970 5
656 2896 746 2967 idem,
756 2895 1074 2970 mnespont.tmpot.;
1088 2911 1158 2955 nam
1171 2897 1222 2970 ius
1236 2899 1390 2969 praesumit

220 2987 410 3046 matrimonia
425 2987 616 3060 impuberum
629 2987 736 3058 velere,
752 2987 859 3046 saltem
873 2993 907 3045 ut
925 2987 1098 3060 sponsalia:
1114 3003 1181 3060 quae
1196 2989 1389 3061 presumptio

220 3091 280 3134 non
301 3083 360 3136 stat
381 3078 411 3136 in
425 3078 617 3136 matrimonio
633 3077 833 3149 clandestino,
857 3091 895 3136 ne
912 3077 1027 3140 scilicet
1043 3081 1129 3136 aetus
1152 3077 1305 3152 agentium
1319 3093 1388 3150 ope-

220 3171 323 3226 rentur
336 3168 414 3226 ultre
427 3167 624 3228 intentionem
643 3183 758 3227 eorum.

383 3351 415 3403 v.
430 3349 526 3412 Qumis
540 3347 641 3402 debeat
657 3361 718 3402 esea
730 3347 871 3412 parochus
885 3345 1019 3401 aeustens
1033 3345 1235 3401 matrimonio?

259 3495 359 3579 Resp.
374 3498 402 3560 1.
427 3496 533 3562 Debet
557 3515 631 3563 esse
655 3498 823 3580 parochus
846 3497 1004 3580 proprius
1019 3493 1188 3572 domicilii,
1210 3495 1265 3559 vel
1279 3497 1390 3580 quasi-

220 3604 379 3670 domicilii
400 3605 442 3688 (l)
461 3606 593 3671 ratione
615 3609 714 3690 cujus
739 3607 779 3670 iit
801 3605 922 3691 aliquis
936 3605 1161 3688 parochianus
1183 3624 1190 3666 :
1214 3623 1295 3669 nam
1314 3604 1388 3671 aliae

249 3789 285 3852 (1)
298 3789 450 3841 Notandum
462 3793 512 3852 eet,
522 3791 594 3854 quod
606 3790 657 3840 Di).
671 3803 726 3841 non
740 3789 905 3841 conveniunt
919 3788 1085 3853 inconceptu
1095 3787 1312 3852 quasi-domicilii
1326 3803 1332 3838 :
1345 3788 1389 3838 elii

219 3866 299 3928 enim,
313 3879 375 3916 cum
389 3867 532 3918 Benedicta
546 3866 610 3929 xlv,
620 3865 733 3931 exigant
742 3865 933 3918 habitationem
946 3865 1113 3916 realemcum
1128 3863 1275 3916 intentione
1288 3865 1323 3914 ibi
1335 3877 1389 3914 ma·

218 3943 301 3994 nendi
320 3957 368 4008 per
384 3943 511 4008 majorem
537 3943 601 3994 anni
624 3947 731 4011 partem¹
747 3946 794 3993 aut
810 3943 904 3994 saltem
918 3954 965 4006 per
980 3943 1119 4000 semestre3
1136 3939 1214 4005 juxta
1233 3941 1308 4004 alios,
1328 3955 1388 3991 cam

218 4019 360 4084 Fegnano,
383 4019 515 4071 sufficeret
533 4019 659 4070 habitatio
677 4033 710 4070 ex
728 4032 808 4078 cauea
827 4031 887 4082 que
909 4015 1024 4081 aliquam
1044 4015 1125 4081 exigit
1144 4017 1388 4080 commorationem,

219 4095 268 4144 etsi
277 4095 334 4146 haec
345 4096 518 4146 commoratio
532 4109 588 4146 non
600 4096 713 4160 attingat
724 4093 850 4160 nidorem
865 4094 929 4144 anni
943 4099 1056 4158 partem.
1072 4092 1128 4142 imo
1143 4092 1266 4142 nonnulli
1284 4093 1388 4144 constit.

218 4170 309 4221 Pauca
319 4170 352 4220 ut
364 4171 423 4222 teuc
441 4171 577 4222 Benedicti
596 4171 651 4224 XlV
667 4169 856 4221 intellexerunt
873 4170 902 4220 in
917 4169 969 4219 hoc
986 4181 1067 4218 sensu
1081 4166 1153 4232 quod
1169 4166 1295 4219 habitatio
1311 4168 1389 4218 unius

218 4247 318 4298 mensis
336 4245 468 4298 sufficeret
485 4247 520 4297 ad
537 4246 719 4298 inducendum
737 4245 1004 4310 quasi-domicilium
1029 4243 1076 4294 sed
1096 4243 1154 4294 hoec
1180 4243 1273 4293 ultima
1299 4245 1389 4308 opinio

219 4326 260 4372 est
273 4321 443 4384 eliminanda,
461 4322 524 4387 quia
540 4322 711 4385 benedictina
731 4321 777 4371 illa
795 4321 948 4372 constitutio
971 4321 1021 4372 iuit
1036 4319 1166 4384 explicata
1186 4331 1234 4383 par
1253 4318 1389 4371 decretum

220 4397 332 4448 somni
341 4401 370 4448 et
380 4403 457 4448 mart.
470 4399 528 4448 teet
535 4413 543 4460 ;
554 4399 713 4449 Benedictus
722 4397 778 4448 XlV
789 4397 901 4448 docebat
910 4399 1014 4447 tantum
1025 4394 1214 4445 habitationem
1225 4395 1305 4462 unius
1314 4408 1388 4446 men·

220 4475 254 4525 sie
266 4473 433 4540 suppeditare
443 4475 665 4539 praeumptionem
669 4473 824 4539 succiduum,
834 4487 868 4523 an
879 4472 960 4523 dubia
968 4472 1061 4522 tuimet
1071 4469 1183 4521 intentio
1194 4471 1329 4535 manendi,
1338 4471 1387 4522 sel·

219 4555 273 4601 tcm
282 4564 330 4615 per
340 4555 474 4602 semestre.
486 4551 550 4601 Nam
566 4550 629 4601 dum
640 4553 743 4602 constat
757 4550 790 4600 de
805 4549 961 4609 intentione,
975 4545 1139 4598 domicilium
1151 4547 1388 4614 acquiritur-prima

221 4627 263 4676 die
280 4627 458 4679 habitationis.
486 4645 487 4648 ¹

252 4703 338 4754 Ptirm
352 4703 442 4767 opinio
461 4706 501 4754 eet
519 4703 644 4768 tenenda,
660 4716 721 4754 cum
737 4701 854 4754 secunda
870 4699 945 4752 nullo
961 4700 1038 4751 demo
1054 4697 1183 4750 innitatur
1203 4699 1386 4752 fondamento.
