3482 5560
825 601 876 649 JUS
897 598 1075 645 GANONICUH.

726 804 757 854 ll.
773 803 828 855 Res
843 803 1004 867 spirituales
1019 801 1182 856 connexius.

404 947 499 1014 Nori.
523 947 599 1012 lstae
614 965 670 1012 res
685 951 766 1014 sunt
780 948 884 1013 etiam
898 948 1042 1014 materia
1057 949 1230 1014 simouiae:
1248 951 1363 1013 tamen
1379 965 1464 1031 opus
1485 952 1539 1012 est

365 1056 591 1123 distinctione.

404 1167 435 1247 a)
447 1163 574 1230 Calices
584 1164 783 1241 consecrati,
795 1171 995 1250 paramenta
1008 1183 1114 1245 sacra,
1128 1163 1203 1231 loca
1217 1165 1417 1232 auctoritate
1432 1164 1537 1231 eccle-

363 1274 497 1340 siastica
512 1274 673 1358 deputata
686 1273 729 1339 ad
748 1273 878 1339 cultum
895 1274 1058 1351 divinum,
1079 1279 1118 1338 ut
1137 1275 1348 1358 accipiuntur
1359 1274 1535 1357 adaequate

362 1401 441 1448 cum
465 1401 527 1448 sua
550 1381 786 1447 benedictione
815 1387 849 1446 et
874 1381 992 1447 ordine
1026 1382 1068 1447 ad
1094 1383 1199 1448 finem
1228 1381 1532 1466 supernaturalem,

363 1495 443 1555 sunt
460 1489 604 1556 materia
618 1489 792 1554 simoniae:
814 1507 894 1554 nam
907 1507 962 1554 res
974 1489 1060 1565 istae,
1079 1489 1145 1555 hoc
1159 1490 1262 1556 modo
1278 1494 1434 1573 acceptes,
1456 1495 1537 1553 suut

363 1599 503 1666 omnino
523 1617 627 1664 sacrae
647 1603 682 1664 et
700 1597 783 1664 nulli
803 1597 980 1682 temporali
1001 1596 1110 1686 pretio
1129 1597 1368 1682 edaequabiles.
1396 1597 1536 1664 Verum-

363 1712 490 1784 tamen,
1378 1707 1380 1711 ’

402 1815 527 1881 Calices
548 1819 583 1880 ei
601 1813 675 1880 aliae
696 1831 751 1878 res
772 1812 938 1878 habentes
958 1813 1136 1878 materiam
1155 1814 1265 1898 pretio
1286 1815 1533 1894 aestimabilem,

359 1924 550 1990 secundum
569 1922 662 1988 illam
680 1922 783 1987 vendi
801 1927 948 2006 possunt
967 1923 1096 2006 absque
1117 1922 1186 1987 ulla
1201 1923 1346 1990 simonie
1363 1946 1369 1986 :
1386 1925 1434 1989 ite
1447 1943 1536 1990 com-

356 2035 471 2098 munis
482 2033 652 2099 sententia
663 2037 783 2098 contra
799 2033 967 2116 quosdam
982 2033 1144 2099 docentes
1155 2051 1238 2100 vase
1248 2053 1343 2100 sacra
1353 2034 1455 2098 vendi
1466 2053 1535 2100 non

356 2159 472 2224 posse,
490 2142 555 2206 nisi
567 2140 661 2225 prius
680 2159 742 2223 per
755 2141 1022 2206 confractionem
1037 2146 1268 2206 exsecrentur.
1283 2139 1353 2207 Hoc
1367 2141 1536 2223 colligitur

360 2269 403 2314 ex
414 2248 672 2327 1111111110,
689 2270 720 2333 q.
734 2249 764 2325 3,
777 2249 1170 2327 11111.70,Α11111,11,
1182 2272 1213 2332 q.
1228 2250 1258 2314 1.
1270 2249 1367 2315 Ratio
1382 2255 1448 2327 est,
1459 2251 1536 2334 quia

359 2377 415 2422 res
438 2377 543 2424 sacrae
568 2376 629 2441 per
649 2357 943 2422 consecrationem
964 2375 1034 2422 non
1056 2358 1245 2423 amiserunt
1261 2351 1534 2424 suum'valorem

358 2465 562 2542 naturalem,
577 2471 616 2531 bc
629 2464 771 2549 proinde
787 2465 980 2530 secuudum
997 2466 1177 2531 materiam
1189 2464 1293 2530 vendi
1305 2471 1460 2551 possunt.

398 2578 526 2643 Tamen
546 2577 620 2642 istae
641 2595 706 2653 res,
724 2577 752 2640 si
773 2576 916 2658 integra
933 2577 1011 2654 sint,
1026 2577 1131 2642 vendi
1146 2597 1216 2643 uon
1230 2583 1375 2660 possunt
1388 2579 1454 2644 nisi
1472 2597 1533 2662 pro

360 2685 475 2770 aliqua
497 2685 653 2763 ecclesia;
671 2685 731 2750 sed
750 2685 942 2761 contractae,
973 2684 1016 2748 ad
1035 2703 1285 2769 quemcumque
1309 2705 1411 2751 usum
1431 2685 1533 2751 vendi

360 2800 512 2877 queunt:
528 2795 622 2859 itaS.
637 2794 768 2871 Thom,
784 2795 885 2871 11,
903 2814 935 2877 q.
953 2795 1022 2870 100,
1040 2811 1069 2856 a.
1088 2796 1117 2870 l,
1134 2795 1164 2870 il,
1181 2796 1211 2859 3.

400 2903 431 2986 b)
452 2902 642 2968 Notandum
664 2906 727 2978 est,
750 2903 781 2965 1⁰
806 2901 898 2986 quod
917 2920 973 2965 res
993 2901 1179 2966 benedictae
1205 2903 1320 2985 exigui
1339 2902 1476 2984 valoris,
1496 2912 1534 2970 ut

360 3005 475 3071 oleum
490 3005 695 3082 etchrisma,
712 3005 768 3069 vel
785 3006 943 3089 pretiosae
962 3005 997 3068 in
1018 3005 1140 3088 quibus
1153 3005 1232 3070 oriri
1251 3011 1367 3089 posset
1386 3008 1532 3091 suspicio

359 3114 400 3180 de
429 3113 584 3179 auctione
610 3113 709 3196 pretii
737 3113 860 3177 intuitu
888 3113 1148 3190 benedictionis,
1175 3113 1399 3197 probibentur
1429 3117 1532 3182 vendi

358 3225 443 3307 (can.
460 3225 684 3303 1011111111,
699 3223 729 3299 1,
743 3243 774 3308 q.
788 3225 818 3300 1,
832 3227 868 3288 11
879 3223 980 3289 o.8h.
995 3224 1071 3307 tit.);
1089 3229 1204 3290 tamen
1213 3223 1316 3310 aliqui
1332 3231 1528 3294 excusante

232 3335 234 3338 ’
356 3331 433 3397 labe
449 3331 602 3396 simonia
617 3331 710 3395 illam
727 3331 860 3414 praxim
875 3348 943 3416 qua
957 3329 1107 3396 ecclesiae
1122 3331 1333 3397 cathedrales
1350 3334 1477 3418 aliquid
1490 3337 1531 3400 ab

360 3439 511 3507 ecclesiis
524 3438 784 3523 particularibus
802 3439 971 3522 accipiunt
984 3457 1045 3523 pro
1065 3441 1326 3524 compensandis
1340 3443 1530 3526 sumptibus

359 3550 456 3614 iactis
470 3549 506 3613 in
520 3547 749 3632 comparanda
759 3549 904 3612 materia
915 3548 982 3614 olei
995 3549 1162 3614 benedicti
1174 3551 1228 3616 vel
1242 3551 1328 3617 sacri
1340 3552 1531 3618 chrismatis

361 3654 570 3740 (dury-Ball,
588 3661 612 3719 t.
629 3655 653 3733 l,
670 3675 704 3720 n.
721 3657 790 3733 189,
806 3660 884 3740 post
898 3655 1051 3740 811111).

399 3768 432 3830 1*
445 3766 494 3830 Ex
505 3767 658 3850 pluribus
674 3767 817 3832 decretis
841 3767 873 3830 S.
887 3766 1008 3850 Gongr.
1025 3766 1171 3852 Indulg,
1187 3769 1406 3838 interdictum
1421 3779 1474 3840 est
1487 3792 1530 3840 ne

359 3875 499 3953 rosaria,
515 3894 632 3941 cruces
648 3881 683 3940 st
696 3877 904 3941 numismata
913 3877 1091 3942 benedicta
1099 3879 1288 3956 venditioni
1302 3889 1527 3967 exponantur.

358 3985 486 4050 'lamen
507 4004 578 4051 non
596 3986 756 4050 videntur
769 3987 983 4052 committere
1004 3988 1186 4055 simoniam
1203 3992 1261 4075 qui
1279 3993 1412 4058 ratione
1432 3993 1530 4078 pretii

359 4093 556 4178 temporalis
573 4093 763 4159 venderent
781 4094 951 4177 eiusmodi
965 4114 1032 4171 res,
1047 4096 1104 4162 vel
1122 4098 1225 4162 etiarn
1244 4112 1355 4166 sacras
1370 4100 1530 4186 reliquias

359 4201 506 4287 capsulis
530 4201 689 4287 pretiosis
713 4201 871 4279 inclusas,
893 4202 997 4268 modo
1021 4205 1064 4268 ob
1085 4204 1358 4275 benedictionem
1382 4209 1437 4277 vel
1457 4211 1530 4276 reli-

360 4312 456 4395 quias
470 4329 526 4377 res
540 4311 663 4396 majori
678 4312 787 4394 pretio
802 4329 873 4376 nou
887 4312 1065 4378 vendatur.

397 4421 430 4485 3⁰
444 4419 589 4485 Ecclesia
603 4424 638 4485 et
650 4420 885 4485 caemeterium
900 4421 1003 4485 etiam
1014 4423 1228 4506 excipiuntur
1242 4426 1281 4510 (c.
1299 4427 1349 4505 lt,
1365 4429 1402 4494 11
1419 4429 1451 4494 h.
1463 4429 1527 4507 tit,

360 4531 395 4594 et
409 4546 438 4593 c.
451 4530 499 4606 13,
512 4529 553 4594 de
563 4529 719 4614 sepult),
732 4529 811 4613 quia
821 4529 894 4594 haec
908 4529 975 4596 duo
989 4549 1059 4596 nou
1072 4532 1310 4600 solentessein
1323 4541 1525 4604 commercio

331 4679 333 4682 -
358 4637 527 4715 humano;
551 4642 666 4704 tamen
679 4636 852 4722 probabile
871 4643 924 4701 esi
938 4637 1182 4722 proprietatem
1199 4645 1411 4712 materialem
1426 4649 1527 4716 11111-

360 4745 420 4812 riae
440 4751 475 4812 11
487 4745 632 4828 sepulcri
650 4745 777 4830 proprii
792 4744 894 4811 vendi
913 4763 1025 4828 posse,
1042 4749 1185 4815 servatis
1201 4750 1321 4819 debitis
1336 4754 1526 4825 solemnita-
