3508 5568
565 533 650 578 arasa
673 533 811 586 curarus
833 533 1056 578 caesareorum
1362 513 1400 576 13

226 649 346 714 eadem
366 650 419 714 die
434 667 512 713 cum
529 633 625 714 saleco
640 651 757 714 venire
779 649 879 713 debet
896 666 958 732 pro
982 649 1127 734 pecunia
1138 649 1205 731 (lib.
1221 647 1281 726 GV,
1302 648 1337 711 ff.
1360 649 1401 712 de

226 759 360 840 Solet).
378 759 539 841 Opposita
552 757 881 836 sententiaNavarri,
899 758 1058 834 Sanobez,
1074 763 1150 835 ete,
1168 756 1294 822 doeens
1319 756 1401 820 obli·
1503 777 1506 788 ·

225 867 399 947 godonem
412 865 623 949 sponsalium
637 885 707 932 non
721 884 855 948 urgere,
872 865 1144 950 nisialterapars
1159 865 1274 946 exigat
1281 883 1401 930 eorum

226 974 469 1057 impletionem,
488 980 540 1039 est
560 975 704 1058 practice
719 973 913 1058 probabilis,
938 980 972 1038 et
995 993 1060 1038 usu
1081 975 1216 1038 [innata
1232 973 1401 1057 :parocho

227 1087 341 1146 tamen
357 1082 530 1174 incumbet
543 1099 635 1157 cura,
658 1087 697 1146 ut
710 1081 883 1165 sponsalia
899 1082 1100 1165 quantocius
1117 1083 1152 1146 in
1167 1081 1326 1146 ellectum
1345 1080 1402 1144 de-

226 1188 403 1282 ducantur,
412 1189 604 1278 prasertim
615 1190 643 1252 si
658 1187 765 1254 altera
773 1207 852 1274 pars
865 1189 1133 1265 exverecuudia‚
1146 1189 1202 1254 vel
1212 1187 1277 1254 alia
1286 1207 1399 1264 eausa,

226 1315 296 1361 non
310 1297 436 1363 audeat
450 1299 587 1380 exigere
603 1297 837 1381 impletionem
852 1297 1073 1382 sponsalium.

266 1405 1400 1490 Resp.3.Renuensabsquejustacausaimpleresponsalio‚ajudiee

227 1513 455 1580 eeclesiastico
469 1515 662 1578 monendus
678 1519 741 1590 est,
753 1518 788 1578 et
796 1519 899 1597 prout
906 1515 1087 1597 prudentia
1098 1516 1283 1591 dictaverit,
1299 1516 1401 1579 etiam

227 1623 301 1686 aliis
320 1623 432 1706 purnis
451 1627 485 1686 et
499 1622 655 1686 censuris
667 1619 926 1704 compellendus
941 1622 984 1687 ad
999 1640 1119 1687 eorum
1140 1621 1374 1705 impletionem
1393 1644 1399 1687 :

227 1731 273 1794 ita
293 1749 321 1794 c.
338 1731 377 1794 ltl
397 1731 431 1794 h.
456 1735 479 1794 t.
497 1735 531 1794 et
545 1747 615 1813 cap.
632 1731 663 1806 t,
680 1731 729 1806 ll,
748 1730 836 1806 eod.‚
852 1730 909 1793 ubi
924 1735 1039 1794 tamen
1051 1735 1211 1795 monetur
1224 1731 1401 1815 episcopos

198 1835 201 1850 '
227 1843 265 1902 ut
282 1839 309 1902 si
325 1839 448 1902 viderit
472 1838 860 1903 excommunicationem
883 1838 966 1902 nihil
985 1838 1147 1923 prodesse
1174 1844 1314 1923 propter
1326 1857 1403 1922 per-

228 1948 372 2012 tinacem
387 1947 568 2012 resilientis
583 1949 844 2024 contumaciam,
861 1967 882 2012 a
895 1965 1040 2013 censura
1054 1949 1233 2024 abstineat,
1247 1952 1281 2012 et
1297 1947 1401 2012 inssio-

229 2062 297 2120 tam
322 2061 481 2132 revocet;
509 2057 588 2139 quia
609 2055 825 2122 tolerandum
846 2062 898 2121 est
919 2057 1034 2139 potius
1058 2057 1172 2120 minus
1195 2057 1335 2133 malum,
1358 2076 1401 2119 ne

225 2167 337 2248 majus
365 2169 527 2248 sequatur
550 2184 594 2230 ex
621 2166 839 2231 matrimonio
865 2171 992 2231 coacto.
1024 2165 1062 2230 ln
1087 2166 1152 2231 boc
1182 2169 1298 2230 tamen
1321 2183 1401 2230 casu

225 2273 311 2356 parti
326 2273 462 2336 nocenti
480 2273 661 2337 salubriter
675 2272 741 2338 alia
754 2291 857 2356 poena
871 2273 978 2354 infligi
999 2273 1133 2356 poterit,
1156 2291 1235 2337 cum
1255 2272 1402 2336 violetur
1434 2333 1436 2340 .

226 2380 359 2462 justitia
380 2381 415 2444 iu
437 2399 473 2445 re
490 2382 597 2462 gravi,
622 2387 657 2445 et
674 2381 829 2462 legitimo
850 2385 1021 2464 praecepto
1046 2381 1230 2464 superioris
1254 2399 1322 2444 non
1347 2399 1402 2463 pa-

228 2493 352 2556 reatur.

266 2595 366 2680 Resp.
385 2597 413 2660 l.
426 2597 523 2663 Fides
536 2595 748 2680 sponsalium
755 2594 1198 2679 probabiliterviolaturper
1210 2596 1402 2662 fornicatio-

228 2723 307 2770 nem
321 2704 460 2769 alterius
470 2723 512 2768 ex
523 2703 673 2787 sponsis;
691 2708 725 2767 et
739 2719 832 2768 cons.
843 2703 918 2767 talis
927 2703 1105 2768 fornicatio
1119 2709 1243 2788 practer
1255 2705 1401 2788 speciem

228 2813 369 2876 luxuriae
384 2813 535 2877 continet
545 2813 648 2876 etiam
663 2812 811 2894 speciem
823 2811 998 2896 injustitia
1015 2813 1207 2878 necessario
1221 2813 1256 2877 in
1270 2814 1402 2878 contes-

228 2921 323 2985 sione
339 2920 596 3004 exprimendam
613 2921 679 2984 :ita
689 2919 864 2994 Salmant,
877 2919 1053 2996 Scbmalz.,
1064 2925 1127 2985 etc.
1137 2925 1255 2986 contra
1269 2921 1399 2997 Covar„

228 3028 362 3111 Hauriq.
379 3032 413 3092 et
426 3027 511 3093 alios
528 3048 535 3089 ε
552 3045 632 3092 nam
650 3029 750 3109 juxta
764 3045 836 3110 cap.
851 3028 902 3104 td,
918 3027 959 3092 de
972 3027 1135 3110 Jurejur,
1150 3029 1327 3094 fornicatio
1338 3029 1402 3092 ista

229 3143 281 3200 est
302 3140 420 3201 contra
446 3135 601 3218 regulam
630 3134 926 3219 desponsationis;
952 3136 1120 3220 siquidem
1148 3135 1252 3201 violat
1274 3139 1332 3219 jus
1359 3155 1401 3200 ex

228 3243 440 3327 sponsalibus
456 3244 637 3329 quaesitum
653 3243 694 3308 de
705 3244 856 3328 corporis
870 3263 935 3308 usu
950 3263 1020 3309 non
1040 3244 1147 3320 alteri,
1174 3245 1233 3309 sed
1255 3245 1318 3310 sibi
1338 3250 1401 3308 tra-

228 3352 350 3430 dendo,
368 3371 461 3434 ergo.
479 3351 642 3436 Opposita
657 3353 828 3416 sententia
841 3352 943 3416 etiam
962 3357 1014 3416 est
1038 3353 1182 3435 practice
1204 3350 1398 3436 probabilis,

228 3461 307 3544 quia
325 3479 386 3544 per
400 3460 573 3544 sponsalia
596 3455 666 3525 nori
685 3459 822 3524 videtur
836 3459 964 3542 acquiri
985 3459 1077 3524 aliud
1092 3463 1161 3543 jus,
1173 3460 1247 3524 nisi
1262 3458 1304 3523 ad
1321 3476 1402 3522 oon-

229 3569 431 3634 trahcndum
457 3571 729 3646 matrimonium,
755 3569 845 3653 quod
870 3572 929 3653 jus
958 3587 1019 3651 per
1044 3569 1303 3634 fornicationem
1331 3585 1401 3630 non

226 3677 370 3741 laeditur.
397 3678 617 3743 Multominus
641 3679 819 3744 fornicatio
842 3696 975 3761 sponsae
1004 3683 1056 3742 est
1082 3676 1297 3753 adulterium,
1322 3695 1400 3741 cum

228 3803 298 3850 non
311 3785 499 3850 sitviolatio
515 3787 603 3850 thori
615 3785 726 3850 alieni.
744 3786 809 3850 Nec
825 3787 937 3850 obstat
949 3785 1007 3849 lib.
1019 3783 1102 3862 lllll,
1117 3783 1174 3864 §3,
1190 3784 1226 3848 n.
1235 3785 1276 3848 ad
1286 3785 1320 3848 L.
1334 3783 1398 3848 lul.

228 3893 269 3958 de
284 3893 451 3970 Adulter„
468 3912 549 3960 nam
563 3895 608 3957 ibi
624 3893 696 3958 sola
715 3895 895 3969 accusatio,
908 3913 968 3957 seu
983 3893 1165 3958 vindicatio
1182 3911 1315 3977 sponsa
1334 3894 1401 3957 lor-

227 4001 370 4065 nieautis
382 4001 591 4083 permittitur
606 4003 649 4066 ob
665 4002 826 4084 iujuriam
844 4019 969 4084 sponso
983 4001 1130 4076 illatam;
1148 4017 1217 4065 nun
1227 4018 1309 4064 vero
1326 4001 1400 4064 talis

226 4109 402 4175 fornicatio
418 4109 538 4173 dicitur
554 4127 629 4173 esse
645 4109 850 4174 adulterium
864 4109 1000 4192 proprie
1015 4107 1091 4174 tale.

421 4295 451 4346 v.
467 4295 519 4356 An,
534 4292 679 4358 atquibus
694 4292 786 4345 modis
800 4290 944 4356 sponsalia
957 4287 1070 4342 dissolvi
1084 4288 1215 4353 possint?

268 4437 367 4521 llesp.
385 4439 414 4501 1.
432 4435 616 4519 Sponsalia,
633 4453 763 4500 cumex
781 4439 904 4500 natura
921 4453 983 4498 sua
999 4452 1069 4498 non
1084 4432 1400 4518 inducantaliqnem

228 4551 353 4610 statum
369 4545 476 4608 lixum
490 4548 524 4607 ct
538 4543 704 4619 stabilem,
723 4542 862 4607 dissolvi
877 4547 1022 4625 possunt
1038 4541 1124 4606 sicut
1138 4539 1193 4604 alii
1207 4545 1400 4606 contractus

228 4653 378 4724 humani,
405 4671 473 4717 uon
498 4657 630 4717 lantum
652 4655 761 4715 morte
786 4651 940 4725 naturali,
969 4670 1044 4733 quar
1069 4650 1184 4714 omnia
1207 4649 1317 4724 solvit,
1341 4649 1400 4713 sed
