3418 5566
427 619 488 683 372
884 637 936 683 rus
956 638 1135 684 mamam.

427 773 472 818 ex
491 753 684 830 homicidio,
709 758 748 816 ut
761 757 895 820 constat
917 771 960 818 ex
978 753 1201 836 responsione
1216 751 1249 816 S.
1268 751 1303 814 C.
1317 750 1418 816 conc.
1439 750 1479 815 tl
1497 751 1600 834 april.

426 861 516 938 1685,
532 861 645 946 quoad
667 861 760 944 ipsos
780 860 979 943 religiosos;
1006 861 1125 926 9iebr.
1146 859 1236 936 root,
1261 859 1372 943 quoad
1390 859 1602 943 poenitentes

424 967 616 1034 secum.

848 1377 1037 1441 'Tl'l'ULUS
1062 1378 1143 1440 xtlt.

809 1529 864 1580 De
891 1529 1195 1582 torneamentis.
1272 1505 1278 1516 ⁵

381 1887 386 1898 .
458 1841 555 1905 Nora.
572 1839 610 1904 ln
621 1841 687 1906 boc
701 1839 798 1905 titulo
814 1845 849 1905 et
862 1841 1084 1924 sequentibus
1098 1841 1211 1922 agitur
1221 1842 1325 1905 etiam
1339 1841 1381 1906 dc
1394 1839 1596 1916 homicidio,

420 1949 512 2032 quod
534 1949 768 2014 consideratur
790 1950 826 2012 in
840 1950 912 2013 suis
926 1949 1037 2014 causis
1053 1965 1114 2013 seu
1132 1947 1387 2025 occasionibus;
1406 1950 1479 2012 istae
1495 1967 1599 2014 occa-

420 2057 534 2122 siones
552 2057 802 2140 frequentiores
825 2060 923 2120 erant
941 2061 1188 2132 torneamenta,
1204 2054 1326 2132 duella,
1342 2059 1441 2120 etars
1455 2057 1600 2138 sagitta-

418 2165 548 2230 riorum
562 2182 623 2228 eeu
642 2162 905 2227 ballistariorum
921 2183 928 2224 :
944 2163 1023 2227 binc
1036 2161 1184 2228 Ecclesia
1197 2161 1305 2228 voluit
1318 2163 1383 2228 ista
1397 2163 1593 2246 prohibere,

418 2276 457 2337 ut
471 2271 655 2339 homicidia
666 2271 864 2334 vitarentur.

457 2379 482 2442 l.
500 2379 745 2444 Tomeamenta
760 2383 841 2442 sunt
852 2376 1033 2442 hastiludia
1043 2383 1078 2442 et
1090 2377 1262 2444 solemnes
1274 2398 1400 2463 pugnae
1415 2386 1598 2464 equestres

417 2487 453 2550 in
465 2488 589 2570 quibus
603 2485 740 2561 milites,
761 2484 833 2550 sive
849 2483 1007 2550 nobilitas
1021 2487 1189 2569 equestris
1210 2488 1394 2552 convenire
1404 2485 1536 2552 solebat
1551 2507 1599 2552 ex

417 2593 572 2660 condicto
587 2598 620 2658 et
635 2591 795 2675 congredi
805 2591 849 2656 ad
860 2591 1109 2657 ostendendam
1119 2593 1295 2660 audaciam
1306 2594 1507 2678 etperitiam
1520 2595 1597 2659 bel·
1668 2646 1669 2660 ,

414 2701 517 2779 laudi,
534 2707 636 2786 atqua
651 2701 775 2764 virium
788 2700 1034 2765 fortitudinem.
1051 2700 1320 2779 Tomeamentis,
1337 2721 1413 2787 quae
1433 2704 1596 2784 trequen-

418 2809 505 2875 tiora
525 2815 622 2875 erant
635 2809 672 2872 in
687 2808 792 2873 Galba
806 2813 840 2872 et
856 2807 1046 2884 Germania,
1061 2808 1180 2872 similis
1193 2812 1246 2872 est
1258 2810 1398 2890 agitatio
1414 2816 1597 2874 taurorum

415 2935 476 2983 seu
491 2917 698 2982 concertatio
711 2933 790 2980 cum
806 2916 936 2994 bestiis,
951 2916 987 2979 in
1002 2934 1070 2999 qua
1092 2915 1305 2980 delectantur
1318 2917 1467 3001 Hispani.

454 3025 485 3107 α)
500 3025 556 3090 An
572 3026 640 3088 sint
658 3023 800 3088 illicita?
815 3025 846 3086 l⁰
861 3022 1110 3088 Tomeamenta
1122 3025 1211 3088 tacta
1228 3025 1302 3088 sina
1318 3025 1510 3090 temeritate
1529 3043 1596 3092 seu

412 3151 491 3198 cum
505 3133 620 3198 debita
630 3132 877 3208 moderatione,
895 3149 1018 3215 nempe
1033 3132 1161 3197 utendo
1175 3133 1282 3198 hastis
1298 3133 1371 3197 sine
1381 3133 1521 3216 cuspide
1532 3141 1597 3200 aut

413 3239 487 3304 aliis
508 3241 612 3305 armis
630 3239 809 3316 hebetatis,
826 3257 888 3303 seu
903 3239 945 3303 ad
961 3257 1031 3303 non
1053 3239 1305 3304 vulnerandum
1319 3241 1528 3324 praeparatis,
1545 3243 1596 3307 ita

412 3353 452 3412 ut
464 3347 597 3412 nullum
611 3348 656 3411 sit
673 3347 751 3410 vitae
765 3346 964 3430 periculum,
984 3365 1055 3411 non
1070 3353 1150 3411 sunt
1172 3347 1288 3413 illicita
1302 3347 1413 3426 laicis;
1435 3347 1495 3412 sed
1523 3350 1595 3414 cle·
1668 3417 1669 3428 ,

410 3457 500 3533 ricis,
521 3457 565 3521 ob
579 3453 818 3530 indecentiam,
835 3453 1059 3537 probibentur
1073 3455 1153 3519 talia
1166 3456 1337 3520 exercitia.
1668 3449 1669 3454 ’

450 3566 483 3628 2⁰
506 3563 753 3630 Tomeamenta
776 3563 965 3646 periculosa
989 3582 1068 3628 cum
1092 3565 1196 3628 armis
1221 3566 1328 3630 acutis
1351 3584 1412 3630 seu
1430 3567 1518 3650 aptis
1547 3567 1591 3633 ad
1668 3631 1669 3650 ,

409 3672 594 3754 infligenda
614 3670 757 3736 vulnera
776 3676 856 3734 sunt
876 3671 1026 3752 graviter
1048 3671 1163 3736 illicita
1177 3673 1216 3754 (c.
1241 3673 1377 3755 ibt).

449 3780 478 3864 d)
494 3779 606 3845 Poenae
625 3780 852 3864 pugnantium
864 3771 907 3844 'in
926 3781 1170 3855 torneamentis
1194 3787 1291 3847 erant
1309 3787 1494 3866 sequentes
1509 3804 1517 3846 :
1534 3803 1591 3850 oc·

408 3888 524 3953 cidens
542 3889 747 3972 puniebatur
761 3907 862 3971 poena
876 3887 1063 3964 ordinaria;
1083 3886 1189 3953 laicus
1206 3889 1337 3954 occisus
1359 3909 1455 3954 sacra
1476 3892 1591 3974 sepul·
1668 3879 1669 3882 ¹

407 4003 484 4064 tura
497 3999 701 4082 privabatur,
720 3999 783 4063 etsi
804 3999 974 4082 paenitens
997 4003 1076 4062 ante
1093 4005 1241 4064 mortem
1257 4001 1463 4083 suscepisset
1477 4019 1590 4066 sacra-

407 4113 524 4172 menta
537 4106 693 4171 Ecclesiae
713 4107 800 4170 :boc
810 4105 854 4169 ad
874 4109 1038 4169 terrorem
1053 4103 1198 4169 aliorum
1215 4111 1253 4190 (r.
1267 4109 1282 4170 l
1297 4107 1331 4170 h.
1346 4109 1381 4190 t.)

445 4215 786 4297 11.Pugnantesenm
802 4215 906 4279 tauris
922 4219 957 4277 et
967 4213 1041 4278 aliis
1055 4215 1172 4279 bestiis
1192 4234 1253 4300 pro
1278 4217 1435 4282 mercede
1457 4217 1589 4282 nebant

405 4323 551 4388 infamas
566 4322 697 4406 dejure
710 4321 799 4387 civili
813 4323 985 4397 Romano;
1010 4321 1051 4385 de
1073 4324 1152 4405 jure
1172 4324 1347 4400 canonico,
1378 4325 1407 4388 si
1423 4324 1470 4388 ibi
1489 4325 1589 4390 dece·

407 4430 500 4510 dant,
513 4430 692 4514 privantur
704 4429 878 4512 sepultura
893 4429 1130 4508 ecclesiastica,
1148 4435 1310 4515 tanquam
1324 4432 1496 4496 manifesti
1508 4451 1587 4515 pec

405 4541 538 4604 catores
552 4559 559 4601 :
574 4538 638 4622 ipsi
651 4556 734 4602 vero
754 4537 893 4613 domini,
917 4555 976 4601 seu
998 4537 1221 4619 agitationem
1245 4541 1431 4606 bestiarum
1445 4544 1587 4623 permit-

406 4651 529 4724 tentes,
542 4646 760 4711 incurrebant
773 4645 1172 4724 excommunicationem,
1185 4647 1349 4731 exaliqua
1360 4654 1468 4712 const.
1484 4648 1532 4711 Pii
1544 4651 1581 4714 V.

406 4753 531 4820 'lamen
557 4755 654 4836 Greg.
672 4753 743 4820 lllll
769 4758 803 4818 et
830 4753 984 4818 Clemens
1004 4751 1074 4816 Vlll
1091 4756 1305 4820 sustulerunt
1326 4755 1418 4820 illam
1443 4775 1584 4823 excom-
