3514 5564
547 596 635 644 ursan
657 595 794 654 ousarus
815 595 1038 644 nsensrsnnu.
1323 572 1378 640 131
1430 643 1438 658 ,

208 716 440 792 candentium,
460 715 615 800 adeoque
633 717 733 800 strips
748 716 812 779 erit
828 714 885 780 illa
900 730 1157 798 personasque
1171 711 1383 777 descendunt

208 823 256 890 llli
271 825 312 889 de
331 841 478 908 quorum
492 823 788 905 consanguinitate
810 815 982 906 t'puaeritur.
1007 820 1143 886 Grudm
1159 825 1212 887 est
1225 819 1385 886 distantia

210 935 311 998 unius
325 950 480 1016 personae
495 932 537 996 ab
551 931 668 996 altera.
685 931 787 996 Linea
809 935 861 995 est
883 929 1030 1014 duplex:
1047 930 1189 993 reatuin
1203 947 1269 1014 qua
1282 928 1384 995 collo-

209 1046 330 1106 cantur
343 1039 568 1104 asoendentes
584 1043 618 1103 et
637 1037 894 1116 descendentes,
909 1055 1056 1121 quorum
1070 1053 1159 1102 nnus
1174 1038 1216 1102 ab
1230 1037 1296 1102 alio
1310 1055 1386 1120 pro-

210 1149 300 1215 cedit
319 1167 380 1232 per
394 1147 565 1214 carnalem
583 1147 860 1234 generationem;
881 1145 1017 1230 obliqua
1031 1165 1091 1210 seu
1108 1149 1312 1222 transversa,
1327 1149 1387 1210 aut

210 1247 427 1332 collateralis,¹
440 1256 476 1319 in
492 1274 559 1340 qua
572 1253 781 1321 collocantur
801 1254 1058 1336 consanguinei,
1075 1253 1133 1338 qui
1147 1272 1168 1318 a
1182 1271 1219 1318 se
1240 1253 1387 1318 invicem
1516 1261 1520 1272 ·

212 1384 282 1431 non
295 1363 495 1448 procedunt,
518 1362 597 1428 lieet
619 1362 806 1447 procedant
829 1362 872 1426 ab
895 1379 964 1427 uno
983 1361 1158 1426 communi
1173 1361 1297 1445 stipite.
1313 1360 1387 1426 lam

212 1474 240 1538 si
262 1472 337 1537 duae
354 1490 511 1556 personae
533 1471 710 1556 aequaliter
732 1472 860 1536 distent
874 1490 895 1537 a
908 1469 1083 1536 communi
1098 1471 1222 1554 stipite,
1238 1489 1272 1534 v.
1284 1487 1318 1551 g.
1336 1488 1388 1534 se-

212 1581 324 1646 cundo
342 1581 463 1662 gradu,
476 1579 766 1646 dicunturesse-in
776 1580 868 1645 linea
878 1599 940 1644 sau
950 1579 1063 1663 potius
1077 1578 1112 1644 in
1122 1580 1230 1661 gradu
1245 1577 1384 1663 aquali:

213 1689 241 1752 si
264 1707 348 1754 vero
373 1688 587 1772 inaequaliter
607 1689 745 1765 distent,
771 1692 809 1752 nt
827 1707 928 1764 unns,
952 1707 985 1753 v.
1007 1704 1040 1769 g.
1062 1685 1224 1764 seeundo,
1247 1691 1281 1751 et
1302 1684 1387 1750 alter

213 1798 313 1862 tertio
342 1795 450 1879 gradu
479 1797 615 1862 recedat
640 1816 660 1863 a
690 1797 864 1863 communi
894 1796 1024 1880 stipite,
1061 1795 1220 1860 dicuntur
1252 1812 1328 1860 esse
1355 1796 1391 1858 in

213 1903 303 1970 linea
332 1917 393 1970 seu
420 1904 529 1986 gradu
561 1904 736 1989 inaequali3
764 1903 862 1972 velut
887 1903 1116 1970 communiter
1143 1897 1326 1989 loquimur,
1357 1904 1392 1967 in

212 2012 321 2094 gradu
342 2013 461 2090 mixto,
488 2032 522 2077 v.
547 2030 580 2095 g.
600 2013 637 2077 in
660 2013 769 2095 gradu
790 2013 889 2077 tertio
910 2013 1017 2078 mixto
1037 2030 1117 2078 cum
1142 2012 1303 2090 secunde,
1335 2017 1395 2077 aut

212 2122 334 2204 primo,
352 2126 415 2187 etc.

254 2231 353 2314 llesp.
374 2229 413 2294 In
433 2230 552 2296 ordine
571 2231 615 2296 ad
628 2230 846 2296 matrimonia
865 2231 1098 2297 contrahenda
1115 2232 1242 2313 gradus
1262 2233 1394 2319 dejure

214 2339 377 2403 canonico
392 2343 633 2423 computantur
648 2340 837 2405 secundum
853 2343 923 2406 tres
939 2359 1009 2424 seq.
1024 2339 1186 2421 regulas:
1285 2425 1287 2429 ,

254 2445 385 2528 Regula
399 2447 440 2510 1·.
457 2446 520 2511 Pro
541 2446 633 2512 linea
644 2451 738 2513 recta
756 2447 1016 2512 ascendentium
1038 2451 1073 2511 et
1087 2447 1391 2514 descendentium:

216 2577 232 2612 «ι
255 2553 417 2618 Tot'sunt
439 2553 578 2635 gradm,
600 2559 683 2638 quot
704 2560 784 2619 sunt
805 2555 1047 2636 generationes
1071 2579 1086 2612 »
1112 2573 1173 2621 seu
1196 2557 1391 2639 progenies,

214 2661 271 2727 vel
290 2687 305 2720 «
326 2667 410 2745 quot
423 2667 505 2727 sunt
517 2681 687 2746 personas,
703 2683 773 2728 una
788 2663 926 2748 dempta
949 2685 977 2742 »;
993 2685 1026 2730 v.
1044 2685 1077 2747 g.
1094 2683 1179 2732 avus
1200 2670 1234 2729 et
1255 2683 1319 2746 ago
1339 2683 1395 2728 su-

215 2789 293 2836 mus
307 2772 343 2836 iu
359 2771 508 2836 secundo
519 2772 638 2853 gradu,
655 2772 735 2856 quia
747 2772 803 2836 hic
812 2772 888 2837 duae
901 2774 1143 2855 generationes
1157 2773 1392 2838 intercedunt:

216 2898 285 2944 una
300 2899 367 2962 qus
384 2883 482 2962 pater
501 2897 600 2944 meus
615 2880 752 2961 genitus
774 2884 836 2956 ast,
861 2879 967 2945 ultera
982 2900 1049 2965 qua
1064 2899 1129 2962 ego
1144 2882 1280 2962 genitus
1296 2899 1393 2958 sum;

216 2987 272 3052 vel
286 2989 365 3071 quia
375 2993 456 3052 sunt
466 2993 535 3052 tres
544 3007 719 3073 persona:
737 2996 942 3072 avuapater
955 3007 1050 3053 meus
1065 2994 1099 3054 et
1114 3007 1198 3072 eqo:
1214 3007 1308 3072 ergo,
1326 3007 1395 3053 una

171 3093 177 3102 ’
218 3095 364 3179 dempta,
388 3099 568 3160 remanant
589 3095 684 3171 duae3
708 3100 743 3160 et
769 3114 906 3179 conseq.
935 3097 1002 3161 duo
1023 3097 1161 3178 gradus.
1184 3095 1343 3160 Similiter
1359 3096 1394 3158 in

217 3189 384 3268 descensu
408 3209 442 3268 et
461 3221 605 3269 ascensu
624 3203 663 3266 lit
679 3203 889 3286 computatio
907 3223 914 3266 :
932 3204 1000 3267 sint
1014 3204 1121 3286 stipes
1138 3202 1237 3285 Cujus
1253 3208 1287 3268 et
1303 3201 1392 3287 Cuju,

218 3329 338 3376 eorum
364 3315 514 3396 majores
543 3317 644 3376 erunt
668 3331 676 3374 :
705 3312 738 3374 1ο
760 3315 858 3395 pater
882 3317 916 3376 et
938 3317 1068 3388 mater;
1094 3313 1126 3376 2⁰
1150 3331 1235 3377 avus
1261 3316 1295 3376 et
1319 3311 1394 3376 avia

217 3420 250 3483 3⁰
266 3438 425 3504 proavus,
442 3419 598 3504 proavia;
614 3420 646 3483 4⁰
661 3419 802 3498 abavus,
823 3420 953 3485 abavia.
969 3420 1221 3486 Descendentes
1236 3437 1318 3485 varo
1334 3439 1394 3484 sau

218 3529 346 3612 posteri
368 3533 493 3592 erunt:
517 3529 549 3591 1ο
571 3526 674 3604 illius,
697 3527 782 3604 fllia;
804 3527 837 3590 2⁰
856 3545 975 3610 nepos,
1004 3528 1133 3611 neptis;
1158 3528 1190 3591 3ο
1211 3545 1392 3611 pronepos,

218 3637 411 3719 proneptis;
434 3636 466 3699 4⁰
493 3635 661 3720 abnepos,
686 3635 859 3719 abneptis,
887 3640 970 3711 etc.;
997 3635 1055 3698 ubi
1079 3634 1175 3700 vides
1197 3640 1248 3700 tot
1268 3635 1395 3717 gradus

220 3750 303 3828 quot
321 3749 401 3808 sunt
419 3744 660 3825 generationes
675 3762 736 3810 seu
756 3748 840 3827 quot
861 3748 943 3806 sunt
963 3761 1135 3827 persona,
1157 3763 1226 3809 una
1246 3744 1393 3828 dempta.

220 3850 387 3916 Gaeterum
408 3852 510 3916 unius
528 3852 760 3932 generationis
774 3849 870 3915 liberi
892 3867 1013 3916 omnes
1028 3851 1063 3916 in
1078 3851 1200 3918 eodem
1214 3852 1323 3933 gradu
1337 3870 1396 3937 po-

220 3964 364 4035 nuntur,
380 3977 413 4023 v.
430 3977 463 4040 g.
481 3977 601 4024 omnes
615 3959 676 4024 lilii
691 3964 725 4023 et
740 3959 818 4024 llliae
831 3959 867 4022 in
881 3959 992 4043 primo
1005 3959 1124 4041 gradu,
1143 3965 1205 4024 etc.

260 4066 390 4150 Regula
404 4066 447 4130 Ψ.
462 4065 526 4131 Pro
539 4065 630 4132 linea
639 4071 835 4132 transversa
847 4066 986 4150 aequali:
999 4091 1015 4125 (ι
1027 4066 1243 4132 collaterales
1258 4073 1309 4134 tot
1322 4088 1397 4151 gra-

222 4173 321 4239 dibus
335 4174 463 4239 distant
475 4174 566 4238 inter
580 4193 628 4251 se,
646 4179 729 4258 quot
741 4173 902 4256 gradibus
913 4179 1057 4258 uterque
1072 4175 1174 4240 distat
1189 4195 1209 4240 a
1224 4179 1398 4242 communi

222 4283 352 4365 stipite;
371 4307 386 4342 »
404 4299 649 4365 namparsonae
664 4282 738 4346 istae
750 4298 821 4345 non
835 4281 932 4348 aliter
947 4282 1009 4345 sibl
1026 4287 1107 4348 sunt
1119 4286 1395 4366 consanguineae,

222 4391 287 4455 nisi
302 4395 470 4476 quatenus
486 4391 690 4471 sanguinem
710 4391 850 4454 trahunt
872 4390 915 4455 ab
938 4390 1059 4456 eodem
1074 4394 1248 4457 communi
1263 4394 1375 4477 stipite
1388 4415 1395 4469 ;

222 4517 305 4580 ergo
322 4502 457 4563 tantum
472 4497 600 4562 distant
616 4497 705 4562 inter
721 4515 769 4574 se,
785 4502 950 4581 qnantum
965 4497 1127 4565 distenta
1148 4502 1321 4565 communi
1342 4503 1398 4564 sti-

222 4605 302 4688 pite.
329 4605 382 4670 Sic
405 4623 467 4690 per
494 4604 698 4670 descensum
719 4605 756 4668 in
781 4605 812 4668 l·
831 4595 940 4686 gradu
959 4611 1040 4670 sunt
1067 4627 1075 4670 ε
1100 4608 1222 4673 iratres
1242 4611 1396 4690 germani

222 4731 302 4778 curn
317 4715 491 4779 sororibus
505 4713 689 4796 germanis,
706 4712 763 4796 qui
782 4713 824 4777 ab
838 4711 960 4779 iisdem
976 4715 1175 4796 parentibus
1189 4718 1395 4800 procedunt;
