3508 5568
396 593 436 658 ro
852 609 905 657 rus
926 605 1106 657 canonicor.

395 728 483 806 §ssm
500 726 533 790 h.
559 727 606 808 t).
624 725 682 790 Est
694 729 810 791 autem
830 725 982 792 terendae
1006 723 1186 792 sententiae
1206 724 1250 788 ob
1274 724 1417 790 verbum
1435 741 1571 810 snspen-

398 835 512 916 dotur,
527 854 639 921 neque
654 833 951 924 privatiructihus,
963 852 1042 899 cum
1057 837 1191 898 tantum
1206 832 1251 897 sit
1263 833 1305 898 ab
1321 831 1444 908 officio,
1459 836 1571 896 etuou

397 945 574 1010 beneflcio.
589 944 666 1009 llaec
678 962 782 1028 poena
796 962 857 1027 pro
871 961 1031 1028 casuque
1049 941 1184 1007 omissae
1202 945 1283 1006 aunt
1297 940 1572 1007 denuntiationes

397 1055 507 1120 adhuc
521 1053 622 1119 hodie
637 1053 746 1128 durat,
763 1070 842 1117 eum
852 1050 1246 1136 nonreperiaturallid.
1258 1054 1419 1115 correcta.
1431 1049 1573 1115 aruo-

397 1163 493 1240 chus‚
509 1160 566 1226 vel
579 1161 621 1225 de
637 1163 712 1244 ejus
724 1158 862 1224 licentia
886 1159 973 1227 alius
990 1159 1148 1226 sacerdos
1171 1159 1335 1226 assistens
1353 1157 1572 1224 matrimonio

398 1269 609 1335 clandestino
629 1271 673 1334 ob
693 1269 864 1334 defectum
879 1269 1018 1334 testium
1038 1270 1185 1334 duorum
1205 1268 1262 1334 vel
1282 1268 1400 1345 trium,
1421 1267 1574 1350 subjacet

403 1378 588 1444 arbitrariae
600 1395 712 1462 poenae
727 1378 769 1442 ab
783 1378 942 1461 episcopo
956 1377 1161 1460 infligenda,
1178 1396 1221 1442 ex
1236 1375 1323 1441 l'rid.
1337 1393 1420 1440 sess.
1432 1375 1482 1451 al,
1496 1391 1524 1439 e.
1542 1376 1571 1448 l,
1586 1440 1593 1450 ,

400 1487 442 1552 de
452 1487 526 1568 Res.
543 1495 658 1563 matr„
677 1487 734 1550 ubi
749 1488 852 1564 etiam
865 1487 922 1551 tali
937 1504 1047 1570 poenea
1061 1486 1288 1569 subjiciuntur
1300 1488 1406 1550 testes
1422 1483 1495 1548 siue
1516 1501 1574 1566 pa-

399 1595 503 1660 rocho
518 1596 762 1660 interessentes
776 1595 1005 1660 matrimonio.
1023 1594 1060 1659 lu
1074 1595 1139 1659 hoc
1152 1597 1268 1659 autem
1281 1611 1364 1658 casu
1383 1611 1454 1658 non
1472 1591 1576 1658 habet

396 1703 511 1770 locum
525 1703 700 1768 triennalis
720 1706 899 1788 suspensio
920 1705 988 1770 lata
1005 1706 1061 1770 cit.
1081 1723 1110 1770 c.
1133 1704 1191 1768 ssu.
1207 1705 1241 1768 h.
1258 1709 1295 1780 t,
1319 1710 1390 1768 turn
1412 1702 1574 1787 quiahoc

399 1831 472 1896 cap.
490 1811 642 1896 loquitur
668 1812 710 1877 de
735 1805 966 1879 sacerdotibus
992 1812 1229 1898 copulantibus
1253 1813 1326 1878 siue
1348 1810 1574 1877 denuntiatio-

398 1923 511 1999 nibus,
537 1927 611 1986 tum
627 1923 716 2006 quia,
736 1923 815 1988 licet
840 1923 932 1988 idem
954 1942 1027 2008 cap.
1050 1921 1251 2008 procederet
1275 1923 1317 1987 de
1337 1921 1574 2006 copulantibus

401 2031 475 2096 sine
493 2048 638 2094 numero
663 2031 812 2108 testium,
836 2035 951 2097 tamen
973 2050 1076 2115 pmna
1099 2029 1275 2096 triennalis
1300 2028 1534 2113 suspensionis
1555 2047 1576 2094 a

400 2137 487 2202 Trid.
513 2137 724 2204 commutata
747 2142 800 2202 eat
821 2139 857 2202 in
879 2156 1018 2223 poenam
1039 2138 1271 2226 arbitrariam;
1293 2135 1462 2221 siquidem
1485 2155 1576 2202 nova

401 2263 612 2328 poenanovae
627 2247 778 2310 materia
794 2251 926 2311 etnovo
942 2245 1063 2311 delicto
1076 2246 1231 2330 apposita
1243 2244 1477 2328 tollitpoeuam
1488 2245 1576 2328 prio-

376 2389 379 2410 ·
404 2373 479 2421 rem
498 2351 595 2420 alteri
614 2353 777 2432 materiae,
801 2359 836 2419 et
850 2354 971 2421 dilecto
986 2357 1196 2439 appositam3
1218 2355 1278 2420 sed
1300 2356 1354 2420 hio
1368 2371 1458 2419 nova
1473 2371 1576 2437 poena

401 2463 585 2545 apponitur
598 2480 698 2528 novae
712 2463 864 2528 materiae
881 2467 914 2527 et
927 2481 1018 2528 novo
1035 2461 1156 2528 delicto
1173 2484 1181 2527 ε
1197 2480 1277 2527 nam
1297 2468 1376 2528 anta
1398 2461 1485 2528 Trid.
1508 2455 1575 2528 tale

401 2571 659 2637 matrimonium
672 2570 789 2648 valuit,
806 2576 884 2654 post
897 2571 979 2636 illud
994 2590 1065 2638 nou
1078 2571 1189 2649 valet;
1207 2589 1300 2654 ergo.

441 2679 541 2763 Resp.
557 2681 587 2744 3.
603 2679 766 2746 Sacerdos
781 2681 962 2756 saecularis,
979 2680 1036 2746 vel
1059 2681 1237 2763 regularis,
1262 2681 1320 2765 qui
1341 2681 1415 2746 sine
1440 2679 1576 2746 licentia

401 2789 529 2872 proprii
550 2789 689 2870 parochi
709 2807 813 2854 ausus
836 2790 938 2854 luerit
960 2792 1170 2872 conjungere
1195 2808 1350 2873 sponsos,
1377 2789 1433 2853 vel
1456 2805 1576 2853 eorum

401 2898 538 2979 nuptias
561 2897 772 2974 benedicere,
790 2900 941 2964 incurret
958 2899 1032 2982 ipso
1055 2901 1133 2982 jure
1155 2899 1417 2982 suspensionem
1441 2897 1573 2972 tandiu,

403 3004 553 3088 quandiu
563 3005 782 3071 abordinario
790 3005 880 3072 illius
890 3007 1028 3090 parochi
1036 3007 1287 3073 absolutionem
1294 3026 1365 3072 uon
1375 3005 1574 3071 obtinuerit:

402 3111 489 3176 Trid.
506 3113 561 3177 cit.
579 3129 662 3178 aess-
678 3114 728 3191 cl,
743 3133 772 3179 c.
790 3115 819 3192 l,
837 3115 878 3179 dc
891 3115 967 3198 Res.
984 3123 1100 3195 matr„
1120 3114 1166 3178 ibi
1183 3135 1191 3177 ε
1209 3113 1376 3192 «Quodsi
1391 3114 1577 3198 quisparo-

403 3221 499 3285 chus.
516 3245 532 3278 »
548 3220 687 3286 Videtur
698 3229 814 3288 autem
830 3224 1009 3306 suspensio
1021 3223 1186 3300 ismioni,
1201 3242 1271 3288 nou
1286 3227 1324 3288 ut
1335 3241 1420 3306 pura
1433 3239 1578 3286 censura

405 3332 553 3413 etpoena
574 3331 794 3408 medicinalis,
817 3332 877 3397 sed
898 3338 934 3396 ut
957 3351 1059 3416 poena
1084 3332 1287 3398 vindicativa
1306 3331 1428 3415 prioris
1452 3329 1574 3406 delicti,

403 3454 483 3501 cum
498 3441 573 3520 eJ'us
589 3437 755 3504 absolutio
769 3439 886 3505 relicta
899 3440 943 3503 sit
957 3439 1095 3505 arbitrio
1110 3440 1267 3524 episcopi.

446 3545 610 3612 Sacerdos
621 3546 751 3612 alienus
763 3565 806 3612 ex
821 3547 1034 3631 simplicitate
1047 3548 1103 3613 vel
1117 3547 1318 3630 ignorantia,
1334 3547 1437 3612 etiam
1451 3565 1575 3625 crassa,

404 3653 508 3719 modo
521 3673 593 3718 non
605 3655 648 3718 sit
660 3656 781 3739 supina
795 3662 829 3722 et
843 3657 1009 3734 affectata,
1026 3658 1074 3722 ita
1083 3657 1246 3721 assistens
1258 3657 1488 3734 matrimonio,
1507 3675 1577 3722 non

404 3760 546 3826 incurrit
560 3762 684 3827 dictam
698 3765 959 3846 suspensionem
973 3784 994 3830 a
1007 3765 1094 3830 Trid.
1115 3764 1219 3830 latam
1235 3785 1241 3827 :
1258 3765 1306 3829 ita
1319 3765 1477 3843 Sanchcz,
1500 3765 1578 3829 Bar-

405 3873 489 3935 bosa
508 3875 544 3936 et
561 3870 628 3948 alii,
654 3888 735 3935 uam
756 3872 843 3936 l'rid.
868 3871 1020 3958 loquitur
1044 3873 1087 3938 de
1107 3873 1283 3939 sacerdote
1306 3871 1578 3957 praesumptuose

406 3983 441 4044 et
458 3979 636 4044 temerarie
650 3979 841 4056 assistente,
859 3985 897 4044 ut
913 3985 1007 4065 patet
1028 4000 1072 4047 ex
1085 3983 1192 4047 verbo
1212 4001 1315 4045 nunu
1337 3983 1458 4063 facerit,
1487 3981 1579 4064 quod

408 4087 589 4154 temeraria
597 4087 811 4153 maudaciam
822 4094 857 4153 et
867 4089 1171 4174 presumptionem
1182 4090 1348 4172 significat
1362 4090 1404 4154 tl.
1416 4089 1487 4156 Vlll
1503 4111 1536 4152 :a
1545 4089 1579 4154 Si

408 4198 483 4282 quis
493 4197 672 4292 intentam
682 4199 878 4281 pervenerit
892 4198 1079 4276 audaciam,
1091 4224 1106 4257 a
1122 4216 1151 4263 e.
1172 4199 1266 4264 Unde
1280 4201 1323 4266 υἱ.
1334 4199 1438 4265 Autlr.
1449 4199 1576 4279 dubita,

405 4323 435 4370 c.
447 4303 500 4373 Ne
512 4304 604 4386 filius
611 4323 673 4390 pro
684 4313 797 4390 patre,
812 4306 859 4370 ibi
877 4325 908 4368 :«
922 4305 964 4371 Ut
976 4306 1090 4371 nullus
1105 4307 1146 4372 de
1155 4312 1277 4373 caetero
1285 4313 1356 4372 tam
1364 4308 1476 4374 audax
1486 4309 1578 4375 inve·

378 4416 382 4422 '
410 4413 534 4489 niatur,
553 4437 568 4470 »
585 4400 729 4477 erased
752 4413 809 4496 qui
830 4413 957 4478 assistit
973 4433 1015 4478 ax
1029 4413 1241 4498 simplicitate
1257 4420 1292 4480 et
1304 4417 1497 4498 ignorantia
1509 4435 1581 4483 mo·

410 4518 523 4584 dicum
541 4537 665 4596 crassa,
682 4538 753 4585 non
774 4521 902 4585 assistit
919 4527 1191 4605 presumptuose
1209 4527 1243 4588 et
1266 4524 1445 4590 temerarie
1469 4545 1476 4588 :
1500 4542 1581 4590 nam

408 4626 517 4692 adhuc
529 4627 727 4708 ignoranter
738 4629 828 4704 facit,
846 4633 880 4693 ot
891 4647 961 4694 nou
976 4631 1132 4708 scienter,
1146 4632 1237 4714 quod
1247 4633 1432 4717 requiritur
1441 4634 1483 4699 ad
1496 4652 1581 4716 prm-

409 4735 639 4821 sumptionem
654 4741 689 4802 et
703 4737 953 4813 temeritatem;
970 4756 1051 4823 ergo
1071 4757 1140 4808 non
1161 4739 1302 4807 incurrit
1315 4741 1416 4810 istam
1440 4761 1580 4832 suspen-
