3508 5568
513 589 601 640 amaa
622 587 760 648 coimus
780 587 1002 639 onerarium.
1309 567 1347 635 6'i

175 735 191 768 o
209 709 352 787 duobus,
369 710 425 777 vel
439 710 551 776 trihus
561 711 706 776 testibus
722 730 729 774 :
748 735 764 770 ‚,
779 711 838 775 ubi
851 728 912 793 pro
928 709 1071 774 testibus
1086 706 1180 774 nulla
1193 705 1348 791 specialis

175 817 319 904 qualitas
334 819 554 906 exprimitur3
571 839 654 903 ergo
669 837 733 885 nac
745 837 808 885 nos
822 819 915 884 illam
929 818 1102 902 requirere
1117 817 1291 893 dehemus,
1305 833 1349 880 ne

105 1003 107 1008 ³
174 930 285 1012 magis
298 930 335 994 in
356 930 420 995 hac
441 929 585 995 materia
606 929 810 996 correctoria
832 927 1033 994 recedamus
1054 945 1075 992 a
1096 928 1175 1010 jure
1189 923 1346 991 naturali.

174 1037 271 1103 Ratio
286 1055 438 1120 congma
452 1040 515 1115 est,
537 1038 617 1122 quia
632 1038 730 1103 lavor
746 1037 953 1102 matrimonii
964 1036 1117 1120 exposcit
1129 1039 1232 1100 testes
1245 1035 1348 1099 etiam

174 1145 289 1210 miuus
310 1145 452 1220 habiles,
474 1144 524 1210 uti
546 1148 628 1210 sunt
648 1145 797 1222 feminae,
823 1145 985 1220 minores,
1006 1144 1151 1208 infames
1171 1149 1253 1225 (arg.
1269 1160 1298 1206 o.
1317 1141 1347 1216 6,

175 1254 217 1319 de
230 1251 369 1332 Haeret,
378 1254 476 1337 inii),
488 1272 532 1318 ne
546 1253 774 1337 praecludatur
787 1254 843 1320 via
852 1253 1093 1319 contrahendis
1103 1251 1348 1327 matrimoniis;

174 1363 324 1428 maxime
352 1381 432 1427 oum
454 1363 566 1427 minor
588 1361 757 1427 idoneitas
779 1362 919 1432 testium
941 1360 1144 1444 regulariter
1167 1361 1352 1443 adjuvetur
1449 1402 1455 1412 -

175 1467 421 1554 perexcellens
435 1470 670 1535 testimonium
684 1470 832 1554 parochi.
849 1469 944 1534 Unde
961 1469 997 1534 in
1010 1470 1076 1534 hoo
1089 1473 1265 1535 contractu
1279 1485 1352 1532 ces-

176 1587 230 1646 sat
247 1581 396 1646 edictum
414 1579 675 1663 prohibitorium
690 1579 731 1644 de
745 1579 889 1644 testibus
912 1578 934 1640 l.
951 1577 964 1640 l
982 1582 1017 1641 et
1037 1596 1121 1661 seq,
1138 1577 1174 1640 il.
1192 1576 1237 1641 de
1249 1575 1348 1655 Test,

176 1707 250 1754 can.
267 1688 302 1766 l,
317 1687 462 1766 Placuit,
480 1686 510 1765 i,
532 1706 563 1771 q.
587 1687 617 1764 3,
633 1705 662 1750 c.
678 1686 729 1762 98,
750 1685 792 1750 de
811 1685 969 1770 Sponsol.
986 1683 1044 1750 llis
1058 1703 1129 1750 non
1143 1685 1256 1750 obstat
1271 1703 1299 1749 c.
1318 1684 1348 1762 l,

176 1797 218 1862 de
234 1797 417 1880 Consonp,
431 1813 511 1860 nam
531 1795 578 1859 ibi
592 1812 663 1860 non
682 1793 795 1878 agitur
815 1793 857 1859 da
883 1793 1129 1876 contrahendo,
1155 1792 1217 1860 sed
1235 1789 1352 1857 dissol-

176 1905 289 1970 vendo
303 1903 542 1980 matrimonio;
564 1921 643 1986 ,quae
667 1900 856 1981 dissolutio,
880 1920 923 1968 ne
946 1903 1006 1966 ilat
1025 1919 1105 1966 cum
1128 1899 1353 1974 irreverentia
1454 1897 1461 1909 “

177 2012 261 2078 tanti
275 2011 490 2088 sacramenti,
507 2011 613 2093 exigit
627 2014 732 2076 testes
750 2011 843 2076 omni
858 2010 1059 2093 exceptione
1073 2011 1234 2094 majores.

207 2191 261 2244 vll.
279 2189 384 2256 Qualis,
406 2191 435 2243 et
455 2189 485 2242 iu
501 2200 557 2254 quc
570 2189 632 2242 loco
645 2187 748 2242 debeat
763 2201 826 2242 esse
840 2185 992 2252 prasentia
1006 2187 1124 2254 unrochi
1142 2189 1171 2242 at
1183 2187 1322 2242 osuumr

216 2337 316 2420 Resp.
331 2338 360 2401 i.
378 2335 562 2401 Praesantia
574 2335 641 2402 ista
661 2353 732 2401 non
756 2335 858 2402 debet
883 2355 959 2403 esse
975 2337 1069 2403 mere
1094 2336 1244 2421 physica,
1266 2335 1353 2400 sicut

178 2449 230 2509 ast
244 2442 497 2521 dormientium,
515 2445 686 2509 ebriorum
699 2464 706 2521 ;
721 2445 782 2510 sed
795 2442 945 2522 moralis,
962 2449 1000 2509 ut
1010 2447 1115 2510 testes
1125 2445 1240 2511 adsint
1247 2443 1352 2510 modo

85 2551 89 2560 '
177 2553 339 2630 humano,
363 2557 398 2618 et
417 2551 610 2633 intelligant
633 2550 714 2636 quid
732 2556 869 2634 agotum
896 2571 967 2618 non
990 2572 1085 2618 mera
1109 2551 1255 2618 casualis
1280 2552 1353 2616 sine

178 2660 390 2728 advertentis
410 2683 417 2725 :
437 2662 465 2726 si
483 2665 598 2726 tamen
612 2665 718 2726 testes
732 2662 790 2745 qui
805 2680 886 2728 casu
901 2662 1127 2743 advenerunt,
1147 2663 1354 2728 admonean-
1416 2737 1418 2744 Α

178 2776 234 2836 tur
266 2789 287 2836 a
321 2769 455 2862 sponsis
481 2775 518 2834 ut
549 2769 729 2834 attendant
760 2773 949 2837 contractui
976 2771 1192 2852 celebrando,
1228 2771 1354 2836 sufficit

178 2895 298 2946 eorum
312 2878 558 2954 testimonium,
574 2895 653 2942 cum
667 2897 729 2961 per
738 2896 798 2945 eos
809 2880 945 2962 probari
956 2881 1065 2963 possit
1074 2881 1352 2946 matrimonium:

177 2987 224 3050 ita
248 2987 371 3070 sapius
395 2983 519 3050 decidit
542 2984 574 3050 S.
602 2985 768 3068 congreg.
794 2986 841 3051 0b
865 2987 1022 3054 eamdem
1039 2990 1208 3054 rationem
1229 2987 1355 3057 suflicit

176 3095 359 3177 praesentio
378 3093 516 3178 parochi
536 3099 571 3158 et
596 3092 735 3158 testium
757 3095 792 3158 vi
811 3098 871 3160 out
894 3095 972 3161 dolo
997 3100 1140 3174 extorta,
1166 3102 1205 3161 ut
1227 3115 1351 3163 comm.

177 3208 271 3270 tenet
283 3208 403 3268 contra
415 3202 592 3284 Seguram,
614 3207 649 3266 et
663 3203 789 3286 saepius
805 3203 988 3269 declaravit
999 3204 1032 3268 S.
1043 3204 1178 3286 Gongr.;
1195 3205 1355 3270 namhoc

177 3311 292 3388 modo,
308 3328 387 3375 cum
399 3309 536 3394 probati
550 3309 659 3394 possit
672 3310 940 3387 matrimonium,
966 3311 1138 3376 obtinetur
1160 3312 1354 3400 principalis

176 3421 255 3484 linis
268 3418 474 3496 Tridentini3
491 3423 526 3484 et
540 3419 675 3485 chundo
690 3419 885 3486 voluntaria
903 3421 1086 3504 praesentia
1108 3419 1227 3485 nullibi
1243 3423 1352 3504 ajure

177 3527 361 3614 requiritur
398 3529 440 3595 ad
471 3529 624 3596 valorem
652 3530 871 3596 matrimonii.
904 3531 975 3596 lluc
1010 3531 1102 3596 volet
1133 3530 1218 3595 illud
1248 3530 1353 3596 luris-

178 3636 324 3702 consulti
339 3635 405 3720 (lib.
428 3635 530 3714 calx,
551 3637 587 3700 il.
606 3637 647 3703 cte
666 3637 701 3704 V.
719 3637 772 3720 S.)
789 3658 825 3702 :u
842 3637 944 3716 Scire,
964 3657 1035 3705 non
1047 3638 1356 3706 atiamvelleisde·
1385 3643 1388 3650 '

179 3745 247 3822 het,
263 3763 343 3811 cum
357 3762 398 3812 eo
413 3744 522 3812 invito
536 3749 628 3812 recte
642 3745 692 3810 iit.
711 3771 727 3804 »

215 3911 321 3990 Dices:
342 3909 386 3970 ild
409 3912 616 3972 auctoritatem
638 3913 840 3986 prestandum
866 3915 1029 3989 requiritur
1053 3914 1213 3987 praesentia
1234 3914 1356 3972 moralis

179 3999 347 4060 secundum
361 4001 544 4060 intellectum
559 4008 590 4060 et
600 4003 806 4076 voluntatem
823 4010 910 4078 puta,
928 4009 961 4062 ut
977 4005 1047 4078 quis
1060 4003 1136 4063 sciat
1150 4009 1179 4062 et
1193 4003 1265 4062 velit
1283 4017 1354 4062 con·

178 4090 378 4149 tractumiieri
394 4091 454 4161 (lib.
470 4092 523 4150 lin
537 4091 609 4164 fine,
625 4091 656 4152 tf.
668 4092 798 4154 delum.
811 4095 891 4168 tot.);
906 4095 960 4154 sed
970 4092 1356 4167 parochusnomineaccte-

178 4179 232 4238 siae
246 4179 333 4238 dehet
351 4186 493 4252 prestare
507 4180 715 4240 auctoritatem
737 4183 940 4254 matrimonio,
956 4189 987 4241 ot
1000 4197 1132 4255 sponsos
1147 4181 1288 4260 copulare
1303 4195 1356 4252 per

179 4265 285 4327 verba:
302 4291 318 4320 «
330 4271 391 4344 Ego
403 4284 458 4328 vos
473 4271 738 4344 conjungendos
748 4285 830 4346 ergo.
841 4271 1014 4345 nespuist.
1030 4272 1103 4328 min.
1113 4269 1355 4343 Debetpraestare

180 4356 217 4415 de
226 4357 285 4416 ritu
294 4357 481 4430 accidentali,
495 4374 646 4432 conc.m.;
663 4361 699 4418 de
709 4360 769 4419 ritu
783 4359 973 4420 substantiali
985 4359 1162 4419 advolarem
1172 4359 1355 4417 matrimonii

180 4447 336 4521 requisito,
360 4463 391 4506 n.
413 4463 452 4506 m.
472 4450 639 4510 Auctoritas
658 4450 779 4524 parochi
804 4457 851 4510 est
871 4452 971 4511 solum
992 4450 1069 4509 ritus
1090 4441 1303 4523 accidentalis;
1327 4456 1355 4508 et

180 4551 267 4596 cons.
289 4539 413 4611 sciente,
437 4539 532 4600 invito
553 4539 692 4614 parocho,
713 4542 810 4602 valide
830 4541 1016 4600 contrahitur
1038 4541 1274 4613 matrimonium,
1295 4555 1355 4600 non

180 4631 280 4686 umen
294 4627 393 4699 licite;
407 4629 480 4702 quia
492 4629 621 4703 parocho
635 4636 737 4690 coacto
750 4630 903 4705 injuriam,
923 4638 953 4690 et
964 4635 1113 4704 precepto
1127 4630 1269 4690 Ecclesiae
1283 4645 1357 4690 con-

179 4718 470 4790 temptuminleruut
481 4737 488 4777 :
500 4733 535 4780 ac
546 4719 672 4793 proinde
682 4721 724 4780 ita
736 4721 941 4781 contrahendo
956 4721 1086 4796 graviter
1100 4727 1251 4796 peccatur.
1267 4721 1357 4784 Simi-
