3500 5552
578 512 662 557 nana
684 512 810 566 ourrros
832 515 1050 564 oneraremus.
1350 501 1411 564 aas
1493 565 1496 572 ,

233 631 279 696 tia
297 645 359 694 sua
381 626 543 691 roborare
562 628 830 710 matrimonium,
854 635 923 721 imo
939 642 973 700 et
985 635 1097 700 valide
1110 637 1263 700 conferre
1280 635 1412 699 absolu-

233 739 361 804 tionem
381 743 672 820 sacramentalem,
695 744 817 808 saltem
844 745 873 808 ei
897 763 967 809 non
990 750 1042 809 eet
1064 743 1267 810 nominatim
1283 743 1412 808 denun-

232 847 345 928 tiatus,
362 855 401 916 ut
414 849 539 918 docent
552 850 686 929 suarez,
704 853 886 930 Bonacina,
902 859 964 919 etc.

439 1083 550 1145 Qum.
565 1085 597 1137 v.
617 1086 655 1138 De
674 1083 929 1150 dispensationem
944 1080 1207 1148 irregularitatibus.

623 1250 641 1299 l.
658 1249 790 1300 delecatio
804 1249 1014 1314 irrepulorttcttr.

271 1389 514 1472 lrregularitas,
540 1393 660 1457 saltem
680 1398 856 1477 perpetua,
881 1394 1015 1460 nonnisi
1037 1413 1097 1475 per
1118 1393 1408 1478 dispensationem

231 1495 412 1575 relaxatur,
440 1505 475 1562 et
496 1500 558 1564 sub
582 1501 648 1565 hoc
669 1501 772 1566 etiam
792 1505 949 1584 respectu
972 1501 1085 1566 differt
1108 1520 1128 1565 a
1151 1509 1305 1577 censura,
1334 1521 1408 1585 quae

231 1604 360 1667 tollitur
372 1625 433 1688 per
445 1606 705 1672 absolutionem.
722 1608 839 1684 Quoad
851 1608 1086 1692 temporalem,
1101 1609 1185 1673 citra
1194 1608 1302 1672 ullum
1317 1609 1409 1673 aliud

230 1714 420 1778 remedium
434 1713 531 1798 lapsu
547 1717 710 1798 temporis
726 1721 846 1781 cessat.
865 1717 986 1793 Quare,

270 1822 301 1884 1⁰
317 1819 476 1906 Sequitur
495 1822 625 1886 nullam
645 1822 931 1904 irregularitatem
948 1822 1116 1905 baptismo
1131 1823 1214 1886 tolli.
1231 1823 1408 1888 Nonnullis

229 1928 354 2012 placuit
369 1929 480 1994 dicere
495 1930 703 2013 baptismum
717 1947 792 1994 esse
813 1931 963 2013 aliquem
975 1929 1117 1994 modum
1133 1948 1200 2015 quo
1215 1930 1425 2013 irregulari»

231 2042 281 2100 tas
303 2038 478 2102 aboletur:
496 2039 582 2104 ratio
605 2044 668 2115 est,
686 2041 765 2122 quia
787 2039 927 2103 infamia
940 2039 1031 2114 facti,
1055 2039 1157 2103 etiam
1172 2038 1229 2104 illa
1250 2059 1325 2124 quae
1348 2059 1409 2124 per

229 2144 449 2210 homicidium
475 2147 695 2222 contrahitur,
718 2145 848 2210 tollitur
873 2165 934 2229 per
957 2145 1174 2229 baptismum.
1202 2147 1249 2212 Re
1272 2149 1407 2231 penitus

230 2255 390 2338 inspecta,
403 2256 623 2320 manifestum
634 2260 773 2322 estante
781 2256 989 2340 baptismum
998 2255 1282 2337 irregularitatem
1295 2257 1408 2322 locum

230 2381 299 2426 non
313 2364 449 2440 habere,
466 2381 545 2428 cum
559 2362 847 2429 Ecclesia'nullam
864 2363 1137 2448 jurisdictionem
1153 2365 1279 2429 babeat
1298 2365 1334 2429 in
1349 2384 1408 2430 ecs

231 2470 288 2551 qui
302 2474 382 2534 sunt
396 2475 492 2535 extra
506 2471 688 2536 Ecclesiam
700 2491 706 2546 ;
722 2471 827 2552 igitur
841 2490 911 2536 non
930 2471 1129 2554 baptizatus,
1145 2472 1202 2554 qui
1212 2471 1314 2536 nullis
1325 2471 1408 2553 legi-

230 2577 294 2640 bus
311 2578 544 2644 ecclesiasticis
559 2579 791 2660 adstringitur,
809 2595 872 2644 nec
891 2578 938 2643 illi
954 2579 1145 2661 particulari
1164 2579 1232 2662 legi
1247 2579 1408 2662 irregula·
1480 2629 1484 2636 .

231 2686 366 2751 ritatem
381 2687 554 2753 inducenti
568 2688 737 2753 obnoxius
753 2706 829 2751 esse
843 2691 966 2770 potest.

270 2795 512 2861 Verumtamen
532 2803 612 2861 eunt
629 2796 732 2880 aliqui
753 2796 904 2860 defectus
921 2801 1000 2860 ante
1015 2797 1223 2878 baptismum
1244 2797 1407 2860 contracti

231 2905 288 2987 qui
302 2910 483 2970 remanent
496 2907 532 2968 in
545 2906 725 2989 baptizato,
742 2911 777 2968 et
790 2908 912 2969 natura
927 2923 1073 2987 quorum
1087 2905 1306 2968 constituitur
1327 2904 1406 2966 irre-

229 3012 358 3092 gularis
375 3033 382 3075 :
399 3018 437 3076 ut
451 3013 479 3077 si
495 3015 683 3096 baptizatus
698 3017 799 3077 antea
810 3013 913 3077 luerit
924 3012 1091 3093 bigamus,
1105 3031 1245 3095 corpore
1257 3013 1405 3088 vitiatus,

230 3119 438 3201 illegitimae,
462 3121 597 3185 infamis
617 3121 756 3185 infamia
776 3120 863 3202 juris
881 3121 961 3202 (non
986 3120 1126 3185 infamia
1144 3120 1234 3195 iacti,
1258 3137 1332 3202 quae
1347 3138 1408 3202 per

230 3226 438 3310 baptismum
460 3227 635 3310 aboletur).
660 3227 725 3292 Sed
750 3227 806 3291 isti
830 3227 983 3291 deiectus
1006 3246 1076 3291 non
1097 3245 1166 3310 prae
1190 3245 1226 3290 se
1252 3226 1407 3290 ferebant

217 3340 387 3414 ,naturam
401 3334 658 3416 irregularitatis
674 3338 753 3399 ante
769 3334 1022 3416 susceptionem
1033 3335 1202 3417 baptismi,
1221 3339 1255 3397 et
1268 3333 1407 3397 infamia

229 3443 319 3518 facti,
340 3448 378 3505 ut
396 3441 524 3506 dictum
546 3449 607 3518 eet,
624 3461 686 3527 per
708 3443 915 3526 baptismum
934 3441 1073 3517 tollitur,
1092 3442 1170 3525 quia
1191 3441 1406 3523 regeneratio

177 3551 178 3555 ’
230 3548 411 3634 spiritualis
429 3549 515 3614 tollit
530 3550 631 3614 etiam
646 3567 766 3632 poenas
781 3555 815 3614 et
829 3548 988 3632 reliquias
1004 3549 1147 3633 peceati.¹

270 3657 1405 3743 2⁰irregularitatem,regulariterloquendo,ncnrelaxatprofessio

231 3767 400 3848 religiosa.
416 3766 552 3832 Nullum
572 3767 663 3830 enim
686 3771 739 3830 est
756 3766 1019 3831 fundamentum
1040 3768 1143 3850 huJus
1166 3765 1404 3838 relaxationis3

231 3875 359 3940 etenim
381 3876 409 3940 si
432 3878 628 3957 spectentur
646 3875 822 3957 privilegia
844 3875 1000 3956 religioni
1018 3892 1195 3951 concessa,
1214 3873 1407 3956 irregulari-

232 3988 319 4049 tates
336 4003 406 4049 non
427 3982 559 4059 tollunt,
581 3982 645 4045 etsi
663 3981 810 4064 praelatis
829 3981 1041 4064 regularibus
1058 3981 1248 4047 concedant
1264 3980 1405 4046 faculta-

233 4097 301 4156 tem
331 4090 505 4156 relaxandi
532 4089 663 4172 aliquas
688 4089 965 4170 irregularitates.
998 4088 1165 4154 Diximus·
1181 4089 1406 4170 «regulariter

231 4199 402 4285 loquendo
410 4225 437 4276 u,
460 4199 539 4283 quia
554 4216 614 4281 per
628 4198 876 4282 professionem
891 4199 1086 4280 religiosam
1101 4196 1230 4262 tollitur
1246 4197 1406 4278 irregula-

232 4309 314 4372 ritas
329 4285 404 4393 quae
419 4308 529 4372 oritur
547 4325 589 4370 ex
606 4305 739 4371 defectu
753 4305 917 4370 natalium
930 4306 965 4369 in
981 4305 1099 4369 ordine
1113 4305 1155 4368 ad
1173 4303 1405 4387 suscipiendos

140 4407 143 4414 ’
232 4415 380 4493 ordines,
402 4433 471 4479 non
491 4413 656 4478 tamenin
672 4413 790 4478 ordine
807 4413 849 4478 ad
868 4413 1050 4494 dignitates
1069 4416 1103 4474 et
1116 4410 1322 4494 praelaturae,
1340 4412 1405 4475 nisi

177 4529 180 4536 “
232 4523 268 4588 in
284 4523 448 4606 religione
462 4522 575 4606 aliqua
588 4521 753 4586 habeatur
764 4513 980 4604 privilegium
993 4517 1204 4603 particulare.
1222 4516 1272 4582 lta
1284 4537 1405 4583 omnes

233 4631 312 4710 bb,
332 4651 375 4696 ex
389 4651 416 4696 c.
434 4632 450 4694 l
469 4636 503 4696 et
515 4648 587 4712 cap.
605 4630 677 4708 lin,
695 4629 735 4694 de
748 4629 842 4696 Fidis
853 4627 1000 4726 presbyt.
