3482 5560
539 627 625 674 num
646 627 782 683 cusanus
804 629 1023 678 uaenarsnmu.
1308 609 1368 676 itt

233 747 333 831 Resp.
348 747 379 811 3.
394 747 427 812 Si
439 746 654 830 dispensatur
673 747 715 814 ad
735 747 984 814 remanendum
998 749 1034 814 in
1057 747 1276 814 matrimonio
1288 763 1369 813 con-

194 861 311 934 tracto,
324 855 433 921 videri
448 854 551 920 debet
564 873 608 920 an
620 856 956 941 oratoresconjnneti
969 857 1037 922 sint
1048 861 1181 922 tantum
1196 856 1295 921 tertie
1309 860 1370 922 aut

193 969 312 1048 quarto
326 964 435 1046 gradu
445 965 749 1046 consanguinitatis
766 987 774 1030 ε
791 985 871 1034 nam
881 967 917 1031 in
927 967 1037 1050 primo
1050 964 1246 1031 etsecundo
1258 963 1368 1046 gradu

120 1062 125 1072 '
192 1090 367 1155 nunquam
382 1071 557 1156 dispensat
566 1071 638 1136 Sac.
648 1071 903 1139 Poenitentiaria
917 1073 961 1139 ad
975 1072 1232 1138 matrimonium
1246 1071 1368 1136 revali-

192 1179 360 1256 dandum;
373 1180 443 1244 imo
458 1180 487 1244 si
501 1181 780 1262 consanguinitas
793 1181 838 1246 sit
859 1180 1002 1258 occulta,
1018 1181 1054 1245 in
1067 1178 1161 1244 nulle
1176 1179 1285 1260 gradu
1301 1179 1368 1244 dis·

191 1287 365 1371 pensatad
376 1286 460 1352 illud
474 1287 753 1366 contrahendum,
771 1293 810 1353 ut
823 1292 918 1373 patet
931 1307 973 1354 ex
989 1288 1077 1372 stylo
1093 1287 1211 1353 Gurim
1226 1287 1323 1368 Quod
1338 1287 1367 1352 si

191 1396 338 1461 affinitas
351 1395 395 1460 sit
412 1395 553 1472 occulta,
570 1402 650 1463 ante
663 1397 957 1482 dispensationem
972 1397 1182 1462 removenda
1200 1401 1253 1461 est
1274 1413 1366 1462 ocea-

192 1504 242 1568 sio
257 1504 413 1588 proxima
425 1504 586 1588 peccandi
604 1525 611 1568 :
628 1525 662 1570 v.
680 1524 714 1587 g.
729 1510 768 1570 ut
781 1505 970 1572 dimittatur
980 1505 1236 1586 consanguinea
1249 1503 1367 1570 uxoris

189 1614 365 1696 putatitiae,
383 1631 486 1696 quam
498 1617 613 1680 orator
627 1619 706 1680 ante
721 1615 857 1698 nuptias
872 1615 1034 1696 cognovit
1048 1611 1243 1690 carmeliten
1266 1611 1323 1677 vel
1338 1612 1366 1676 si

190 1721 312 1786 dimitti
327 1721 456 1806 nequit,
471 1721 519 1787 ita
533 1726 738 1788 extenuatur
751 1721 940 1807 periculum
961 1722 1133 1807 peccandi,
1155 1726 1195 1786 ut
1216 1719 1362 1803 amplius

190 1847 260 1894 non
273 1829 822 1913 manestproxtmumetformale,
835 1829 1367 1916 nequeeonstituatoecasionem

189 1938 381 2020 proximam
393 1937 564 2022 peccandi.

228 2047 328 2128 Resp.
345 2047 375 2109 l.
389 2044 634 2124 confessarius,
647 2051 833 2131 antequam
843 2048 1027 2133 dispenset,
1036 2047 1221 2132 praemittet
1232 2045 1366 2112 absolu-

190 2155 318 2219 tionem
333 2171 354 2218 a
367 2153 521 2216 censuris
536 2157 571 2217 et
594 2155 742 2238 peccatis
767 2143 802 2220 in
823 2157 934 2222 forma
956 2161 1120 2221 consueta
1137 2175 1144 2218 :
1162 2181 1178 2214 α
1199 2155 1365 2220 Dominus

189 2260 415 2326 nosterJesus
427 2260 590 2340 Christus,
608 2285 624 2318 »
642 2265 718 2340 etc,
740 2266 815 2328 tum
838 2264 963 2330 subdet
980 2265 1090 2349 ipsam
1111 2263 1279 2329 actualem
1298 2263 1365 2327 dis-

189 2367 436 2451 pensationem,
455 2387 530 2451 quae
553 2369 824 2454 quibuscumque
838 2372 953 2436 verbis
966 2372 1042 2435 iteri
1056 2375 1179 2456 potest.
1194 2368 1365 2434 consueta

190 2480 270 2540 sunt
282 2477 364 2540 ista:
381 2501 396 2534 α
413 2476 556 2561 Insuper
566 2480 766 2545 auctoritate
776 2480 962 2564 apostoliea
971 2481 1055 2544 mibi
1069 2477 1260 2563 specialiter
1273 2477 1365 2542 dels-

188 2589 279 2665 gata,
293 2583 452 2668 dispenso
466 2591 581 2650 tecum
595 2605 699 2668 super
711 2587 959 2671 impedimento
975 2613 991 2648 a
1008 2590 1074 2671 (bio
1093 2589 1232 2670 ponitur
1251 2603 1363 2668 genus

162 2755 165 2764 ,
188 2693 422 2776 impedimenti
438 2698 472 2758 et
492 2695 570 2759 linis
600 2695 862 2779 dispensationis
887 2697 929 2762 ad
953 2696 1210 2762 matrimonium
1231 2700 1363 2760 contra-

186 2801 337 2865 bendum
351 2801 713 2878 velconvalidandum,
726 2803 907 2888 prolesque
923 2803 1226 2886 legitimandas)‚v.
1239 2822 1272 2885 g.
1290 2826 1306 2860 t<
1316 2803 1362 2868 al·

186 2907 326 2972 finitatis
336 2927 378 2972 ex
388 2909 510 2992 copula
525 2909 641 2974 illicita
657 2929 845 2994 quamcum
859 2930 975 2976 sorore
991 2917 1057 2976 ture
1069 2915 1195 2996 putatae
1205 2911 1362 2994 conjugis

186 3020 286 3080 antea
299 3015 458 3093 habuisti,
482 3021 530 3093 ut,
544 3017 603 3083 illo
622 3036 693 3083 non
708 3019 876 3096 obstante,
891 3019 1150 3085 matrimonium
1164 3037 1254 3084 novo
1279 3037 1360 3084 con-

187 3142 289 3188 sensu
305 3125 516 3202 contrahere,
540 3143 780 3190 consummare
796 3127 880 3202 etin
894 3146 934 3192 eo
949 3145 1128 3192 remanere
1146 3127 1236 3191 licite
1250 3127 1361 3210 possis

185 3249 223 3297 ac
238 3232 362 3298 valeas.
381 3234 524 3318 Insuper
538 3235 660 3299 eadem
680 3237 881 3301 auctoritate
897 3235 1039 3320 apostol.
1056 3235 1198 3319 prolem,
1214 3235 1242 3299 si
1258 3252 1362 3318 quam

186 3343 363 3426 suscepisti
383 3347 416 3408 et
430 3344 634 3428 susceperis,
663 3343 854 3425 legitimam
875 3346 947 3410 iore
977 3327 1123 3410 decerno
1150 3348 1185 3408 et
1213 3342 1357 3409 declaro.

186 3448 223 3514 ln
238 3450 377 3514 nomine
390 3449 507 3515 Patris.
524 3477 540 3509 n

224 3559 369 3644 Respa.
387 3559 479 3628 Circa
490 3562 728 3646 poenitentiam
742 3562 1001 3644 injungendam,
1019 3563 1048 3626 si
1070 3565 1185 3627 orator
1199 3579 1261 3646 pro
1283 3579 1360 3646 peo-

184 3673 259 3732 cato
275 3687 337 3733 suo
353 3675 453 3733 antea
466 3669 501 3733 in
514 3669 618 3753 priori
632 3671 846 3736 consessione
861 3688 932 3734 non
948 3669 1120 3746 satisfecit,
1131 3669 1360 3734 confessarius

187 3777 329 3841 discrete
355 3782 389 3841 et
402 3777 588 3862 prudenter
601 3787 642 3842 se·
653 3783 767 3860 geret;
782 3779 830 3844 ita
842 3784 891 3856 ut,
912 3778 1126 3844 considerata
1143 3776 1303 3862 qualitate
1326 3783 1360 3842 et

185 3887 376 3968 frequentia
389 3887 527 3969 pcccati,
544 3905 583 3952 ae
598 3887 714 3952 dolore
727 3889 882 3966 oratoria,
902 3906 979 3953 eam
991 3905 1117 3968 augere
1134 3887 1190 3952 vel
1204 3887 1359 3970 minuere

184 3995 306 4078 possit;
321 3995 572 4060 confessionem
583 4001 698 4060 tamen
705 4003 929 4076 menstruam,
940 3997 1023 4062 dum
1033 3997 1127 4061 venit
1138 3994 1358 4080 imponenda,

185 4119 255 4165 non
272 4100 368 4166 facile
385 4102 458 4166 sine
475 4104 572 4184 gravi
592 4121 695 4169 causa
709 4105 857 4170 mutabit
878 4105 915 4168 in
928 4105 1127 4168 bimestrem
1148 4103 1204 4168 vel
1227 4103 1360 4167 trimes

185 4213 282 4272 trem.
296 4209 355 4274 llla
369 4215 485 4298 autem
499 4208 621 4275 dieitur
633 4211 834 4294 poenitentia
849 4211 998 4297 languet
1014 4213 1139 4297 procis,
1165 4229 1239 4296 quae
1260 4210 1360 4275 durat

184 4333 253 4380 uno
268 4333 370 4392 anno,
387 4337 420 4380 v.
436 4336 483 4398 g.,
509 4317 652 4398 singulis
677 4319 797 4383 saltem
817 4319 1016 4402 septimanis
1036 4337 1098 4402 per
1122 4337 1251 4384 annum
1274 4317 1357 4381 reci-

183 4425 286 4490 tando
314 4427 497 4504 rosarium,
527 4431 565 4492 ut
585 4433 725 4504 vocant,
752 4428 902 4507 litaniaS,
934 4429 1060 4513 septies
1089 4433 1148 4492 aut
1177 4427 1358 4513 quinquies

183 4530 281 4596 Pater
304 4538 339 4598 et
365 4535 447 4610 Ave,
469 4534 524 4604 vel
553 4536 806 4620 eleemosynam
835 4536 958 4612 danda,
986 4540 1046 4600 aut
1074 4554 1111 4599 se
1134 4535 1356 4617 flagellando;

183 4638 358 4718 diuturna,
374 4662 449 4727 quae
469 4643 570 4706 simili
588 4643 691 4709 modo
707 4643 807 4709 durat
830 4645 952 4710 saltem
972 4663 1033 4728 per
1055 4643 1257 4720 triennium;
1280 4661 1359 4727 qro-

181 4749 320 4812 cz'ssr'ma
335 4755 370 4814 et
376 4760 554 4836 perpretata,
573 4770 648 4836 quae
661 4771 723 4835 per
737 4758 845 4819 totam
859 4755 967 4818 vitam
981 4751 1081 4838 paulo
1095 4751 1212 4816 durius
1233 4749 1358 4838 premit
