3508 5568
839 575 889 622 ttts
911 575 1089 621 GANONICUH.

523 823 525 826 Ι
610 761 640 811 11.
656 758 751 818 Qualis
764 769 826 810 osso
840 757 942 809 debeat
955 768 1110 810 consensus
1125 756 1329 820 sponsalitias?

420 917 519 1000 Rosp
536 918 565 979 i.
584 915 689 980 Debet
705 933 780 980 esse
796 925 902 979 certus
928 915 1094 999 superbis
1117 931 1261 978 numero
1276 914 1431 998 personis
1447 934 1455 976 ε
1470 931 1550 978 nam

381 1025 694 1100 sicutmatrimonii,
705 1025 762 1098 ita,
777 1023 1030 1106 etsponsalium
1045 1024 1217 1105 objectum
1233 1021 1454 1086 substantiale
1471 1026 1551 1084 sunt

356 1127 359 1142 '
379 1149 534 1214 personae
551 1131 783 1194 determinata
798 1132 832 1194 in
847 1129 1022 1194 individuo
1040 1151 1046 1206 ;
1064 1133 1098 1193 et
1117 1148 1211 1194 cons.
1228 1147 1324 1193 error
1346 1131 1381 1192 in
1404 1147 1551 1212 persona

378 1241 451 1322 ipso
463 1242 540 1322 jure
554 1239 699 1304 naturali
716 1240 812 1304 vitiat
827 1237 1008 1320 sponsalia,
1020 1265 1035 1294 «
1045 1256 1123 1303 oum
1130 1239 1273 1302 errantis
1287 1237 1447 1302 voluntas
1457 1234 1551 1300 nulla

379 1347 433 1422 sit,
445 1365 506 1410 sou
520 1345 634 1412 nullus
647 1365 835 1411 consensus
850 1371 864 1404 n
872 1346 905 1428 (l.
918 1345 998 1421 viii,
1011 1346 1064 1422 iit,
1076 1366 1105 1410 c.
1116 1347 1156 1410 de
1168 1347 1199 1411 J.
1212 1355 1244 1410 et
1252 1347 1289 1410 F.
1298 1346 1396 1430 lym).
1410 1344 1504 1421 Quod
1521 1343 1548 1406 si

379 1455 545 1537 quiscum
565 1455 695 1518 duabus
720 1453 774 1518 vel
793 1452 946 1537 pluribus
966 1453 1066 1518 simul
1081 1455 1258 1530 contraxit,
1286 1453 1415 1518 nullam
1441 1452 1552 1517 deter-

313 1545 315 1550 ’
377 1562 504 1625 minate
520 1566 656 1626 tenetur
670 1563 794 1626 ducere
808 1581 814 1636 ;
832 1561 904 1638 sed,
921 1561 948 1625 si
963 1561 1046 1626 velit
1058 1562 1315 1626 matrimonium
1330 1561 1427 1636 inire,
1443 1577 1549 1624 unam

377 1687 420 1732 ex
433 1669 486 1733 bis
502 1669 627 1750 eligere
644 1669 755 1744 debet,
774 1689 816 1733 ex
831 1687 903 1750 reg.
920 1689 970 1732 uv
984 1671 1020 1734 in
1034 1671 1064 1733 6.
1081 1669 1158 1733 llaec
1174 1674 1290 1733 tamen
1305 1666 1423 1733 electio
1440 1673 1551 1731 cessat

376 1777 411 1839 iu
430 1795 511 1842 casu
531 1795 599 1860 quo
626 1795 705 1841 cum
729 1777 836 1841 altera
857 1795 983 1860 sponsa
1007 1777 1265 1842 matrimonium
1292 1775 1477 1840 subsistere
1493 1794 1550 1838 ne-

376 1883 466 1966 quit;
485 1890 523 1947 ut
536 1885 564 1948 si
575 1885 662 1967 quis,
674 1889 752 1966 post
763 1883 935 1966 sponsalia
948 1903 1026 1948 cum
1038 1885 1170 1950 duabus
1181 1885 1355 1948 sororibus
1367 1883 1460 1957 inita,
1472 1901 1549 1946 cum

376 2010 445 2054 uns
458 1989 594 2054 illarum
609 1991 794 2055 fornicetur
807 2010 813 2066 ;
832 1996 911 2055 tunc
924 1993 1016 2055 enini
1027 1991 1225 2056 defloratam
1234 1991 1403 2071 obligatur
1414 1989 1547 2062 ducere,

375 2099 545 2180 quiscum
566 2098 672 2162 altera
688 2098 731 2162 ob
741 2097 1024 2180 impedimentum
1036 2098 1209 2162 affinitatis
1224 2099 1351 2180 nuptiae
1363 2097 1549 2161 consistere

375 2223 444 2269 non
459 2210 613 2288 possunt.
1542 2263 1544 2268 .

415 2313 551 2396 itespd.
562 2311 755 2377 Consensus
766 2313 1173 2396 sponsalitiusdebetesse
1185 2313 1399 2392 deliberatus,
1410 2313 1474 2376 hoc
1483 2317 1545 2387 est,

376 2438 454 2483 oum
465 2424 560 2484 tanta
571 2419 793 2496 advertentis,
810 2426 938 2504 quanta
946 2421 1070 2484 sufficit
1082 2420 1125 2485 ad
1134 2425 1311 2503 peccatum
1320 2418 1476 2495 mortale,
1486 2437 1547 2482 seu

374 2527 416 2592 ad
431 2527 694 2611 promissionem
708 2528 859 2591 humano
871 2527 973 2593 modo
989 2530 1113 2594 factam
1128 2547 1135 2590 ε
1149 2528 1198 2592 ite
1211 2545 1334 2592 comm.
1350 2526 1433 2590 Nam
1446 2545 1548 2610 spon-

374 2634 457 2699 salia
471 2639 552 2698 sunt
571 2640 774 2726 contractus,
799 2653 860 2700 seu
882 2641 977 2700 actus
996 2635 1154 2712 moralis;
1177 2653 1258 2716 ergo
1284 2635 1400 2718 perlici
1422 2630 1548 2698 debent

373 2761 541 2807 consensu
559 2742 754 2808 deliberato.
772 2741 866 2806 Unde
886 2743 965 2826 quia
989 2743 1102 2826 passio
1126 2743 1263 2818 amoris,
1287 2743 1356 2818 irae,
1385 2742 1463 2818 odii,
1493 2741 1548 2805 vel

373 2851 439 2916 alia
460 2850 588 2928 similis,
604 2851 777 2914 rarissime
792 2850 904 2914 aufert
916 2869 1019 2914 usum
1039 2851 1192 2926 rationis,
1214 2869 1284 2916 non
1308 2851 1420 2915 obstat
1441 2851 1547 2915 valoti

374 2958 594 3040 sponsalium,
611 2958 677 3022 nisi
689 2959 884 3041 oppositum
898 2960 1070 3040 probetur.

408 3111 466 3166 Neo
482 3107 681 3166 contrariatur
696 3121 762 3166 can.
778 3113 805 3178 t,
821 3108 854 3166 Si
867 3109 944 3182 pois,
962 3114 989 3177 i,
1001 3123 1030 3180 q.
1046 3113 1073 3178 3,
1084 3113 1114 3166 et
1127 3123 1193 3166 oen.
1209 3114 1254 3178 ii,
1270 3109 1421 3180 deponit,
1437 3111 1545 3180 dist.1;

374 3211 443 3254 nam
465 3197 515 3254 cit.
536 3212 563 3254 o.
582 3201 597 3254 5
617 3197 685 3270 plus
708 3211 768 3254 nou
793 3197 914 3266 dicitur,
935 3196 995 3254 nisi
1019 3197 1099 3268 quod
1119 3197 1283 3254 convitium
1309 3198 1342 3255 in
1366 3199 1410 3256 ira
1433 3199 1546 3257 dictum

372 3287 433 3344 vim
462 3286 665 3345 accusationis
690 3299 749 3343 non
777 3285 899 3355 habeat,
927 3283 998 3342 licet
1025 3286 1085 3342 vim
1106 3285 1228 3343 convitii
1250 3285 1358 3344 babere
1381 3288 1489 3359 possit.
1514 3291 1546 3344 in

374 3391 439 3432 con.
456 3379 486 3432 ii
503 3375 623 3445 dicitur,
639 3373 719 3447 quod
730 3373 878 3432 discessio
894 3388 954 3432 non
970 3375 1071 3431 statim
1082 3373 1170 3431 iaciat
1180 3373 1352 3446 divortium,
1368 3375 1427 3434 nisi
1440 3375 1546 3432 deinde

373 3467 489 3521 constet
509 3463 589 3535 quod
616 3477 691 3520 uxor
712 3461 862 3519 diverterit
886 3462 986 3519 animo
1009 3468 1180 3534 perpetuam
1203 3463 1407 3522 constituendi
1432 3463 1545 3522 disces-

374 3567 501 3610 sionem.

412 3710 512 3793 Resp.
523 3712 552 3774 3.
563 3711 756 3776 Consensus
768 3709 986 3794 sponsalitias
996 3710 1179 3776 debetesse
1188 3731 1295 3789 cerus,
1305 3718 1415 3777 elnon
1425 3714 1523 3777 flotus
1536 3733 1543 3774 ε

373 3819 462 3882 unde
477 3819 511 3881 vi
526 3819 612 3883 fictae
633 3819 867 3901 promissionis
892 3817 1006 3882 nullus
1027 3819 1060 3881 in
1075 3820 1150 3883 foro
1170 3821 1305 3884 interno
1321 3821 1489 3902 obligatur
1502 3822 1545 3886 ad

371 3926 618 3990 oona-mendas
633 3927 768 4008 nuptias
786 3947 792 3989 :
812 3944 891 3990 nam
905 3928 978 3990 sine
993 3928 1107 3992 animo
1123 3946 1160 3992 sa
1173 3928 1344 4009 obligandi
1360 3929 1454 3994 nulla
1466 3948 1543 3994 nas-

370 4033 457 4096 citur
478 4033 639 4114 obligatio
660 4033 831 4098 fidelitatis
852 4039 911 4098 aut
931 4033 1073 4118 justitiae
1091 4056 1097 4097 :
1118 4041 1154 4099 at
1176 4035 1210 4098 in
1233 4037 1307 4100 foro
1332 4042 1485 4112 externo,
1509 4037 1543 4099 in
1568 4111 1570 4116 ¹

371 4157 438 4223 quo
475 4142 580 4205 verba
619 4147 802 4206 censentur
839 4143 1027 4206 conformia
1060 4143 1185 4220 menti,
1226 4144 1302 4208 ficte
1340 4146 1543 4228 promittens

370 4245 592 4331 compelletur
614 4248 656 4312 ad
682 4249 841 4314 standum
864 4249 917 4312 his
944 4251 1175 4332 sponsalibus,
1206 4251 1271 4316 nisi
1298 4254 1419 4336 probet
1438 4253 1545 4316 ilctio-

371 4373 471 4430 nem;
504 4361 542 4418 ut
574 4355 601 4419 si
627 4356 680 4420 vir
707 4355 846 4420 illustris
873 4355 995 4438 puellus
1024 4358 1157 4421 rusticae
1184 4359 1360 4441 promittat
1387 4360 1540 4442 nuptias,

371 4480 449 4526 cum
474 4461 550 4528 talis
573 4465 679 4547 jocari
715 4464 845 4546 potius,
880 4482 982 4548 quam
1012 4464 1184 4546 sponsalia
1213 4466 1385 4530 celebrare
1413 4486 1541 4550 praesu-

370 4573 493 4634 matur.
522 4570 652 4637 Damna
672 4577 788 4636 autem
811 4589 887 4654 quae
912 4589 954 4634 ex
975 4572 1053 4636 ilcta
1080 4572 1307 4654 promissione
1331 4573 1427 4638 alteri
1452 4576 1538 4658 parti

306 4678 309 4686 '
370 4677 577 4755 inferuntur,
605 4679 641 4742 in
668 4679 874 4744 conscientia
902 4678 1090 4760 reparanda
1118 4684 1198 4743 sunt
1225 4681 1267 4745 ab
1303 4699 1343 4744 eo
1379 4683 1434 4764 qui
1475 4700 1538 4745 suo
