3418 5566
779 499 830 548 lt's
849 497 1028 548 fflofflsst'l.

578 741 622 792 ul.
639 741 678 792 ite
693 739 851 804 privatione
863 740 1016 805 scpmmra
1030 739 1236 792 maiades.

364 901 397 980 a)
410 899 512 966 Juxta
528 905 637 966 const.
653 899 750 966 lutus
772 902 858 966 cicer
884 901 988 966 (lem.
1020 900 1105 978 alu,
1126 899 1301 986 sepultura
1320 899 1506 965 malmiss-

326 1008 391 1074 tica
404 1008 680 1091 privabanturilli
694 1028 816 1074 omnes
830 1013 866 1074 et
875 1009 937 1074 soli
952 1011 1008 1094 qni
1026 1011 1062 1074 in
1075 1011 1149 1094 ipso
1157 1010 1316 1074 condictu
1325 1009 1500 1082 obierant.

324 1118 481 1200 quamtis
495 1118 641 1182 formose
654 1123 734 1182 ante
748 1123 896 1183 mortem
909 1119 1009 1200 signa
1024 1117 1233 1202 paenitentiae
1246 1117 1411 1182 dederint
1425 1115 1501 1180 Sed

323 1243 367 1290 cx
380 1223 471 1288 bulla
479 1223 713 1288 Detestabilcm
724 1225 849 1290 bened.
862 1225 931 1288 xiv
944 1225 1144 1307 deneganda
1154 1224 1384 1308 estsepultura
1390 1223 1502 1287 eccle-

324 1331 469 1408 siastica,
505 1333 609 1397 etiam
629 1331 695 1396 illis
720 1333 777 1418 qui
797 1337 894 1398 extra
916 1333 1031 1398 locam
1056 1334 1244 1408 condictus,
1272 1331 1499 1398 sacramentis

323 1441 458 1518 muniti,
470 1441 688 1507 decesserint.
698 1442 831 1508 Etenim
839 1443 941 1508 bodie
956 1461 1026 1508 non
1036 1445 1131 1524 viget
1144 1442 1361 1506 interdictum
1373 1439 1497 1524 papale

325 1549 490 1614 inflictum
512 1549 655 1616 asslem.
678 1549 766 1626 Vlll;
781 1569 861 1614 nam
882 1551 918 1614 in
938 1555 1047 1615 const.
1061 1549 1259 1635 apostolica·
1280 1549 1379 1615 Sedis
1399 1547 1498 1613 nulla

324 1655 414 1721 illius
440 1659 610 1724 interdicti
636 1659 674 1722 iit
699 1659 847 1734 mentio;
871 1658 1016 1742 ideoque
1042 1659 1250 1723 Eucbmistis
1275 1663 1310 1722 et
1339 1663 1497 1722 extrema

323 1767 438 1832 unctio
453 1765 525 1831 dari
540 1771 685 1850 possunt
701 1765 847 1832 letaliter
859 1765 1045 1831 vulneratis
1060 1766 1096 1830 in
1109 1766 1233 1830 duello.
1249 1766 1385 1842 Verum,

365 1875 534 1952 Queritur
551 1895 559 1937 τ
575 1875 643 1954 Au,
658 1883 696 1938 ut
709 1876 869 1940 morienti
880 1877 915 1938 in
932 1873 1043 1938 duello
1062 1875 1246 1958 deturpetur
1260 1874 1434 1959 sepultura
1444 1892 1497 1938 ec-

324 1983 521 2062 clesiastica,
537 1985 704 2048 sententia
715 1983 843 2064 judicis
860 1983 1080 2067 requiratur?
1093 1981 1192 2067 Resp.
1210 1982 1347 2047 Certum
1360 1987 1497 2047 estnon

326 2093 453 2176 requiri
473 2093 679 2156 sententiam
698 2093 1024 2169 condemnatoriam,
1042 2111 1124 2158 cum
1142 2111 1244 2175 paena
1264 2093 1307 2156 sit
1323 2092 1399 2156 late
1418 2109 1499 2154 sen·

326 2201 451 2264 tontiae.
465 2199 498 2265 Si
510 2201 684 2267 notorium
697 2203 741 2266 sit
753 2203 879 2267 lactum
895 2201 1100 2267 decessionis
1115 2203 1150 2265 in
1163 2201 1287 2277 duello,
1299 2219 1370 2266 non
1385 2200 1499 2283 requi·

325 2309 412 2374 ritur
422 2311 526 2374 etiam
536 2311 705 2376 sententia
719 2309 955 2386 deauratos-ia
972 2311 1001 2374 si
1016 2311 1167 2375 duellum
1176 2329 1245 2374 non
1256 2311 1299 2374 sit
1310 2309 1497 2384 notorium,

325 2435 380 2482 res
395 2417 518 2481 deferri
533 2417 634 2482 debet
650 2417 692 2484 ad
708 2417 916 2502 episcopum,
927 2420 983 2502 qui
995 2419 1179 2483 summarie
1193 2418 1354 2502 procedit,
1372 2423 1405 2482 et
1420 2436 1499 2482 sen-

327 2527 469 2591 tentiam
478 2527 554 2592 lert.
562 2525 700 2603 Tarnen,
711 2532 749 2591 ut
757 2528 927 2594 sententia
934 2528 1134 2611 privationis
1142 2529 1222 2592 ierri
1229 2528 1346 2611 possit,
1354 2543 1498 2590 necesse

328 2639 380 2700 est
397 2642 436 2702 ut
447 2635 599 2702 duellum
614 2637 713 2720 plene
729 2639 902 2722 probetur,
919 2643 1022 2720 prout
1034 2639 1218 2722 requiritur
1234 2638 1277 2702 ad
1291 2635 1499 2721 privandum

326 2743 463 2810 fidelem
491 2739 730 2810 communibus
757 2745 842 2811 Eccl.
864 2746 1045 2828 suffragiis,
1069 2764 1144 2832 quae
1171 2748 1207 2810 in
1228 2747 1302 2829 ipsa
1322 2743 1500 2828 scprdtura

325 2851 556 2917 includuntur.
574 2851 607 2917 Si
628 2853 746 2918 haberi
762 2855 880 2938 nequit
892 2854 994 2939 plena
1012 2856 1178 2938 probatio,
1196 2855 1257 2920 scd
1273 2853 1383 2919 solum
1395 2852 1499 2916 semi-

327 2959 438 3042 plena,
454 2964 569 3043 potest
583 2963 733 3043 permitti
753 2963 927 3045 sepultura
942 2963 976 3027 in
990 2962 1066 3028 loco
1081 2982 1188 3040 sacro,
1203 2962 1262 3028 sed
1279 2962 1351 3027 sine
1370 2979 1500 3046 pompa

325 3069 471 3136 lunebri.
487 3071 538 3137 lta
551 3071 694 3154 pigner..
709 3071 731 3136 l.
747 3071 816 3148 iili,
830 3071 975 3136 consult.
994 3073 1044 3150 88,
1062 3093 1096 3136 n.
1112 3073 1182 3136 162.

729 3503 949 3572 *TITULUS
992 3505 1065 3570 XV.

783 3667 831 3722 Da
853 3668 1049 3735 sagittariis.

860 3821 964 3844 —d

367 3981 508 4056 Nomine
522 3983 775 4072 sagittariorum
790 3987 846 4054 vel
859 3987 1122 4054 ballistariordm
1137 3979 1277 4053 veniunt
1288 3977 1312 4052 ii
1322 3979 1379 4072 qui
1396 3979 1497 4070 sagit-

329 4109 378 4174 as,
399 4099 587 4182 praesertim
608 4102 806 4174 venenatas,
825 4115 907 4161 saxa
929 4116 969 4161 ex
986 4095 1127 4160 ballistis
1150 4095 1205 4161 vel
1226 4095 1414 4179 catapultis,
1443 4095 1497 4160 vel

329 4212 430 4290 prout
451 4197 552 4272 hodie
572 4204 669 4283 solet,
695 4205 836 4288 glandes
860 4203 916 4270 vel
936 4205 1056 4288 globos
1084 4205 1264 4292 plumbeos
1285 4204 1341 4270 vel
1367 4205 1495 4270 ferreos

330 4315 551 4398 ejaculantur.

370 4421 572 4488 Exercitium
583 4422 664 4488 artis
675 4423 927 4504 sagittariorum
936 4423 1001 4488 luit
1013 4423 1221 4507 prohibitum
1230 4422 1266 4486 in
1280 4439 1308 4487 c.
1317 4438 1375 4486 un.
1385 4421 1457 4505 huj.
1472 4424 1494 4484 t.

330 4531 520 4596 christianis
541 4532 598 4616 qui
611 4550 672 4616 pro
695 4525 887 4598 infidelibus
910 4524 1038 4598 vellent
1062 4551 1103 4598 eo
1126 4527 1175 4596 uti
1195 4525 1443 4597 contrafldeles
1466 4533 1499 4594 et

331 4639 533 4716 catholicos3
550 4641 729 4722 probibitio
745 4637 801 4706 illa
812 4641 880 4706 lata
891 4639 957 4705 suit
970 4642 1033 4706 sub
1057 4659 1159 4726 poena
1180 4640 1497 4752 expommunicatio·
