3482 5560
372 539 432 602 288
832 559 883 604 rus
905 555 1090 603 mnesteus..

371 673 574 739 litterarium
592 674 737 755 gradum
754 679 941 758 promotos.
971 673 1009 737 ln
1030 672 1221 748 Germania,
1246 680 1380 739 nomcn'
1393 675 1548 758 magistri

373 781 455 847 solis
475 782 684 866 philosophis
709 782 863 861 dabatur,
884 787 918 848 et
944 781 1091 847 doctoris
1115 780 1232 846 titulus
1252 782 1411 847 omnibus
1432 784 1488 868 qui
1512 785 1548 848 in

373 890 446 956 aliis
457 891 672 955 facultatibus
688 907 866 974 supremos
881 891 1030 955 bonores
1046 894 1143 954 eraut
1156 890 1341 954 consecuti.

411 997 470 1063 llic
487 997 613 1080 gradus
632 999 806 1063 confertur
827 999 863 1062 in
890 998 1050 1062 omnibus
1068 996 1303 1075 facultatibus,
1335 1015 1375 1064 ac
1404 999 1545 1082 proinde

373 1106 454 1171 olim
476 1105 511 1170 in
530 1106 562 1170 S.
584 1105 766 1188 theologia,
792 1109 937 1190 utroque
956 1107 1045 1188 jure,
1068 1105 1238 1171 medicina
1259 1111 1293 1171 et
1314 1105 1544 1190 pbilosopbia;

371 1233 452 1280 nam
466 1219 613 1298 quatuor
624 1218 759 1278 tantum
773 1218 871 1279 erant
883 1212 1073 1278 facultates.

401 1409 432 1460 11.
448 1406 516 1468 Quis
528 1405 565 1460 stt
578 1405 646 1459 ordo
656 1405 852 1471 precedentis
863 1405 939 1458 inter
950 1405 1111 1470 graduatos,
1126 1405 1275 1471 speciatim
1289 1405 1364 1458 tuter
1381 1404 1512 1460 doctores

781 1487 925 1555 variarum
940 1486 1131 1540 racutntums

409 1644 439 1708 1⁰
453 1643 512 1708 llic
536 1643 619 1709 ordo
643 1641 830 1727 plurimum
855 1643 982 1726 pendet
1005 1644 1302 1710 aconsuetudine.
1322 1647 1452 1709 Tamen
1475 1642 1545 1726 ple·

367 1771 512 1837 rumque
532 1753 662 1836 primus
687 1753 783 1818 locus
801 1752 944 1817 debetur
965 1754 1137 1835 theologe,
1158 1752 1328 1819 secundus
1347 1753 1543 1828 canonista,

367 1861 488 1926 tertius
502 1861 666 1937 civilistae,
685 1865 824 1945 quartus
839 1861 984 1938 medico,
1009 1861 1149 1944 quintus
1169 1860 1383 1945 philosophe,
1408 1865 1547 1944 sumpta

368 1969 595 2051 praecedentia
610 1988 653 2033 ex
667 1969 813 2052 objecto,
827 1971 895 2035 line
911 1975 946 2034 et
960 1969 1105 2034 utilitate
1122 1969 1350 2034 scientiarum.
1363 1968 1546 2049 Theologia

368 2078 460 2141 enirn
474 2080 606 2144 confert
619 2077 663 2143 ad
678 2079 823 2144 salutem
838 2067 1030 2144 animarum
1050 2079 1355 2163 supernaturalem,
1376 2077 1545 2161 Jurispru-

369 2185 484 2252 dentia
510 2187 553 2252 ad
579 2187 725 2258 salutem
752 2194 787 2253 et
809 2191 939 2255 bonurn
952 2189 1138 2272 publicum,
1159 2189 1328 2254 medicina
1352 2187 1393 2253 ed
1415 2182 1543 2252 incolu-

361 2295 521 2376 mitatem
535 2298 687 2380 corporis
704 2297 863 2374 bumani;
877 2297 1093 2381 philosophia
1108 2297 1254 2380 denique
1271 2293 1445 2361 auditores
1462 2311 1544 2358 suos

367 2403 517 2486 disponit
530 2405 574 2470 ad
587 2407 726 2471 altiores
740 2403 945 2489 disciplinas,
962 2411 997 2471 et
1009 2407 1087 2470 ideo
1110 2405 1280 2469 subservit
1290 2405 1458 2471 omnibus.
1480 2401 1543 2466 Ubi

366 2512 592 2576 admittuntur
613 2511 791 2578 facultates
812 2513 1004 2579 litterarum
1019 2519 1054 2578 et
1078 2515 1309 2590 scientiarum,
1331 2512 1487 2577 doctores
1506 2510 1542 2572 in

365 2618 560 2685 illisultimo
572 2620 647 2686 loco
656 2626 735 2704 post
745 2621 966 2706 philosophos
980 2623 1148 2696 venirent,
1168 2619 1378 2705 quialitterae
1394 2617 1542 2684 etacien·

365 2727 421 2792 tiae
433 2733 504 2792 tam
517 2729 664 2812 physices
681 2748 783 2812 quam
797 2730 1044 2804 mathematicae
1060 2730 1287 2812 subjiciuntur
1301 2727 1534 2812 philosophias.

404 2838 437 2901 2⁰
453 2837 569 2902 Potest
582 2837 637 2902 bic
650 2838 734 2902 ordo
748 2838 884 2914 mutari,
901 2839 1010 2920 primo
1034 2838 1292 2913 consuetudine,
1315 2840 1354 2900 ut
1372 2835 1538 2900 diximus:

366 2945 413 3010 sic
431 2965 464 3009 v.
482 2963 515 3027 g.
531 2945 568 3009 in
588 2945 846 3010 Sabnantioensi
873 2947 1105 3023 universitate,
1131 2946 1286 3011 doctores
1305 2944 1485 3026 theologiae
1507 2948 1542 3008 et

361 3054 449 3138 juris
462 3053 576 3119 locum
591 3061 732 3118 sumunt
741 3057 840 3136 juxta
854 3055 1125 3120 antecessionem
1139 3055 1174 3118 in
1188 3056 1263 3138 ipsa
1279 3052 1539 3135 inauguratione

365 3161 570 3226 doctoratus.
600 3163 747 3226 Mutatur
769 3163 930 3238 secundo,
954 3162 1090 3246 quando
1113 3161 1141 3225 is
1158 3161 1215 3244 qui
1229 3160 1398 3226 inferioris
1412 3158 1538 3242 gradus

366 3273 418 3332 est
432 3269 559 3346 doctor,
574 3287 701 3333 munus
715 3270 936 3336 excellentius
948 3270 1067 3336 habet:
1084 3271 1112 3334 is
1128 3271 1307 3353 praelertur
1320 3267 1450 3334 doctori
1464 3285 1538 3348 gra-

365 3376 429 3440 dus
444 3377 639 3460 superioris.
655 3376 804 3441 Tandem
817 3382 980 3454 mutatur,
998 3378 1133 3462 quando
1153 3377 1253 3442 elicui
1274 3374 1444 3442 inferioris
1463 3391 1539 3454 gre-

365 3486 428 3550 dus
439 3484 568 3550 doctori
582 3486 778 3550 conceditur
792 3487 1059 3569 praeeminsntia,
1076 3487 1207 3550 ratione
1233 3483 1415 3566 singularis
1428 3481 1537 3548 excel-

364 3595 491 3669 lentiae,
505 3593 677 3670 doctrinae,
694 3595 1152 3676 experientiae,me1itorum,
1171 3602 1233 3659 etc.

404 3705 436 3768 3⁰
447 3703 864 3786 Quoadpraeeminentiarn
878 3705 967 3768 inter
977 3703 1296 3786 doctoresejusdem
1305 3703 1443 3785 gradus,
1454 3721 1538 3787 pree·

364 3815 472 3878 lertur
485 3811 541 3876 ille
553 3813 611 3896 qui
626 3811 778 3895 pluribus
787 3811 948 3893 gradibus
961 3816 1101 3876 ornatus
1116 3816 1187 3876 est:
1204 3812 1290 3876 ratio
1306 3815 1368 3890 est,
1389 3813 1468 3897 quia
1482 3813 1538 3880 ille

364 3927 417 3988 est
441 3911 615 4003 geminata
634 3921 797 4002 dignitate
821 3921 1035 4004 conspicuus.
1063 3921 1129 3984 Sed
1159 3939 1337 4005 nunquam
1359 3923 1538 4003 praefertur

366 4030 495 4096 doctori
505 4029 631 4111 gradus
647 4030 842 4112 superioris,
858 4029 914 4094 ille
926 4031 983 4114 qui
998 4034 1139 4094 ornatur
1152 4029 1305 4113 pluribus
1322 4029 1484 4111 gradibus
1503 4031 1539 4094 in

364 4131 579 4205 facultatibus
593 4137 820 4202 inferioribus.
838 4137 929 4203 luter
943 4138 1083 4203 omnino
1093 4155 1193 4220 pares
1203 4138 1238 4202 in
1248 4137 1369 4220 gradu,
1378 4137 1541 4219 praecedit

366 4248 422 4312 ills
443 4248 502 4332 qui
516 4247 611 4331 prius
628 4245 775 4312 obtinuit
793 4246 939 4330 gradum
952 4245 1185 4313 academicum
1201 4265 1208 4308 ε
1225 4263 1269 4311 ex
1282 4263 1354 4328 reg.
1369 4246 1457 4329 juris
1474 4265 1537 4325 nv,

367 4359 402 4422 in
415 4366 520 4423 sento.

684 4544 727 4600 111.
742 4545 810 4608 Qun
823 4541 882 4598 sint
893 4537 1040 4610 privilegia
1050 4541 1219 4600 doctorum?

407 4695 438 4776 a)
453 4693 573 4778 Aliqum
590 4692 767 4776 privilegia
790 4697 871 4758 sunt
892 4691 1089 4758 communia
1116 4691 1311 4759 doctoribus
1342 4683 1534 4776 theologias,
