3514 5564
558 513 653 568 trusa·
668 520 804 578 cunnrus
826 517 1046 568 nnomrnnnn.
1332 505 1387 570 lll

251 643 312 700 Nec
333 641 433 700 obstat
454 640 473 698 l.
497 643 523 712 l,
544 640 605 714 §8,
625 641 656 699 ll'.
676 641 712 700 de
733 639 911 713 inspiciens.
933 645 1042 709 uecta,
1063 653 1132 698 nam
1154 639 1234 712 quod
1257 641 1390 716 quinque

200 731 357 792 *mulieres
371 730 579 790 desiderentur
595 731 632 792 ad
648 736 764 804 partum
781 729 1005 804 explorandum,
1023 729 1053 788 id
1066 729 1193 802 speciale
1209 737 1263 802 ast,
1280 746 1317 789 ne
1331 733 1391 790 lne-

216 822 339 882 rediltus
354 823 576 896 prejudicatum
588 822 689 880 Solent
703 828 802 880 autem
817 821 892 878 tales
906 818 1127 892 explorationes
1142 819 1204 878 fieri
1221 821 1309 879 etiam
1322 827 1391 880 ante

216 911 368 970 decretum
381 911 537 976 triennalis
552 909 828 985 p'1·0hationis,etsi
843 909 1031 980 necessasia
1048 913 1117 982 post
1131 909 1307 968 triennalem
1323 926 1390 983 prc-

216 999 375 1060 hationem.
1094 1013 1096 1017 ⁴

255 1184 288 1246 5⁰
315 1183 505 1262 deserenti,
531 1185 604 1248 sive
629 1184 704 1249 viro
725 1185 797 1250 sive
816 1183 962 1262 mulieri,
983 1188 1260 1250 consummatum
1285 1185 1390 1252 luisse

215 1291 490 1368 matrimonium,
513 1292 628 1375 potius
648 1291 798 1356 creditur
813 1311 916 1375 quam
938 1291 1078 1372 neganti
1099 1293 1170 1373 (cl
1190 1291 1223 1354 h.
1242 1293 1290 1374 t),
1313 1295 1392 1376 quia
1459 1355 1461 1360 .

214 1399 311 1466 lavor
336 1400 544 1465 matrimonii
558 1400 592 1465 id
616 1401 779 1483 exposcit,
810 1401 875 1464 nisi
900 1400 1063 1464 indirecte
1078 1402 1286 1466 contrarium
1314 1419 1391 1483 pro-

216 1507 324 1572 helur.
352 1509 385 1573 Si
408 1526 491 1574 vero
512 1513 660 1593 ¹uterque
684 1509 832 1575 fateatur
852 1509 1090 1592 impotentiam
1112 1509 1156 1574 ob
1180 1527 1283 1592 quam
1305 1528 1402 1573 nun:

217 1637 319 1702 quam
328 1621 439 1704 poluit
447 1621 679 1686 consummari
693 1621 960 1696 matrimonium,
970 1638 1014 1684 ne
1024 1619 1196 1684 colludere
1211 1619 1392 1684 videantur

216 1727 319 1792 etlam
346 1735 425 1811 post
460 1729 645 1793 triennium
681 1731 907 1803 transactum,
945 1728 1081 1811 utrique
1120 1727 1270 1792 defertur
1298 1730 1391 1811 jura·
1457 1722 1460 1730 ⁴

214 1840 370 1900 mentum
397 1855 476 1902 cnm
501 1837 646 1920 septima
673 1853 780 1901 manu
805 1835 1093 1919 propinquorum,
1123 1835 1171 1899 ita
1200 1840 1238 1898 ut
1262 1833 1392 1918 procla·

214 1949 348 2008 mantes
366 1947 485 2027 jurent
503 1963 606 2028 snper
628 1945 789 2021 veritate,
814 1943 905 2026 quod
926 1943 1184 2008 matrimonium
1214 1960 1391 2026 nunquam
1476 1969 1478 1976 ·

214 2069 452 2117 consummare
482 2053 673 2136 potuerint3
702 2057 835 2140 septem
867 2068 951 2115 vero
986 2050 1170 2133 propinqui
1199 2069 1259 2114 seu
1288 2049 1390 2114 vicini

215 2177 318 2243 super
343 2160 555 2239 credulitate,
586 2161 679 2245 quod
705 2161 846 2226 credant
873 2160 1130 2224 matrimonium
1159 2161 1201 2224 ab
1229 2159 1294 2223 illis
1321 2176 1391 2223 non

213 2268 320 2333 fnisse
342 2275 619 2334 consummatum
634 2270 686 2352 (l).
712 2269 768 2332 His
791 2268 952 2334 omnihus
976 2269 1040 2331 rite
1063 2267 1260 2350 praemissis,
1283 2268 1391 2351 judex

215 2377 461 2443 ecclesiasticus
479 2377 736 2443 matrimonium
755 2377 922 2453 dissolvit,
939 2381 973 2441 et
987 2375 1116 2459 petenti
1130 2375 1277 2440 liberum
1302 2381 1392 2440 tran·

214 2485 319 2550 situm
345 2486 388 2551 ad
416 2486 498 2552 alias
521 2488 656 2570 nuptias
680 2487 846 2570 permittit
868 2487 952 2568 (cap.
977 2485 1051 2548 aet
1073 2485 1121 2547 tin
1139 2485 1173 2548 h.
1198 2489 1234 2562 l.,
1262 2501 1335 2548 can.
1359 2485 1388 2561 i,
1495 2549 1499 2556 ,

215 2595 402 2677 Requiu'tz's,
425 2597 475 2671 33,
497 2616 529 2679 q.
554 2597 594 2678 l).
617 2595 674 2660 llis
696 2595 968 2660 solemnitatibus
983 2613 1054 2658 non
1075 2597 1127 2656 est
1145 2611 1243 2676 opus,
1266 2593 1391 2675 sipost

215 2704 349 2786 nuptias
372 2703 553 2768 manifeste
577 2709 738 2787 appareat
759 2703 970 2785 impotentia,
995 2707 1033 2765 nt
1060 2702 1089 2765 si
1103 2706 1238 2765 constet
1260 2717 1390 2764 marem

214 2815 359 2894 utroque
388 2811 543 2876 testiculo
571 2829 703 2887 carere,
733 2809 789 2874 vel
815 2810 980 2875 feminam
1008 2811 1055 2874 ita
1082 2814 1210 2874 arctam
1236 2826 1324 2886 esse,
1354 2815 1391 2870 ut

214 2918 354 2982 omnino
380 2918 496 3002 inepta
524 2919 569 2982 sit
592 2918 635 2984 ad
658 2918 816 3000 copulam
842 2937 850 2980 :
876 2925 958 2983 tunc
981 2919 1074 2983 enim
1100 2935 1170 2981 non
1194 2920 1390 2998 exspectato

215 3027 370 3104 triennio,
384 3027 499 3092 statim
514 3027 589 3092 lieri
602 3031 716 3110 potest
728 3026 906 3092 dissolutio
919 3026 1139 3092 matrimonii.

253 3135 353 3218 Resp.
370 3136 399 3198 t.
425 3135 458 3198 Si
469 3141 548 3219 post
563 3136 954 3219 factam-separationem
976 3141 1085 3200 tractu
1099 3134 1263 3216 temporis
1289 3151 1390 3216 appa-

214 3247 287 3308 reat
306 3248 483 3326 potentem
508 3261 584 3308 esse
607 3245 651 3308 ob
669 3245 768 3326 cujus
789 3243 1026 3327 impotentiam
1050 3241 1309 3306 matrimonium
1324 3240 1390 3304 dis-

214 3353 364 3418 solutum
379 3361 441 3431 est,
458 3356 552 3437 prius
573 3355 831 3420 matrimonium
856 3355 1040 3420 restaurari
1060 3354 1170 3429 dehet,
1193 3352 1257 3417 etsi
1284 3351 1391 3416 altera

213 3453 291 3545 pars
306 3463 349 3528 ad
362 3463 445 3528 alias
469 3463 605 3546 nuptias
619 3463 862 3540 convolaverit,
880 3469 915 3526 et
929 3481 972 3528 ex
986 3462 1040 3526 his
1054 3461 1167 3545 proles
1184 3460 1387 3542 susceperit:

214 3571 400 3636 dummodo
419 3572 620 3656 impotentia
647 3571 780 3638 sublata
803 3572 847 3636 sit
866 3571 1013 3636 naturali
1041 3575 1076 3636 et
1102 3571 1273 3636 ordinario
1298 3568 1390 3633 licito

212 3680 327 3756 modo,
340 3686 375 3744 et
389 3698 459 3744 non
471 3699 533 3763 per
546 3678 749 3744 miraculum
758 3685 817 3745 ant
829 3679 1036 3745 maleficium
1053 3700 1060 3743 :
1080 3680 1129 3744 ita
1142 3680 1250 3744 Instar
1263 3675 1390 3759 regulae

214 3794 333 3853 tenent
346 3789 411 3852 llll.
429 3807 473 3854 ex
484 3806 512 3852 c.
529 3789 595 3853 611.
618 3794 641 3852 t.
1047 3831 1049 3834 -

253 3897 292 3960 Et
306 3897 492 3962 novissime
505 3895 630 3962 Bened.
651 3895 732 3974 llIV,
748 3895 805 3960 lib.
818 3895 890 3959 XIII
905 3895 946 3960 de
962 3894 1092 3980 Synod.
1109 3895 1218 3971 dioec,
1235 3911 1307 3977 cap.
1324 3913 1388 3972 run,

213 4021 247 4068 n.
261 4005 292 4068 5.

251 4111 335 4176 Nam
348 4111 385 4176 in
407 4113 470 4176 hac
489 4113 678 4196 quastione
698 4112 778 4177 lacti
791 4111 939 4176 Ecclesia
959 4111 1102 4194 decepta
1115 4110 1190 4186 luit,
1204 4108 1389 4192 judicando
1495 4086 1497 4100 ¹

212 4219 450 4302 impotentiam
464 4237 540 4283 esse
565 4222 777 4302 perpetuam,
796 4237 871 4302 quae
886 4219 999 4301 reipsa
1017 4219 1082 4282 fuit
1102 4216 1298 4299 temporalis
1321 4236 1328 4277 :
1352 4234 1390 4280 ac

212 4327 354 4410 prolude
375 4327 545 4391 sententia
567 4326 637 4392 lata
651 4329 704 4391 eat
718 4345 762 4390 ex
777 4343 903 4404 errore,
919 4345 994 4409 quae
1009 4326 1044 4388 in
1067 4325 1130 4389 hac
1154 4342 1257 4388 causa
1277 4323 1390 4386 matri·

148 4488 150 4493 ’
240 4471 277 4566 Ι(Ι)
299 4495 351 4554 S'eu
373 4502 466 4568 jurant
493 4516 520 4552 se
544 4501 652 4552 credere
676 4499 749 4564 quod
769 4499 899 4565 conJ'uges
921 4498 1048 4564 jurarunt
1069 4477 1217 4549 seeundum
1243 4491 1404 4547 veritatem.¹

212 4579 324 4639 Quando
344 4579 475 4630 incertum
491 4581 611 4628 remanet
631 4575 861 4640 impedimentum,
878 4576 905 4627 S.
920 4574 1043 4626 Pontifex
1059 4574 1125 4625 solat
1141 4573 1294 4638 dispensare
1311 4585 1391 4638 snper

211 4656 381 4710 matrImonio
395 4661 452 4707 rato
468 4659 494 4708 et
506 4669 560 4706 non
574 4657 767 4706 consummato.
