3482 5560
373 503 434 570 aaa
832 519 883 566 rus
902 517 1080 568 osrourcuu.

377 677 382 686 ·
411 640 460 704 ild
475 638 663 721 legitimam
677 637 934 724 inquisitionem
947 642 1065 703 eontra
1079 635 1182 702 talem
1193 653 1386 719 personam,
1401 653 1543 720 sequen-

372 753 423 812 tes
446 747 666 830 requiruntur
686 746 925 812 conditiones:
952 747 983 810 1ο
1006 744 1048 809 Ut
1067 749 1161 810 oeno
1182 749 1316 809 constet
1338 742 1379 808 de
1402 759 1543 827 eor-pore

370 853 481 920 delieti
499 873 506 918 :
526 853 697 938 quomodo
719 859 876 920 constare
900 852 1023 920 debeat
1036 852 1078 918 de
1100 869 1242 936 corpore
1258 851 1381 928 delicti,
1396 852 1472 916 luae
1486 869 1544 916 ex-

369 962 525 1046 pendunt
544 963 741 1040 eanonislae,
767 964 825 1048 qui
850 962 1040 1045 generatim
1060 961 1275 1043 distinguunt
1297 960 1439 1026 erimina
1458 959 1547 1042 sorti

366 1074 707 1156 premonstratam.
724 1070 909 1147 homicidii,
928 1089 1003 1154 quae
1016 1075 1096 1154 post
1108 1089 1145 1136 se
1164 1069 1310 1152 vestigia
1333 1069 1541 1152 relinquunt,

372 1181 407 1242 et
418 1180 507 1261 sacti
518 1180 735 1254 transeuntis,
753 1182 801 1256 ut,
818 1197 851 1242 v.
868 1196 902 1259 g.
919 1177 1046 1262 injuria
1065 1177 1229 1256 verbalis,
1244 1195 1321 1262 quae
1335 1175 1460 1242 indioia
1472 1193 1542 1239 non

371 1285 578 1370 relinquunt.
594 1286 632 1352 lu
651 1285 763 1369 primo
777 1303 858 1352 oasu
880 1304 942 1370 per
959 1285 1131 1351 ooularem
1152 1285 1410 1370 inspectionem,
1433 1283 1469 1348 in
1494 1301 1545 1347 se

370 1394 482 1462 eundo
503 1413 564 1478 per
582 1395 796 1477 oonJ'eeturas
820 1398 855 1458 et
875 1394 1158 1477 presumptiones
1187 1399 1344 1460 constare
1366 1397 1479 1478 potest
1502 1391 1552 1457 de·

370 1521 511 1587 eorpore
527 1502 649 1568 delicti.
669 1503 701 1567 2⁰
715 1501 757 1566 Ut
766 1503 977 1585 praeesserit
991 1503 1131 1568 infamia
1141 1521 1204 1568 seu
1214 1501 1347 1586 publiea
1357 1501 1544 1567 diffamatio

370 1611 420 1678 rei
435 1631 443 1674 :
457 1611 531 1676 haeo
543 1610 706 1687 conditio,
720 1608 801 1674 lieet
814 1610 1022 1693 respondeat
1033 1611 1183 1695 equitati
1194 1611 1352 1688 naturali,
1369 1627 1439 1676 non
1454 1608 1544 1674 vide·

369 1723 425 1783 tur
437 1717 630 1783 introducta
642 1717 678 1782 in
691 1719 769 1799 jure
781 1715 917 1794 Gallieo,
933 1717 992 1782 sed
1003 1718 1151 1799 exigitur
1168 1719 1202 1782 in
1215 1721 1293 1800 jure
1306 1718 1476 1802 oan.(oap.
1491 1715 1541 1793 19,

368 1826 419 1902 ii,
435 1827 475 1892 93
488 1827 522 1890 h.
540 1825 868 1909 alintummas
881 1824 1006 1909 judicis
1023 1831 1086 1901 ast,
1105 1827 1195 1910 quod
1207 1826 1315 1910 judex
1325 1824 1544 1890 erimineliter

367 1935 486 2018 nequit
500 1934 683 2017 proaedere
698 1937 818 1999 oonua
831 1951 939 2011 reum,
963 1934 1088 1998 nisiex
1109 1935 1250 2000 seientia
1271 1933 1421 2016 publiea3
1442 1949 1543 2016 pono

370 2039 447 2106 talis
462 2041 602 2106 seientia
614 2059 684 2106 non
698 2041 855 2118 habetur,
870 2041 929 2105 ubi
943 2041 1041 2106 deest
1053 2039 1188 2123 publiea
1201 2040 1399 2106 diffamatio.
1416 2039 1543 2106 Deinde

370 2169 415 2216 ex
434 2141 529 2233 parte
544 2149 605 2226 rei,
632 2149 806 2233 inquisitio
828 2166 927 2214 reum
948 2149 1076 2232 injuste
1100 2148 1302 2225 diffamaret,
1328 2151 1427 2232 eujus
1453 2148 1544 2212 lama

369 2258 480 2324 adhue
495 2262 548 2324 est
560 2258 704 2342 integra.
720 2259 763 2322 At
782 2258 862 2343 quid
876 2257 1086 2340 intelligatur
1104 2276 1165 2341 per
1184 2257 1453 2324 diffamationem
1467 2275 1543 2340 quae

369 2367 482 2432 reddit
493 2366 620 2432 libitam
634 2373 670 2432 et
678 2371 810 2451 justam
824 2367 1104 2452 inquisitionem?
1122 2366 1315 2432 Diffamatio
1334 2366 1468 2450 publiea
1485 2366 1544 2430 ha·

369 2474 479 2551 betur,
497 2474 632 2559 quarmo
648 2493 765 2540 rumor
779 2474 821 2540 de
840 2475 899 2539 tali
911 2475 1051 2540 homine
1075 2479 1110 2538 et
1131 2473 1314 2539 commisso
1332 2473 1463 2558 abipso
1481 2474 1544 2538 eri-

368 2583 461 2648 mine
476 2601 613 2666 sparsus
628 2588 681 2648 est
694 2601 754 2666 per
767 2585 936 2666 majorem
951 2588 1083 2665 partem
1097 2583 1239 2659 vieiniae,
1250 2582 1394 2664 eollegii,
1409 2583 1544 2647 univer-

294 2712 300 2722 ·
370 2691 478 2756 sitatis
501 2692 537 2755 in
558 2711 625 2776 qua
648 2691 871 2775 inquirendus
891 2695 1046 2755 moratur
1064 2695 1099 2756 et
1119 2691 1286 2773 originem
1305 2691 1418 2770 habet,
1436 2707 1505 2756 non
1523 2708 1545 2755 a
1657 2751 1660 2756 .

367 2797 555 2876 malevolis,
572 2798 633 2864 sed
646 2797 811 2862 honestis.

408 2905 494 2971 Sunt
508 2911 624 2971 tamen
636 2904 751 2989 pluras
763 2923 862 2970 nasus
875 2905 911 2969 in
926 2906 1049 2989 quibus
1063 2904 1160 2970 loeus
1176 2911 1229 2970 est
1242 2905 1454 2991 inquisitioni
1470 2925 1546 2989 spe-

370 3015 445 3080 eiali
457 3015 621 3081 adversus
630 3014 884 3098 delinquentem
899 3014 1041 3080 infamia
1053 3032 1124 3079 non
1137 3014 1370 3080 laborantem:
1387 3015 1548 3096 elegatur

368 3122 411 3189 de
425 3122 623 3188 criminibus
637 3121 849 3204 gravissimis
863 3121 954 3186 laesae
966 3123 1156 3204 majestatis
1174 3122 1297 3187 divinar
1308 3122 1364 3188 rel
1373 3123 1544 3199 humanae,

367 3232 544 3310 latrocinii,
563 3238 645 3308 eto.;
671 3231 699 3296 si
715 3232 823 3315 judex
847 3251 890 3297 ex
911 3231 1072 3297 mandato
1096 3233 1256 3316 principis
1279 3233 1452 3317 procedat,
1468 3234 1549 3316 quia

366 3341 524 3425 prinoeps
536 3344 651 3423 potest
664 3339 847 3423 inquirere,
864 3357 935 3406 non
947 3339 1162 3422 praeoedente
1179 3340 1414 3406 diffamatione
1434 3341 1500 3416 rei;
1518 3337 1547 3402 si

367 3449 496 3514 orimen
508 3467 587 3514 eum
601 3448 707 3514 altero
717 3453 768 3512 est
781 3467 997 3514 oonnexum:
1014 3456 1063 3525 ut,
1080 3469 1113 3514 v.
1130 3468 1163 3531 g.
1183 3449 1224 3514 de
1236 3450 1420 3514 homicidio
1434 3453 1550 3532 potest

368 3554 494 3638 inquiri
515 3555 557 3620 de
578 3555 778 3640 spoliatione
796 3555 973 3621 cadaveris
992 3557 1110 3634 oooisi;
1131 3558 1159 3622 si
1178 3557 1247 3622 sint
1267 3557 1391 3623 indicia
1415 3556 1549 3622 urimini

370 3662 469 3728 valde
483 3664 640 3746 proxima
660 3683 667 3726 :
690 3669 738 3741 ut,
754 3683 788 3729 v.
804 3683 837 3746 g.
856 3665 884 3728 si
901 3663 1023 3748 uliquis
1038 3665 1148 3730 minae
1162 3665 1252 3740 feeit,
1269 3665 1430 3730 inventus
1445 3668 1499 3729 est
1511 3665 1550 3728 in

370 3768 446 3836 looo
462 3771 623 3850 oriminis,
643 3777 705 3838 ete.

614 3955 656 4006 iii.
672 3953 725 4015 Qui
737 3952 796 4006 sint
813 3952 930 4007 adortus
945 3953 1136 4020 inquisitionis
1149 3955 1300 4019 specialis?

413 4095 573 4162 Diversus
595 4103 648 4164 est
671 4099 824 4174 effeetus,
849 4103 952 4182 prout
968 4068 1141 4184 inquisitio
1166 4105 1219 4166 est
1238 4105 1394 4184 susoepta
1416 4106 1550 4166 tantum

373 4203 428 4268 vel
442 4205 607 4273 absoluta.

412 4313 444 4374 l·
459 4311 634 4399 Inquisitio
648 4319 701 4381 est
714 4321 881 4400 suscepta,
895 4318 935 4394 si,
950 4324 1074 4400 praeter
1087 4318 1273 4395 infamiam,
1288 4317 1379 4382 adsit
1392 4317 1547 4401 probatio

372 4421 559 4504 semiplena
572 4441 634 4506 per
647 4442 755 4488 uuum
778 4428 903 4490 testem
925 4426 1109 4512 integrum,
1126 4426 1181 4490 vel
1204 4427 1329 4493 indioia
1348 4426 1545 4510 semiplenae
1585 4437 1589 4447 '

370 4529 561 4609 probationi
576 4531 831 4616 aequivalenlia;
848 4533 936 4616 parit
947 4535 982 4599 in
994 4535 1108 4618 judioe
1120 4537 1179 4619 jus
1194 4540 1229 4600 et
1240 4541 1446 4619 potestatam
1460 4535 1545 4618 legi·

373 4634 454 4701 time
477 4639 719 4721 interrogandi.
744 4640 809 4706 Sed
826 4641 895 4724 iuri
925 4641 1157 4724 interrogandi
1180 4644 1364 4727 respondet
1383 4643 1546 4726 obligatio
