3514 5564
358 564 417 630 tet
816 580 868 627 tus
889 579 1072 628 cruorrcuu.

358 701 475 766 turalis
495 719 557 783 per
579 718 616 765 se
640 704 676 766 et
697 701 740 764 ab
758 697 943 765 intrinseco
965 697 1057 774 talis3
1083 702 1158 764 tum
1186 699 1265 784 quia
1288 715 1373 766 avus
1396 720 1466 769 non
1480 707 1533 770 est

356 809 559 894 principium
568 829 630 894 per
647 827 683 874 se
701 809 849 874 induens
862 808 994 874 atdans
1007 825 1082 898 esse
1096 809 1201 893 nepti,
1217 810 1278 875 sed
1290 829 1352 893 per
1363 811 1529 890 accidens,

356 937 435 984 cum
458 918 586 984 accidet
608 919 695 1001 petn'
720 917 846 982 habers
870 915 976 981 alium
998 921 1148 1000 patrem,
1177 917 1264 982 sicut
1287 917 1370 983 Abel
1393 925 1428 984 st
1452 919 1532 984 (lein

357 1031 454 1093 erant
474 1028 547 1092 sine
566 1044 647 1102 avo3
668 1029 741 1090 tum
761 1025 840 1108 quia
859 1025 970 1108 neptis
986 1043 1027 1090 ex
1045 1025 1119 1109 ipsa
1136 1030 1258 1092 natura
1270 1045 1341 1092 non
1355 1029 1532 1111 subjicitur

357 1154 434 1212 avo,
456 1135 521 1199 nisi
539 1135 687 1199 mediate
708 1137 742 1198 et
755 1151 817 1217 per
831 1133 997 1208 accidens,
1016 1137 1184 1218 quatenus
1200 1153 1282 1200 suus
1296 1136 1438 1219 patarei
1453 1138 1532 1202 sub-

351 1243 480 1324 jicitur,
502 1247 537 1307 et
554 1242 631 1307 ideo
657 1260 721 1306 nec
741 1244 850 1308 fertur
864 1247 959 1308 tanta
972 1241 1166 1308 reverentia
1180 1261 1262 1324 erga
1276 1261 1391 1320 avum,
1404 1248 1532 1329 quanta

355 1369 436 1434 erga
448 1356 597 1436 patrem3
619 1368 701 1433 ergo
722 1357 874 1436 spectato
892 1355 970 1434 jure
993 1351 1150 1428 naturali,
1169 1369 1238 1418 nou
1252 1352 1403 1417 irritatur
1416 1354 1530 1418 matri·

353 1461 508 1525 monium
532 1460 565 1526 in
592 1461 742 1525 secundo
759 1460 867 1542 gradu
890 1460 990 1525 lineae
1017 1466 1129 1538 rectae,
1146 1479 1179 1524 v.
1201 1479 1234 1542 g.
1258 1461 1348 1525 inter
1371 1479 1474 1525 avum
1497 1465 1532 1528 et

352 1572 502 1652 neptem.
518 1567 657 1632 Interim
673 1567 740 1633 tale
761 1567 1019 1632 matrimonium
1039 1569 1142 1634 etiam
1162 1568 1204 1632 de
1225 1571 1302 1651 jure
1318 1568 1464 1633 naturali
1479 1572 1531 1634 est

351 1676 501 1758 graviter
514 1675 679 1752 illicitum,
696 1676 739 1741 ob
755 1677 984 1742 reverentiam
993 1695 1096 1761 quam
1108 1677 1248 1744 interior
1256 1681 1422 1758 cognatus
1430 1678 1531 1744 debet

353 1785 536 1868 superiori;
551 1785 599 1848 ita
617 1791 655 1849 ut
665 1786 738 1850 sine
751 1786 954 1867 gravissima
975 1802 1078 1851 causa
1094 1785 1310 1851 cohonestari
1329 1803 1399 1851 non
1413 1787 1530 1870 possit.

350 1890 419 1956 Hoc
435 1897 469 1958 et
479 1909 549 1958 nou
563 1892 639 1976 plus
654 1894 1012 1976 probantargumenta
1022 1893 1124 1959 ducta
1135 1911 1178 1957 ax
1189 1893 1239 1973 §2
1255 1894 1336 1957 lust.
1358 1893 1399 1957 de
1409 1894 1529 1979 Nupt,

351 2000 373 2065 l.
390 2000 462 2076 tin,
477 2001 512 2064 u.
529 2001 572 2078 ‚de
587 2001 667 2066 Ritu
680 2008 790 2085 neapo,
809 2001 858 2064 tit.
883 2019 911 2065 c.
930 2000 971 2065 de
984 1999 1104 2066 Incest.
1119 2007 1231 2086 nupt.;
1246 1999 1326 2084 quia
1339 2002 1532 2068 reverentia

351 2107 613 2173 ascendentibus
628 2108 742 2174 debite¹
760 2125 829 2173 nou
853 2112 906 2173 est
930 2112 1035 2184 tauta,
1060 2113 1095 2173 et
1116 2125 1178 2193 per
1201 2125 1250 2184 se,
1270 2111 1308 2170 ut
1327 2109 1473 2174 suttlciat
1487 2108 1531 2175 ad

351 2217 575 2283 irritationem
589 2219 810 2294 matrimonii,
829 2218 895 2283 nisi
909 2219 945 2282 in
960 2218 1069 2300 gradu
1083 2219 1193 2302 primo
1208 2216 1307 2282 lineae
1321 2222 1433 2284 rectae.

390 2325 440 2388 Ex
457 2326 509 2390 his
530 2331 625 2408 patet
645 2327 736 2405 hev„
760 2347 847 2405 urm,
873 2327 1119 2412 impedimenta
1143 2344 1305 2410 expressa
1326 2345 1396 2392 non
1415 2327 1530 2394 omnia

350 2451 425 2497 esse
447 2433 488 2498 de
500 2435 578 2516 J'ure
593 2435 738 2499 naturali
758 2435 927 2500 irritantis
942 2435 1212 2509 matrimonium,
1233 2440 1272 2498 ut
1289 2434 1408 2499 dessnit
1424 2433 1528 2514 Trio..

351 2559 434 2606 sess.
448 2541 499 2618 st,
516 2559 589 2608 can.
606 2543 637 2618 t,
652 2543 693 2606 de
707 2543 803 2609 Scor.
816 2554 931 2621 metr„
950 2543 1007 2608 ubi
1020 2543 1349 2608 anathematizantur
1362 2549 1528 2625 negantes

352 2649 535 2714 Ecclesiam
547 2650 744 2734 dispensare
759 2652 906 2734 possein
918 2650 1092 2715 nonnullis
1102 2651 1263 2733 gradibus
1272 2651 1528 2734 perLeviticum

351 2756 539 2840 prohibitis.
556 2756 650 2822 ldem
664 2759 824 2823 statuitur
836 2777 866 2824 c.
883 2759 912 2836 8,
932 2759 973 2822 de
987 2759 1137 2838 Dtoort.;
1152 2776 1233 2824 nem
1245 2757 1299 2824 lex
1312 2759 1378 2824 ista
1391 2759 1528 2824 Levitici

351 2864 415 2929 luit
429 2864 552 2947 partim
571 2865 829 2943 ceremoniam,
851 2865 975 2948 partim
991 2865 1172 2948 judicialis,
1188 2884 1263 2949 quaa
1282 2883 1343 2951 per
1359 2865 1528 2932 Christum

352 2972 478 3037 abolita
492 2990 617 3039 novam
631 2974 814 3040 Ecclesiam
829 2992 899 3039 non
914 2974 1053 3056 obligat.

386 3135 473 3194 Dices
492 3154 499 3194 :
517 3137 547 3195 C.
566 3141 609 3209 lt,
625 3152 653 3195 v.
673 3135 821 3210 opinioni,
837 3136 872 3194 de
883 3137 987 3197 liesttt.
1007 3135 1139 3210 spoliet,
1158 3139 1237 3209 Papa
1256 3137 1431 3196 rescribite
1453 3139 1527 3196 Sede

350 3227 521 3298 Apostolica
536 3241 597 3286 nou
615 3243 706 3302 posse
720 3227 888 3301 dispensari
907 3227 944 3286 ad
962 3227 1153 3285 matrimonia
1171 3227 1200 3284 in
1218 3228 1346 3286 Levitico
1362 3229 1525 3302 prohibita3

351 3330 392 3396 err¹
411 3330 471 3388 quo
492 3316 643 3392 colligitur
664 3331 701 3376 ea
723 3331 790 3376 esse
813 3317 881 3390 iure
903 3315 1031 3374 naturali
1053 3317 1146 3374 irrita.
1175 3319 1264 3389 Resp.
1286 3317 1350 3374 lton
1371 3321 1471 3388 potest
1490 3315 1527 3374 de

351 3421 443 3465 cursu
471 3408 636 3473 ordinario.
660 3407 736 3466 bene
760 3421 831 3466 vero
859 3406 1106 3476 extraordinario,
1128 3405 1155 3463 si
1174 3419 1267 3464 causa
1286 3405 1387 3480 gravis
1410 3411 1526 3480 urgeat.

351 3499 450 3571 Neque
466 3498 618 3572 colligitur
632 3498 829 3556 irritationem
848 3511 954 3557 eorum
971 3511 1038 3556 esse
1055 3495 1134 3570 iuris
1152 3497 1320 3555 naturalis:
1342 3511 1410 3555 nam
1432 3511 1526 3569 nepos
1641 3487 1649 3498 '

350 3587 525 3658 prohibetur
538 3587 579 3646 ibi
595 3587 769 3647 contrahere
790 3601 859 3646 cum
875 3587 965 3645 amita
979 3586 1026 3645 uel
1040 3591 1211 3657 matertera;
1231 3601 1291 3644 non
1310 3591 1409 3645 tamen
1429 3585 1527 3657 neptis

351 3690 420 3735 cum
443 3683 548 3750 patruo
568 3678 615 3736 vel
634 3678 796 3750 avunculo,
823 3693 892 3737 cum
914 3683 1014 3736 umen
1038 3677 1152 3736 sintin
1179 3677 1283 3736 eodem
1305 3677 1420 3752 gradu;
1446 3675 1526 3750 quod

352 3765 475 3838 signum
496 3771 543 3825 est
557 3767 654 3842 legem
673 3767 763 3828 istam
778 3767 875 3827 luisse
890 3767 1050 3840 positivam
1065 3767 1208 3840 divinam,
1223 3781 1283 3826 non
1299 3781 1370 3825 vero
1384 3766 1527 3826 moralem

352 3859 383 3912 et
396 3854 572 3914 naturalem.

392 4036 492 4122 Resp.
511 4038 541 4102 3.
565 4037 848 4122 consanguinitas
869 4040 904 4104 in
928 4038 1038 4126 primo
1059 4038 1168 4122 gradu
1187 4038 1286 4104 tineae
1309 4041 1523 4115 transversa,

352 4151 436 4231 puta
448 4147 538 4212 inter
555 4148 694 4213 tratrem
710 4153 744 4214 et
756 4167 920 4228 sororem,
934 4151 1011 4234 jure
1025 4149 1170 4214 naturali
1185 4165 1256 4213 non
1272 4147 1399 4212 dirimit
1413 4147 1527 4212 matri-

353 4255 681 4336 moniumziteS.D.,
698 4258 733 4320 in
746 4257 777 4334 4,
795 4257 826 4322 (1.
840 4258 891 4336 to,
909 4277 940 4342 q.
956 4277 1014 4322 un.
1030 4276 1061 4322 a.
1078 4258 1112 4321 in
1129 4257 1241 4340 Oorp„
1253 4257 1326 4320 etb·
1341 4256 1393 4332 1³,
1411 4276 1442 4339 q.
1455 4255 1524 4331 let,

354 4381 383 4427 a.
406 4365 437 4441 9,
454 4363 497 4428 ad
513 4364 542 4440 3,
560 4365 710 4430 subdens
731 4386 738 4430 :
763 4389 778 4424 «
793 4365 875 4430 hliae
894 4383 1065 4450 personae,
1085 4381 1159 4449 quae
1182 4383 1252 4430 non
1267 4365 1527 4444 conjunguntur

354 4471 543 4535 secundum
558 4491 594 4536 se
610 4473 712 4555 ipsas,
736 4474 796 4538 sed
813 4493 875 4558 per
893 4473 1049 4539 ordinem
1066 4473 1109 4539 ad
1126 4477 1297 4557 parentes,
1316 4491 1387 4536 non
1400 4472 1527 4536 habent

353 4580 400 4643 ite
416 4599 459 4642 ex
474 4599 511 4644 se
526 4581 607 4664 ipsis
622 4581 849 4647 indecentiam
864 4581 962 4663 (sicut
977 4587 1136 4665 parentes
1155 4584 1189 4646 et
1203 4580 1286 4659 lllii);
1304 4579 1364 4644 sed
1376 4580 1527 4644 variatur

352 4687 440 4754 circa
451 4689 515 4755 hoc
534 4689 688 4756 decentia
706 4691 761 4756 vel
775 4690 966 4756 indecentia
986 4687 1474 4758 secundumconsuetudinem
1491 4691 1527 4754 et
