3418 5566
377 585 437 650 388
837 599 887 646 tus
908 599 1087 647 cauorruuu.

376 716 526 802 corporis
541 715 732 782 verberatio
745 733 824 780 eum
835 714 1055 798 relegatione.
1071 717 1103 780 2⁶
1119 715 1152 780 Si
1161 720 1317 800 stuprum
1328 715 1548 780 commissum

377 829 498 894 fuisset
523 827 557 892 vi
589 827 747 904 adhibita,
775 826 901 909 duplex
928 831 1001 891 erat
1023 843 1126 910 poena
1152 841 1214 909 pro
1241 823 1350 906 gradu
1373 823 1546 894 criminis:

378 935 514 1022 quando
535 936 700 1017 agebatur
723 935 764 1000 de
786 939 902 1018 stupro
923 935 1083 1018 perlecto,
1106 932 1142 996 in
1164 935 1392 1016 stupratorem
1417 931 1550 996 decreta

173 1021 175 1028 ¹
263 1113 266 1118 ,
379 1047 452 1109 erat
464 1041 697 1126 prenacapitis
711 1043 782 1106 sive
799 1043 930 1129 mertis,
951 1040 1140 1123 praesertim
1169 1040 1197 1104 si
1211 1039 1310 1104 valde
1338 1041 1491 1104 bouestae
1516 1041 1549 1102 et

378 1150 508 1234 pudicae
527 1150 663 1215 leminae
683 1153 839 1233 stuprum
860 1148 935 1213 fuit.
959 1149 992 1212 Si
1008 1150 1246 1232 imperfectum
1261 1149 1305 1211 sit
1320 1153 1487 1230 stuprum,
1509 1163 1549 1209 eo

379 1257 470 1342 quod
484 1257 610 1340 virgae
626 1255 783 1322 manibus
796 1257 996 1340 stupratoris
1014 1274 1050 1320 se
1062 1257 1224 1340 eripuerit
1236 1260 1296 1320 aut
1308 1259 1425 1338 erepta
1438 1253 1547 1328 luerit,

377 1383 481 1448 poena
494 1370 568 1430 erat
577 1364 822 1448 deportationis
837 1362 892 1429 vel
905 1363 1143 1446 instigationis.

416 1474 448 1536 3ο
465 1473 628 1550 Quaerunt
643 1473 747 1538 etiam
762 1473 929 1550 doctores,
947 1476 1062 1536 utrum
1076 1471 1187 1536 eidem
1204 1489 1315 1556 poeuae
1336 1470 1455 1555 capitis
1474 1469 1551 1533 sub

373 1575 509 1660 jiciatur
524 1575 771 1660 stupratorqui,
789 1574 883 1640 nulla
898 1576 932 1639 vi
946 1575 1109 1654 adbibita,
1122 1575 1272 1659 puellam
1283 1573 1466 1648 blanditiis,
1478 1590 1552 1654 per-

378 1683 605 1758 suasionibus,
618 1683 818 1746 muneribus
832 1681 974 1765 aliisque
984 1681 1160 1747 fraudibus
1173 1683 1216 1747 ad
1225 1681 1393 1764 flagitium
1403 1679 1553 1744 induxit?

377 1794 458 1860 lluae
474 1799 555 1858 sunt
568 1792 757 1868 sententiae,
780 1796 815 1856 et
836 1792 1050 1857 communior
1071 1792 1262 1858 affirmabat
1286 1813 1293 1854 z
1319 1792 1393 1855 istae
1415 1789 1554 1872 disposi-

379 1903 490 1968 tiones
502 1901 589 1986 juris
600 1901 708 1966 civilis
723 1902 971 1967 immanitatem
985 1901 1105 1984 flagitii
1119 1901 1296 1985 perspicue
1312 1899 1507 1973 ostendunt,
1522 1900 1556 1962 et

377 2012 470 2094 ipsos
491 2009 716 2076 confessarios
741 2008 874 2074 erudire
898 2015 1044 2093 possunt
1063 2009 1099 2074 in
1122 2009 1326 2076 salutaribus
1346 2005 1556 2092 pernitentiis

377 2121 604 2204 imponendis.

419 2229 449 2310 d)
472 2228 510 2292 ln
531 2231 609 2311 iure
630 2226 754 2293 Gallico
773 2228 847 2309 (art.
870 2227 1004 2292 3314133
1024 2226 1154 2292 Codicis
1169 2227 1336 2312 poenalis),
1361 2225 1462 2292 variae
1477 2227 1558 2288 sunt

379 2355 501 2420 poenae,
516 2340 618 2420 prout
634 2341 794 2420 stupratae
808 2340 889 2399 sunt
903 2336 942 2399 lb
954 2335 1053 2400 annis
1066 2335 1218 2401 minores
1229 2336 1284 2402 vel
1294 2337 1452 2419 majores,
1468 2334 1557 2416 faeta

379 2445 484 2510 etiam
503 2445 718 2510 distinetione
733 2445 823 2510 inter
841 2446 1095 2520 contumeliam,
1118 2445 1279 2528 injuriam
1305 2449 1340 2510 et
1358 2442 1556 2509 violentiam

381 2555 546 2636 (outrage,
563 2558 708 2618 attentat
728 2553 793 2618 bla
806 2553 948 2638 pudeur,
972 2554 1052 2636 viol)
1073 2554 1244 2637 pudicitia
1266 2552 1405 2618 alterius
1433 2549 1554 2615 illatas.

381 2659 486 2726 Poena
499 2666 552 2726 est
569 2660 713 2727 reclusio
730 2661 786 2727 vel
802 2662 974 2727 damnatio
990 2661 1033 2726 ad
1048 2660 1216 2741 triremes,
1233 2661 1275 2726 ad
1294 2666 1430 2744 tempus
1450 2657 1506 2722 vel
1521 2658 1557 2721 in

381 2777 595 2854 perpetuum,
608 2771 839 2854 progravitate
868 2771 1030 2836 criminis.
1048 2771 1113 2836 Sed
1129 2770 1315 2838 notandum
1330 2775 1382 2836 est
1396 2766 1486 2852 quod
1493 2769 1553 2851 jus
1580 2792 1583 2798 ·
1674 2785 1675 2824 1

382 2877 545 2943 Gallicum
561 2898 632 2943 non
646 2880 839 2944 considerat
853 2879 919 2943 nisi
935 2885 1072 2944 aetatem
1093 2885 1153 2944 aut
1172 2880 1242 2944 vim
1264 2878 1404 2955 illatam,
1426 2878 1557 2961 absque
1674 2905 1675 2924 .

383 2985 597 3051 distinctione
612 2987 701 3050 inter
715 2986 869 3068 virgines
884 2993 919 3050 et
929 2986 1171 3071 muliereejam
1182 2990 1368 3071 corruptas.
1674 3075 1675 3078 Ἴ

421 3093 447 3175 c)
463 3093 567 3158 Poena
580 3095 688 3178 stupri
703 3093 745 3158 de
759 3094 840 3175 jure
857 3097 1026 3159 canonico.
1051 3095 1082 3158 1ο
1104 3095 1138 3159 Si
1160 3100 1333 3178 stuprator
1348 3094 1392 3158 sit
1402 3092 1557 3182 clericus,

379 3201 457 3282 jure
477 3202 585 3267 veteri
602 3201 686 3282 (can.
703 3201 754 3278 lb,
770 3219 799 3265 c.
816 3203 845 3277 2,
863 3203 894 3280 9,
917 3204 953 3278 7;
970 3220 1042 3285 cap.
1060 3202 1075 3265 1
1090 3203 1124 3265 h.
1146 3203 1183 3285 t.)
1200 3203 1405 3286 puniebatur
1425 3201 1559 3284 deposi-
1674 3215 1675 3274 t

382 3309 475 3373 tione
493 3311 534 3374 eb
553 3311 675 3388 oissoio,
696 3329 774 3375 cum
795 3310 969 3376 dotatione
988 3309 1110 3394 puellae
1128 3316 1245 3396 stupro
1267 3311 1412 3377 violatae.
1437 3310 1556 3387 bodie,
1674 3309 1675 3386 i

383 3421 507 3498 preater
525 3417 614 3482 dotis
632 3419 898 3501 praestationem,
917 3419 1058 3500 punitur
1070 3419 1208 3483 arbitrio
1220 3418 1354 3502 judicis,
1375 3417 1559 3501 aliquando

383 3523 663 3602 incarceratione,
683 3525 865 3610 aliquando
891 3527 1114 3610 suspensione
1134 3526 1191 3591 vel
1213 3527 1434 3610 depositione.
1455 3525 1487 3590 Si
1506 3526 1558 3588 vis

384 3633 575 3709 accesserit,
588 3638 702 3716 potest
716 3634 819 3698 etiam
832 3635 1053 3699 condemnari
1067 3633 1109 3698 ad
1123 3652 1276 3700 carceres
1290 3639 1484 3718 perpetuos.
1674 3693 1675 3726 ,

424 3742 456 3804 2⁰
470 3740 504 3804 Si
517 3740 719 3825 delinquens
734 3742 840 3806 laicus
851 3743 908 3819 sit,
927 3747 1062 3807 tenetur
1071 3723 1271 3826 ‘corruptam
1294 3743 1429 3818 ducere,
1450 3740 1505 3808 vel
1529 3741 1557 3804 si

383 3847 472 3914 hanc
484 3855 581 3932 pater
596 3849 676 3914 dare
690 3849 853 3926 renuerit,
870 3849 998 3926 dotare,
1011 3868 1072 3914 seu
1087 3851 1276 3932 generatim
1290 3856 1424 3916 tantum
1437 3868 1559 3933 repen·
1674 3865 1675 3936 t

384 3958 475 4036 dere,
493 3962 660 4042 quantum
675 3958 839 4023 damnum
855 3959 978 4041 virgini
995 3966 1047 4024 est
1062 3965 1217 4024 secutum
1233 3963 1271 4042 (c.
1289 3960 1304 4023 1
1325 3961 1358 4024 h.
1374 3964 1421 4040 1.).
1437 3958 1515 4035 Sed,
1674 3945 1675 3956 ἶ

421 4067 473 4130 An
484 4067 639 4155 sufficiat,
656 4067 683 4129 ai
696 4071 867 4149 stuprator
876 4066 1055 4149 puellema
1069 4087 1105 4132 se
1119 4073 1312 4152 corruptam
1326 4067 1490 4134 velducet
1501 4067 1558 4132 vel
1674 4061 1675 4134 ἶ

383 4174 501 4239 dotet?
515 4173 563 4237 Ex
573 4191 601 4238 o.
619 4175 634 4237 1
650 4174 685 4238 h.
709 4179 744 4250 t.,
771 4180 954 4256 utrumque
970 4175 1162 4258 requiritur,
1194 4181 1233 4239 ut
1249 4195 1360 4259 prenae
1384 4175 1558 4242 canonicae
1674 4201 1675 4236 r

380 4287 542 4363 vitentur,
558 4286 748 4371 praesertim
772 4286 801 4349 si
826 4285 878 4349 vis
899 4285 1049 4349 adbibita
1068 4287 1142 4352 luit.
1159 4286 1297 4362 Tamen,
1315 4285 1357 4350 de
1376 4288 1558 4350 consuetu·
1674 4287 1675 4354 l

380 4393 470 4470 dine,
490 4391 804 4475 obligeturtantum
821 4394 863 4457 ad
882 4379 1084 4458 alterutrum
1101 4413 1108 4456 :
1128 4393 1220 4458 unde
1231 4394 1260 4457 si
1273 4411 1332 4476 spe
1346 4391 1558 4456 matrimonii

379 4501 556 4567 ueletiam
574 4502 651 4566 llcte
671 4502 831 4584 promissi
849 4501 984 4566 induxit
1001 4501 1151 4585 puellam
1171 4501 1214 4566 ad
1234 4506 1402 4585 stuprum,
1418 4505 1558 4565 tenetur

380 4626 456 4674 eam
470 4609 593 4674 ducere
606 4630 614 4686 ;
631 4610 659 4673 si
670 4611 713 4674 ob
728 4608 1011 4692 impedimentum
1027 4610 1155 4675 ordinis
1168 4609 1264 4685 sacri,
1279 4608 1461 4691 ligaminis,
1474 4613 1554 4684 ete,

379 4721 528 4800 nequeat
552 4717 808 4783 matrimonium
830 4719 1043 4800 contrahere,
1079 4723 1216 4784 tenetur
1249 4717 1399 4802 puellam
1423 4717 1553 4784 dotare.
