3418 5566
413 591 416 602 ’
482 637 569 684 nisan
589 637 713 692 coranos
734 635 950 683 oncanrnnrun.
1246 619 1306 684 373

138 755 404 821 manicationem
418 759 452 820 et
464 755 690 838 privationem
702 753 886 839 sepultura
908 771 1023 832 sacrae,
1049 755 1185 839 quando
1201 757 1305 838 agita-

137 864 248 930 tiones
259 863 346 927 flunt
360 860 491 928 secluso
506 864 624 928 mortis
638 863 787 946 periculo
801 867 836 928 at
850 867 945 928 extra
959 861 1031 928 dies
1043 862 1159 928 fastos.
1184 862 1303 947 ltaque

139 971 167 1038 si
181 972 388 1037 sufficienter
407 977 567 1039 caveatur
586 991 629 1039 ne
647 973 757 1039 caedes
779 973 965 1055 contingat,
988 971 1127 1054 agitatio
1152 973 1303 1056 permitti

138 1085 260 1166 potest.

541 1449 752 1525 TITULUS
791 1448 890 1523 XIV.

416 1643 454 1690 DE
474 1643 604 1720 cissitis
623 1641 829 1690 aususausus
850 1643 880 1688 IN
900 1640 1022 1688 nunno.

174 1877 268 1968 Nora.
285 1903 436 1971 Praesens
450 1906 582 1971 rubrica
596 1905 741 1971 strictior
750 1908 803 1969 ost
813 1905 921 1988 niqra,
934 1921 995 1968 seu
1005 1920 1126 1968 sensus
1136 1901 1238 1966 latior.
1251 1903 1304 1964 est

135 2013 258 2090 verbis,
274 2030 353 2076 cum
363 2013 400 2077 in
414 2014 479 2079 hoo
492 2013 600 2090 titulo,
617 2031 687 2081 non
701 2016 835 2078 tantum
848 2009 987 2087 clericis,
1003 2009 1062 2074 sed
1079 2009 1181 2074 etiam
1194 2006 1299 2084 laicis,

136 2118 287 2186 duellum
300 2121 530 2208 prohibeatur.

410 2333 425 2402 5
444 2333 465 2389 1.
484 2331 525 2391 De
536 2338 650 2393 catara
663 2309 905 2406 et'protibtttone
923 2330 1022 2391 duelli.

500 2505 520 2556 1.
538 2503 643 2556 Natura
656 2503 685 2556 et
699 2503 821 2558 varietas
836 2502 933 2557 duelli.

174 2652 206 2734 a)
217 2651 374 2716 Duellum
386 2653 434 2716 sic
448 2652 649 2728 dictumest,
665 2653 743 2737 quia
757 2658 809 2718 est
818 2653 965 2717 duorum
978 2651 1122 2728 hellum;
1140 2653 1229 2716 sumi
1244 2671 1302 2736 po-

132 2763 199 2825 test
219 2761 255 2824 in
269 2779 372 2826 sensu
391 2759 471 2838 lato,
492 2779 553 2824 seu
566 2779 628 2844 pro
651 2762 835 2825 certamine
855 2747 946 2826 inter
958 2759 1041 2825 duas
1054 2765 1178 2844 partes,
1195 2759 1251 2825 val
1264 2760 1302 2824 in

134 2887 237 2934 sensu
259 2869 385 2944 stricto,
408 2887 469 2952 pro
488 2870 672 2934 certamine
689 2869 852 2950 singulari
872 2868 1026 2933 duorum.
1045 2867 1082 2931 ln
1101 2868 1166 2932 hoc
1180 2868 1301 2933 ultimo

134 2993 237 3040 sensu
259 2975 419 3058 accipitur
441 2975 477 3039 in
498 2975 657 3058 praesenti
679 2973 788 3051 titulo,
806 2979 840 3038 et
857 2993 967 3056 graece
991 2997 1006 3032 a
1030 2975 1299 3040 monomachia»

134 3081 411 3148 diciturileilniri
420 3085 549 3165 potest:
562 3105 577 3139 κ
593 3079 777 3162 Singularis
788 3099 904 3163 pugna
914 3080 1118 3146 excondicto
1133 3081 1299 3146 aduobus

134 3195 254 3274 sponte
268 3192 434 3270 suscepta.
453 3214 468 3246 »
478 3187 584 3269 Igitur
598 3188 641 3252 ad
654 3187 822 3253 rationem
832 3187 935 3252 duelli
950 3187 1151 3271 requiritur:
1165 3189 1196 3250 l·
1209 3187 1300 3273 qnod

134 3299 178 3362 sit
189 3315 305 3382 pugna
321 3297 423 3360 unius
437 3300 555 3363 contra
567 3295 722 3372 alterum,
742 3295 798 3360 vel
812 3313 998 3379 paucorum
1017 3300 1135 3361 contra
1153 3315 1298 3379 paucos;

70 3473 73 3478 ,
132 3409 165 3471 2⁰
181 3405 271 3492 quod
287 3407 330 3472 sit
352 3423 467 3490 pugno
485 3404 611 3470 indicta
631 3423 669 3470 ac
694 3411 850 3488 suscepta
869 3423 912 3470 ex
931 3407 1063 3489 privata
1083 3405 1297 3484 auctoritatc3

131 3517 163 3580 3⁰
178 3516 269 3601 quod
282 3535 325 3581 ax
339 3515 493 3581 condicto
508 3521 664 3598 suscepta
677 3515 789 3592 inerit,
801 3533 862 3581 seu
879 3517 1052 3598 praeeunte
1062 3514 1297 3594 designatione

131 3624 207 3702 loci,
233 3624 406 3708 temporis,
429 3626 511 3700 etc.;
536 3621 682 3718 denique
703 3622 736 3686 4ο
758 3622 849 3707 quod
871 3640 986 3707 pugna
1007 3623 1067 3687 ssat
1093 3623 1195 3689 armis
1215 3623 1298 3689 lcta-

132 3733 232 3798 libus.

173 3840 202 3921 d)
213 3841 311 3906 Aliud
321 3845 373 3906 est
385 3841 529 3905 solemne
539 3859 600 3906 sau
610 3839 792 3924 publicum,
809 3838 901 3924 quod
915 3840 954 3904 fit
967 3857 1045 3904 cum
1059 3841 1159 3904 cortis
1174 3840 1298 3908 solem·

134 3952 306 4030 nitatibus,
339 3952 529 4036 cujusmodi
557 3956 647 4029 sunt,
675 3956 799 4036 praeter
826 3951 1143 4018 determinationem
1171 3953 1236 4019 loci
1265 3960 1299 4020 et

134 4063 313 4145 temporis,
339 4059 459 4125 litterae
481 4062 724 4144 provocatoria
752 4065 787 4126 et
810 4061 934 4144 patrini
959 4080 1020 4125 sen
1048 4061 1296 4139 secundantes;

135 4171 417 4258 aliudprioatom,
427 4171 519 4256 quod
529 4171 568 4236 tlt
579 4171 652 4238 sina
669 4170 765 4237 dictis
775 4170 1054 4238 solemnitatibus.

560 4363 592 4415 ll.
609 4361 762 4418 Prohlhltlo
776 4363 871 4418 duelli.

176 4513 209 4594 o)
223 4508 341 4575 Duella
353 4510 521 4594 prohibita
535 4515 614 4575 sunt
623 4515 700 4596 jure
715 4509 950 4589 ecclesiastico,
968 4512 1112 4578 naturali
1126 4517 1159 4576 et
1169 4493 1295 4579 divino.

137 4623 168 4686 1⁰
182 4618 279 4697 Quod
293 4619 362 4684 sint
372 4619 540 4702 prohibita
551 4622 627 4704 jura
645 4620 879 4700 ecclesiastico,
896 4627 1030 4687 constat
1040 4640 1083 4685 ex
1096 4626 1168 4686 toto
1180 4621 1245 4687 hoc
1259 4625 1297 4686 ti·

138 4727 219 4804 tulo,
230 4745 272 4793 ax
283 4745 376 4792 conc.
388 4726 488 4805 Trid,
501 4747 584 4796 sess.
596 4731 645 4806 95,
658 4747 685 4795 c.
699 4731 748 4806 19,
762 4730 803 4794 de
816 4729 976 4812 Resona,
989 4733 1024 4792 et
1039 4747 1080 4794 ex
1091 4729 1206 4796 multis
1218 4749 1295 4801 cou-
