3412 5570
473 492 561 539 uruca
581 493 708 558 scrupus
731 491 950 540 assumamur.
1244 469 1304 535 lca

172 614 203 678 ⁹2⁰
215 611 380 698 Eopcrtc
397 621 491 678 cotos
511 621 543 676 ct
563 614 797 690 mim'strcotr's,
825 630 965 677 neeesse
987 615 1039 675 est
1063 616 1101 674 ut
1120 615 1301 675 exerceant

133 723 394 790 cotumordinis
415 725 600 807 proprium,
625 730 659 790 et
676 745 717 791 eo
732 724 834 790 modo
855 741 933 808 quo,
949 723 982 788 ri
998 721 1136 798 ordinis,
1155 719 1305 786 exerceri

133 833 238 897 solet:
255 852 288 896 v.
305 852 337 914 g.
363 833 390 896 si
406 833 551 916 simplex
562 834 719 899 sacerdos
734 834 903 900 conferret
916 832 1063 909 ordines,
1079 832 1240 896 diaconus
1254 850 1306 897 cc·

131 942 278 1007 lebraret
292 943 442 1018 missam,
457 948 516 1007 aut
530 943 728 1008 solemniter
741 943 926 1027 baptizaret
940 943 1012 1007 siue
1028 942 1140 1007 debita
1154 941 1300 1018 licentia,

133 1049 360 1114 subdiaconus
385 1055 536 1116 cantaret
559 1029 747 1116 cum'stola
770 1051 997 1132 evangelium,
1026 1051 1205 1115 minorista
1226 1068 1305 1114 cum

133 1159 306 1242 manipulo
329 1159 518 1242 epistolam,
542 1165 605 1224 eto.
626 1159 719 1225 Unde
734 1160 929 1242 irregularis
943 1178 1014 1224 non
1028 1165 1119 1224 esset
1138 1159 1245 1243 quiin
1260 1160 1306 1224 of-

131 1268 208 1332 sscio
224 1267 368 1332 solemni
382 1272 534 1333 cantaret
548 1269 728 1351 epistolam
742 1269 797 1333 vel
813 1268 1039 1350 evangelium,
1058 1269 1161 1332 etiam
1178 1267 1303 1332 dalma-

133 1375 197 1439 tica
218 1367 371 1452 indutus,
393 1376 452 1441 sed
472 1376 545 1440 sine
561 1376 734 1460 manipulo
757 1381 792 1440 et
810 1375 907 1454 stola,
923 1395 1047 1460 nempe
1067 1376 1140 1440 sine
1159 1375 1304 1458 propriis

132 1481 321 1564 insignibus
343 1484 474 1550 diaconi
494 1489 529 1549 et
552 1484 759 1550 subdiaconi.
781 1484 830 1549 lta
848 1484 1076 1549 communiter
1096 1484 1305 1548 conicitur

130 1591 245 1674 itaque
253 1615 268 1648 α
276 1596 371 1656 actus
382 1593 538 1676 proprius
549 1592 712 1667 ordinis»,
725 1592 782 1676 qui
792 1608 861 1656 non
872 1596 991 1674 posset
999 1590 1108 1656 valide
1119 1591 1175 1656 vel
1185 1591 1306 1657 saltem

131 1696 221 1761 licite
232 1699 306 1762 sseri
318 1717 339 1763 a
352 1717 422 1764 non
436 1698 602 1774 ordinato,
613 1699 749 1763 volsseri
760 1717 801 1764 eo
813 1699 916 1764 modo
930 1717 997 1783 quo
1008 1699 1046 1762 llt
1058 1719 1065 1763 :
1079 1699 1169 1764 unde
1182 1703 1307 1781 praeter

133 1823 192 1869 eos
201 1809 296 1870 actus
310 1808 368 1891 qui
381 1806 421 1870 de
433 1808 511 1890 jure
526 1806 640 1872 divino
656 1812 736 1870 sunt
750 1807 875 1890 proprii
888 1806 1027 1885 ordinis,
1043 1807 1197 1891 adeoque
1212 1807 1307 1871 inva-

132 1913 202 1992 lidi,
216 1915 243 1978 si
258 1915 343 1979 fiant
355 1933 454 1980 anon
470 1915 645 1994 ordinatis,
657 1914 714 1980 alii
728 1916 831 1980 etiam
844 1920 925 1980 sunt
940 1915 980 1981 de
992 1919 1069 1999 jure
1081 1915 1308 1981 ecclesiastico

132 2023 269 2106 proprii,
286 2026 324 2086 ut
336 2023 589 2088 benedictiones
604 2023 825 2107 pontificales,
842 2025 1031 2107 baptismus
1052 2023 1224 2100 solemnis,
1241 2028 1304 2090 etc.

174 2131 276 2194 3⁰13oe
290 2139 390 2216 porte
411 2133 609 2216 occultionis
624 2139 656 2195 et
670 2133 866 2212 uoluntatis,
881 2132 1066 2216 requiritur
1080 2137 1118 2196 ut
1135 2131 1169 2196 id
1183 2133 1243 2198 tlat
1260 2136 1306 2198 te·

133 2257 238 2316 mere,
250 2242 427 2303 utconstat
438 2257 518 2303 exc.
531 2239 547 2302 l
558 2238 591 2301 h.
606 2239 654 2302 tit.
669 2244 831 2322 «propter
840 2241 1102 2316 temeritatem»,
1112 2257 1151 2304 ac
1162 2239 1305 2323 proinde

135 2347 291 2411 scienter.
312 2346 409 2412 Ratio
426 2351 486 2425 est,
509 2347 589 2430 quia
606 2348 678 2410 haec
698 2346 930 2428 irregularitas
953 2353 1005 2412 est
1024 2347 1169 2431 poenalis
1183 2368 1244 2413 seu
1264 2353 1321 2413 ex'

135 2454 267 2532 delicto,
287 2459 321 2518 et
339 2454 415 2519 ideo
431 2455 592 2537 supponit
611 2459 724 2520 actum
738 2455 887 2536 graviter
904 2455 1107 2538 culpabilem
1124 2477 1131 2520 :
1151 2461 1306 2522 cessante
1338 2447 1342 2456 ’

134 2581 215 2644 ergo
229 2561 339 2646 culpa,
355 2582 426 2627 non
440 2563 670 2628 incurreretur
683 2563 926 2644 irregularitas.

175 2671 240 2736 Sed
253 2689 329 2754 quar
344 2671 703 2752 ignorantiaexcusat?
718 2671 854 2735 Certum
869 2675 922 2735 est
932 2671 1307 2752 ignorantiaminvincl-

134 2780 237 2844 bilem
253 2799 320 2863 qua
334 2773 409 2863 quis
420 2785 556 2862 putaret
571 2799 607 2845 se
621 2781 746 2844 habere
762 2779 858 2842 illum
870 2780 1025 2845 ordinem
1040 2801 1143 2865 quem
1158 2789 1304 2860 exercet,

135 2905 297 2952 excusare
311 2907 318 2964 ;
335 2886 370 2950 in
385 2887 451 2951 hcc
464 2905 545 2951 casu
561 2885 654 2950 nulla
667 2891 759 2950 esset
772 2886 879 2969 culpa.
896 2921 938 2935 -
950 2887 1060 2972 Aliqui
1074 2894 1197 2971 putant
1210 2891 1307 2971 igno-

134 2996 280 3062 rantiam
305 3013 455 3059 crassam
476 2995 579 3059 etiam
596 3011 770 3071 excusare,
787 2995 865 3078 quia
882 3013 985 3080 poena
997 3002 1049 3061 est
1067 2983 1165 3063 ualde
1180 2999 1305 3080 gravis,

107 3157 110 3164 .
133 3105 278 3188 ideoque
293 3121 363 3168 non
378 3101 643 3180 incurritur‚nisi
656 3120 676 3167 a
688 3103 815 3167 sciente
832 3109 865 3166 et
875 3105 1054 3169 temerarie
1064 3111 1304 3186 praesumente,

135 3212 206 3275 sive
228 3230 290 3295 per
310 3205 545 3294 contemptum
562 3209 777 3274 ministrante
800 3229 808 3272 :
827 3211 874 3275 ita
893 3209 1026 3287 Suarez,
1046 3212 1184 3294 Pirhiug
1199 3217 1234 3278 ot
1251 3214 1308 3278 alii

134 3319 225 3401 apud
238 3318 422 3400 Schmalzg.
439 3319 483 3400 (h.
502 3321 525 3380 t.
546 3337 581 3381 ιι.
598 3317 639 3400 8),
655 3317 713 3401 qui
728 3315 924 3400 simpliciter
938 3322 973 3382 et
984 3319 1057 3384 sine
1072 3319 1142 3384 ulla
1155 3321 1306 3386 animda-

133 3428 291 3492 versicne
301 3427 394 3493 illam
404 3427 608 3508 sententiam
620 3428 733 3491 refert.
747 3426 873 3492 Tamen
884 3427 940 3492 alii
951 3429 1158 3512 probabilius
1173 3430 1307 3508 docent,

135 3555 178 3599 ex
194 3553 222 3600 c.
239 3537 258 3599 9
274 3536 323 3598 tit.
341 3553 427 3621 sup,
450 3535 678 3615 ignorantiam
702 3552 862 3613 crassam,
884 3535 1078 3600 vincibilem
1089 3555 1131 3602 ac
1151 3539 1308 3621 supinam

122 3664 204 3710 ¹non
220 3663 381 3710 excusare
397 3643 504 3726 (Apud
519 3644 794 3724 Benninghaus,
813 3645 853 3708 dc
868 3644 986 3728 irrep,
1004 3649 1026 3707 t.
1042 3644 1067 3723 l,
1089 3665 1121 3728 p.
1147 3647 1227 3728 165).
1245 3647 1308 3722 Qui

135 3753 342 3816 ministraret
351 3753 386 3815 iu
397 3751 514 3816 ordine
525 3770 627 3834 quem
638 3751 795 3835 suscepit,
808 3751 869 3815 sed
879 3750 1084 3829 defectuosa,
1095 3754 1174 3836 quia
1183 3753 1309 3838 aliquid

139 3860 360 3925 substantiale
372 3859 427 3924 vel
439 3860 644 3926 accidentale
660 3860 826 3925 omissum
839 3860 914 3936 fuit,
930 3861 977 3925 ita
991 3866 1029 3924 ut
1044 3862 1175 3927 dubitet
1195 3880 1240 3928 an
1252 3880 1310 3926 va·
1333 3921 1336 3926 .

139 3970 205 4034 lide
221 3968 276 4034 vel
289 3969 448 4045 invalide,
468 3968 686 4052 probabiliter
699 3987 770 4034 non
795 3968 983 4034 incurreret
1005 3969 1307 4052 irregularitatem:

138 4095 258 4142 vorum
273 4078 303 4141 si
315 4077 466 4141 defectus
478 4077 514 4140 in
528 4077 741 4141 ordinatione
757 4081 848 4141 esset
862 4077 934 4142 sine
947 4077 1049 4167 dubio
1065 4077 1307 4170 substantialis,

137 4189 170 4250 et
183 4189 222 4248 ut
236 4183 311 4250 talis
325 4189 589 4266 cognosceretur
603 4202 624 4247 a
637 4183 863 4260 ministrante,
875 4184 930 4250 hic
953 4190 1046 4249 certo
1061 4183 1249 4249 incurreret
1266 4184 1310 4247 ir-

136 4293 403 4374 regularitatem.
426 4292 619 4358 Generatim
643 4311 723 4372 ergo
744 4293 946 4374 ignorantia,
969 4292 1154 4358 dummodo
1175 4312 1245 4357 non
1267 4293 1311 4355 sit

136 4419 261 4479 crassa,
273 4405 423 4478 excusat,
440 4419 501 4464 seu
514 4399 794 4484 quotiescumque
807 4418 877 4463 non
890 4403 942 4464 est
954 4400 1105 4481 graviter
1121 4399 1306 4484 culpabilis.

176 4509 210 4574 4⁰
222 4508 383 4594 Experto
397 4507 501 4587 modi,
513 4523 654 4572 necesse
672 4511 725 4570 est
739 4506 843 4571 etiam
865 4511 902 4571 ut
918 4507 1115 4572 ministrans
1135 4508 1171 4572 in
1191 4509 1308 4572 ordine

139 4635 209 4683 non
220 4621 389 4702 suscepto,
406 4621 485 4698 agat
498 4615 599 4691 serio,
616 4613 737 4680 saltem
752 4614 863 4698 quoad
878 4620 991 4680 actum
1007 4621 1206 4694 externum;
1229 4635 1310 4682 nam

280 4747 325 4789 ιιι.
1131 4725 1171 4789 30
