3514 5564
546 536 633 584 arasa
653 535 792 593 curares
812 535 1034 584 cesseramus.
1337 509 1375 580 9⁸1

211 657 291 735 nl,
311 654 348 720 in
364 655 445 737 tine)
465 653 555 722 dicat
572 655 778 722 sententiam
795 657 949 720 nostram
972 670 1048 718 esse
1071 631 1378 736 probabilissimam

211 770 247 830 et
259 764 476 829 tutissimam.
499 763 596 830 Proh.
619 765 648 828 l.
667 764 767 830 Juxta
784 782 856 849 cap.
877 764 897 828 3
916 763 982 828 eto
999 763 1033 826 h.
1054 767 1077 825 t.
1094 765 1213 827 votum
1235 758 1380 843 simplex

210 871 440 949 continentia,
453 872 482 936 si
496 870 648 938 validum
664 877 727 949 est,
752 870 894 956 impedit
912 870 1169 936 matrimonium
1190 867 1279 934 licite
1302 885 1388 966 eon-¹

165 1042 167 1053 ,
212 980 436 1058 trahendum3
464 981 525 1046 sed
547 987 667 1047 votum
688 980 832 1064 simplex
859 979 1077 1046 continentia
1100 983 1179 1062 post
1209 974 1380 1062 sponsalia

213 1089 389 1168 emissum,
405 1095 459 1154 est
477 1089 629 1156 validum
652 1088 853 1154 sllicitum:
875 1094 949 1154 tum
974 1089 1053 1172 quia
1074 1087 1167 1154 nullo
1186 1089 1264 1171 jure
1288 1087 1380 1150 inva-

210 1195 337 1262 lidatur
350 1197 408 1263 vel
422 1198 576 1264 illicitum
588 1198 753 1274 redditur,
769 1203 843 1262 tum
859 1197 938 1282 quia
951 1197 1110 1280 religiose
1119 1195 1378 1278 servaripotest,

214 1305 301 1372 sicut
319 1312 439 1372 votum
461 1308 625 1374 eastitatis
647 1308 810 1372 emissum
829 1312 908 1391 post
928 1307 1078 1391 nuptias,
1098 1321 1177 1372 cum
1196 1304 1276 1388 quia
1293 1303 1383 1386 Papa

212 1414 252 1496 (c.
266 1414 327 1479 th.
343 1417 378 1498 t.)
390 1415 565 1500 dispensat
573 1417 609 1480 in
619 1416 775 1492 tulivoto,
791 1416 944 1499 adeoque
957 1415 1119 1499 supponit
1131 1433 1207 1482 esse
1217 1411 1382 1486 validum;

213 1539 295 1604 ergo
310 1522 377 1588 tale
391 1528 511 1588 votum
525 1527 603 1607 post
617 1521 788 1608 sponsalia
800 1524 963 1588 emissum
974 1522 1116 1605 impedit
1128 1519 1385 1588 matrimonium

211 1626 301 1694 licite
316 1631 602 1708 contrahendum,
623 1631 811 1714 praesertim
825 1647 904 1696 cum
919 1632 999 1713 jura
1020 1629 1136 1694 omnia
1155 1629 1227 1693 sine
1250 1627 1385 1692 distinc-

214 1737 307 1802 tione
333 1737 446 1804 dicant
469 1755 532 1822 per
556 1745 675 1804 votum
702 1737 846 1823 simplex
872 1737 1035 1803 castitatis
1068 1736 1226 1819 impediri
1254 1733 1386 1799 licitum

215 1845 472 1911 matrimonium
486 1866 494 1908 ε
506 1864 545 1912 ac
559 1845 699 1930 proinde
714 1847 916 1913 adversariis
933 1845 1100 1910 incumbit
1116 1863 1203 1910 onus
1222 1843 1387 1928 probandi

215 1952 307 2038 quod
321 1959 441 2018 votum
455 1953 626 2037 sponsalia
637 1971 850 2038 consequens
865 1954 987 2020 alicubi
1002 1945 1198 2039 excipiatur.

255 2059 352 2126 Proh.
374 2061 404 2124 2.
428 2060 649 2144 sponsalibus
670 2063 761 2127 inest
782 2062 882 2128 tacita
903 2062 1067 2139 conditio,
1095 2061 1192 2126 «nisi
1212 2059 1388 2145 perfectio

215 2186 289 2234 rem
303 2174 338 2233 et
351 2169 420 2234 lleo
434 2169 618 2251 gratiorem
633 2174 760 2236 statum
775 2169 910 2252 elegero
928 2191 935 2232 ε
954 2196 969 2229 »
985 2189 1057 2253 arg.
1073 2187 1102 2235 c.
1118 2169 1150 2246 b,
1172 2169 1213 2234 de
1229 2168 1386 2236 Consors.
1403 2163 1408 2176 '

216 2275 364 2361 conjup„
389 2281 425 2342 et
445 2295 474 2342 c.
496 2275 528 2354 l,
548 2277 590 2342 de
612 2277 706 2356 Volo,
731 2277 789 2342 uhi
811 2278 890 2344 licet
913 2296 1026 2343 sermo
1048 2278 1092 2343 sit
1113 2276 1155 2343 de
1179 2278 1325 2343 transitu
1347 2275 1390 2341 ad

216 2381 418 2465 religionem
445 2386 588 2469 ejusque
614 2389 707 2464 voto,
731 2389 823 2451 recte
846 2391 962 2452 tamen
983 2385 1160 2472 dispositio
1183 2386 1249 2451 ista
1269 2383 1390 2450 intelli-

216 2495 309 2576 gitur
323 2491 365 2557 de
381 2496 471 2557 statu
486 2487 660 2576 perpetuae
671 2494 889 2559 continentiae
906 2515 913 2558 :
930 2501 1003 2560 tum
1019 2496 1099 2580 quia
1113 2497 1172 2580 jus
1192 2495 1236 2560 ad
1255 2513 1329 2560 rem
1349 2511 1392 2557 ex

218 2600 433 2685 sponsalibus
455 2602 647 2684 quaesitum,
665 2620 735 2667 non
755 2602 857 2668 debet
877 2603 1041 2688 impedire
1065 2609 1193 2670 statum
1215 2601 1393 2687 perlectio-

216 2726 308 2788 rem,
335 2708 503 2792 siquidem
526 2733 542 2768 κ
570 2710 682 2774 omnis
709 2709 935 2776 consideratio
962 2729 1032 2777 non
1062 2715 1114 2777 est
1142 2711 1245 2794 digna
1269 2711 1392 2776 animm

217 2818 422 2883 continentis
438 2843 454 2876 u
469 2817 578 2900 (licat,
601 2820 703 2901 xxv1);
725 2822 798 2883 tum
814 2818 894 2904 quia
909 2843 924 2877 c
944 2821 1156 2904 propositum
1173 2826 1232 2886 aut
1250 2821 1395 2904 promis-

219 2943 297 2989 sum
312 2943 383 2990 non
403 2924 569 3006 infringit,
591 2926 704 3009 quiin
727 2925 850 2990 melius
872 2925 955 2992 illud
976 2931 1166 2994 commutat
1190 2953 1206 2986 »
1231 2927 1270 3010 (c.
1297 2929 1328 3006 3,
1352 2928 1394 2992 de

218 3033 358 3116 Jcrej.);
383 3037 457 3100 tum
470 3033 549 3117 quia
567 3035 784 3100 matrimonio
799 3040 873 3100 rato
887 3036 977 3100 inest
991 3037 1092 3102 tacita
1110 3036 1270 3112 conditio,
1293 3062 1308 3094 «
1329 3037 1395 3100 nisi

221 3142 424 3224 religionem
439 3140 593 3224 elegero;
611 3169 626 3203 u
649 3144 803 3228 adeoque
821 3145 1036 3229 sponsalibus
1058 3146 1161 3212 etiam
1183 3146 1297 3210 minor
1317 3162 1396 3209 con-

177 3302 181 3309 ,
221 3249 303 3315 ditio
325 3250 437 3314 inesse
459 3251 629 3317 credenda
643 3257 705 3328 est,
726 3257 809 3336 puta
822 3275 841 3324 ;«
857 3253 923 3318 nisi
938 3254 1184 3319 continentiam
1207 3252 1354 3336 elegero.
1379 3277 1394 3310 u

220 3357 317 3440 Ergo,
336 3358 362 3422 si
378 3363 457 3441 post
470 3359 642 3442 sponsalia
655 3365 775 3426 votum
789 3361 1007 3426 continentiae
1021 3362 1205 3440 emittatur,
1223 3361 1326 3428 solvit
1339 3360 1396 3426 illa

173 3523 179 3537 .
221 3484 266 3531 ex
281 3471 425 3551 utraque
437 3471 545 3550 parte,
562 3486 605 3532 ne
620 3467 664 3532 ad
677 3465 832 3532 illicitum
847 3468 997 3551 obligare
1011 3471 1202 3535 videantur.
1284 3539 1286 3544 ,

260 3574 357 3640 Proh.
379 3576 409 3640 3.
436 3575 656 3659 sponsalibus
670 3575 762 3640 inest
774 3577 847 3642 haec
861 3578 1031 3659 generalis
1043 3578 1204 3657 conditio,
1222 3604 1238 3637 «
1254 3581 1320 3644 nisi
1334 3579 1397 3643 im-

220 3683 458 3767 pedimentum
472 3685 700 3768 superveniat,
718 3709 733 3743 a
749 3685 820 3750 sive
838 3686 903 3751 tale
915 3687 1199 3770 impedimentum
1214 3689 1343 3754 oriatur
1355 3707 1399 3754 ex

223 3794 300 3856 actu
315 3790 406 3856 malo
422 3791 494 3856 sive
506 3811 549 3856 ex
563 3792 666 3870 bono,
683 3797 721 3856 ut
733 3811 776 3857 ex
789 3793 1012 3860 fornicatione
1026 3814 1105 3859 cum
1117 3814 1233 3862 sorore
1251 3814 1397 3880 sponsas,

227 3919 269 3964 ex
281 3906 456 3985 assumpto
471 3901 601 3977 ordine,
619 3920 662 3966 ex
679 3903 882 3983 cognatione
902 3903 1078 3986 spirituali,
1100 3910 1177 3982 etc,
1198 3904 1259 3970 sed
1279 3910 1400 3971 votum

226 4009 444 4074 continentiae
472 4015 524 4075 est
549 4011 835 4093 impedimentum
859 4013 1083 4090 matrimonii;
1108 4015 1184 4099 quis
1216 4014 1309 4078 enim
1334 4014 1399 4077 hoc

224 4119 356 4198 neget?
377 4131 467 4199 'argo
492 4117 664 4202 sponsalia
688 4119 851 4184 ineuntur
874 4122 938 4184 sub
961 4121 1062 4186 tacita
1088 4121 1294 4197 conditione,
1328 4146 1343 4178 «
1372 4121 1401 4184 si

222 4230 343 4290 votum
370 4225 589 4290 continentiae
611 4245 681 4292 non
704 4229 941 4311 superveniat;
966 4256 981 4288 »
1003 4248 1097 4312 ergo,
1122 4231 1149 4294 si
1169 4228 1398 4314 superveniat,

224 4349 294 4395 non
325 4337 459 4396 tantum
484 4331 582 4398 alteri
617 4335 704 4418 parti
741 4336 798 4400 dat
833 4339 964 4420 justam
995 4357 1134 4403 causam
1168 4335 1341 4400 resiliendi
1382 4353 1403 4400 a

225 4439 451 4522 sponsalibus,
479 4441 538 4504 sed
563 4441 671 4506 etiam
691 4443 862 4527 sponsalia
890 4444 991 4510 solvit
1025 4464 1068 4509 ex
1102 4451 1198 4529 parte
1231 4443 1399 4510 voventis.

224 4544 320 4611 Idem
341 4547 394 4614 dic
419 4547 460 4613 de
487 4552 567 4614 voto
589 4550 793 4634 suscipiendi
819 4571 933 4617 sacros
958 4553 1106 4632 ordines,
1132 4553 1256 4638 quibus
1283 4553 1317 4617 in
1345 4552 1404 4617 Ec-

226 4653 328 4718 clesia
342 4654 460 4720 Latina
474 4675 648 4721 annexum
662 4663 714 4722 est
728 4665 848 4724 votum
862 4661 1092 4726 continentia.
1109 4661 1166 4724 llis
1181 4679 1251 4726 non
1266 4662 1404 4726 obstan-

387 4784 431 4828 ιιι.
1226 4777 1243 4836 ἶ
