3418 5566
341 581 404 649 394
798 595 849 645 rus
868 595 1048 644 monicus.

342 723 423 784 runt
441 717 838 794 excommunicationem,
859 736 961 802 apua
982 735 1052 782 non
1074 714 1298 781 absolvrmtur
1318 715 1504 796 antequam

344 827 608 894 satisfactionem
621 843 808 908 congruam
822 825 1041 908 praestiterint
1055 829 1089 890 et
1102 842 1224 908 corpus
1238 821 1386 887 hreretici
1397 821 1445 884 ita
1457 838 1508 884 se·

342 930 427 1014 pulti
443 930 753 1011 exhumaverint(c.
769 929 836 993 ih,
850 931 899 1012 t).
916 928 1033 1006 Quoad
1053 927 1146 992 illam
1162 926 1392 992 conditionem
1411 924 1507 989 abso-

342 1037 496 1114 lationis,
515 1037 710 1102 communis
729 1041 802 1102 erat
824 1037 993 1102 sententia
1016 1037 1095 1113 bb.;
1120 1034 1180 1100 sod
1195 1037 1253 1118 jus
1272 1035 1450 1118 antiquum
1471 1030 1508 1094 in

342 1146 495 1230 pluribus
507 1145 690 1210 limitatum
703 1146 768 1209 luit
780 1163 843 1229 per
856 1150 964 1210 const.
980 1143 1096 1228 Apost.
1115 1143 1224 1210 Sedis.

381 1256 448 1319 ἳνα
465 1254 662 1320 hiandantes
683 1273 745 1318 seu
763 1257 927 1334 cogentes
953 1251 1038 1318 tradi
1055 1252 1308 1319 aecclesiasticas
1327 1250 1507 1336 sepulturae

340 1363 519 1430 haereticos
533 1363 685 1428 notorius
702 1367 763 1426 aut
783 1361 984 1426 nominatim
1005 1362 1316 1426 excommunicatos
1333 1361 1389 1426 vel
1408 1361 1508 1424 inter·

342 1471 449 1538 dictos
465 1497 481 1530 »
494 1473 567 1554 (art.
579 1473 609 1548 l,
624 1475 706 1536 sect.
721 1471 763 1554 4).

379 1581 595 1648 Mandantea
620 1579 707 1644 Olim
731 1598 802 1646 non
820 1585 953 1645 tantum
972 1580 1201 1646 «mandantes
1219 1603 1236 1639 u
1255 1597 1317 1644 seu
1333 1582 1506 1660 cogentes,

341 1689 401 1754 sed
416 1706 536 1755 omnes
549 1694 798 1773 cooperatores,
813 1690 1056 1774 utaperientes
1078 1695 1214 1766 terram,
1238 1688 1275 1752 in
1299 1686 1507 1770 sepulturam

338 1798 523 1872 mittentes,
545 1797 752 1862 associantes
775 1814 954 1880 corpora..
978 1796 1368 1862 excommunicabantur.
1385 1792 1450 1858 Sed
1465 1791 1508 1856 ad

337 1904 463 1968 limites
476 1904 581 1988 hujus
601 1909 663 1968 art.
689 1904 838 1969 cohiberi
857 1904 1123 1971 debetdoctrina
1138 1909 1294 1970 veterum
1305 1902 1363 1966 GG.
1386 1902 1509 1964 Verum

336 2013 593 2078 contraheretur
612 2013 928 2090 excommunicatio,
949 2013 1083 2078 etiamsi
1104 2011 1294 2078 enumerati
1317 2011 1352 2074 in
1366 2009 1430 2074 hoc
1444 2011 1506 2073 art.

338 2119 562 2204 sepelirentur
575 2120 649 2185 sine
663 2121 731 2184 ritu
743 2119 908 2186 catholico
922 2121 959 2184 in
971 2120 1048 2188 loco
1064 2137 1160 2187 sacro
1174 2139 1236 2186 seu
1260 2120 1295 2184 in
1314 2117 1508 2184 coemeterio

339 2228 529 2294 benedicto.

379 2337 559 2404 Hereticos
579 2339 736 2402 notorius.
760 2335 952 2402 Notandum
972 2341 1024 2404 est
1047 2337 1138 2422 quod
1155 2339 1191 2402 in
1210 2336 1294 2404 locis
1317 2336 1374 2400 ubi
1395 2335 1509 2400 catho-

339 2443 412 2510 licis
432 2447 591 2528 permixti
620 2453 701 2510 sunt
724 2445 884 2522 haretici,
910 2447 968 2530 qui
989 2445 1132 2530 proinde
1159 2465 1230 2512 uon
1261 2449 1342 2510 sunt
1367 2443 1507 2521 vitandi,

338 2555 573 2619 ommeterium
588 2572 658 2620 non
668 2553 830 2636 polluitur
850 2554 1026 2637 sepultura
1046 2554 1207 2632 haeretici,
1232 2554 1312 2618 licet
1335 2551 1510 2635 sepultura

340 2661 623 2726 excommunicati
640 2660 769 2725 vitandi
785 2659 974 2744 polluatur:
990 2651 1251 2728 communicatio
1266 2661 1418 2726 bdelium
1431 2675 1510 2724 cum

339 2767 505 2835 haereticis
517 2787 587 2836 non
601 2767 799 2853 prohibetur
811 2769 847 2832 in
868 2769 932 2834 hac
945 2769 1025 2846 vita,
1041 2788 1079 2836 ac
1093 2768 1234 2853 proinde
1249 2787 1312 2836 nec
1328 2773 1406 2854 post
1422 2782 1510 2832 mor-

340 2881 420 2942 tem.
925 2923 930 2931 .

378 2985 411 3049 3·
433 2985 549 3052 Clerici
568 2985 688 3052 danus
705 2984 915 3070 sepulturam
930 2986 1096 3053 haereticis
1115 2985 1197 3053 olim
1212 2987 1432 3070 privabantur
1447 2999 1510 3049 suo

340 3094 462 3171 oiflcio,
478 3113 521 3160 ex
534 3112 608 3179 cap.
626 3097 666 3160 13
679 3095 713 3160 h.
731 3101 772 3172 t.;
793 3095 854 3162 sed
865 3096 966 3162 hodie
981 3097 1017 3161 in
1034 3101 1142 3162 const.
1158 3096 1274 3181 Apost.
1291 3095 1401 3174 Sedis,
1417 3093 1510 3158 vide-

340 3209 395 3270 tur
409 3207 541 3272 sublata
555 3207 628 3272 haec
647 3225 750 3290 poena
763 3227 772 3270 ε
787 3207 824 3270 in
837 3211 899 3271 art.
916 3207 948 3285 2,
969 3212 1051 3272 sect.
1067 3209 1097 3284 o,
1115 3208 1228 3290 agitur
1242 3206 1284 3271 de
1305 3205 1434 3271 clericis
1448 3204 1506 3288 qui

340 3315 549 3398 sepulturam
572 3317 655 3381 dant
669 3316 873 3383 nominatim
891 3317 1204 3396 excommunicatis,
1229 3320 1264 3382 et
1283 3332 1386 3398 poena
1405 3314 1508 3378 inter-

341 3421 420 3488 dicti
431 3424 632 3489 decernitur.

378 3531 565 3598 Discrimen
590 3531 734 3596 habetur
757 3532 921 3598 interart.
939 3533 969 3609 l,
992 3534 1074 3597 sect.
1095 3531 1126 3609 l,
1153 3537 1188 3597 et
1204 3537 1408 3616 praesentem
1426 3553 1434 3596 ε
1455 3533 1510 3598 hic

341 3638 434 3702 cuim
447 3638 559 3720 agitur
569 3638 610 3704 de
621 3639 877 3705 admittentibus
894 3658 955 3704 seu
967 3639 1008 3704 de
1019 3639 1084 3704 illis
1095 3641 1153 3725 qui
1161 3645 1303 3724 possent
1311 3659 1381 3706 non
1391 3639 1511 3706 admit-

342 3748 424 3822 tere,
449 3744 565 3830 quales
588 3751 679 3822 sunt,
705 3765 738 3810 v.
761 3765 794 3828 g.
815 3747 964 3830 parochi,
991 3752 1141 3814 ractores
1167 3748 1395 3824 ecclesiarum,
1428 3747 1509 3811 dum

341 3851 377 3915 in
399 3851 509 3934 primo
531 3853 671 3919 articulo
695 3856 1035 3921 excommunicantur
1052 3854 1254 3920 mandantes
1271 3873 1330 3920 seu
1348 3859 1509 3937 cogentes

342 3959 429 4024 tradi
451 3959 633 4043 sepulturae
660 3961 904 4028 ecelesiastica.
933 3963 1062 4028 Deinde
1087 3963 1142 4027 hic
1169 3963 1281 4044 agitur
1308 3967 1440 4027 tantum
1467 3961 1509 4026 de

342 4066 538 4134 exclusione
553 4069 756 4134 nominatim
766 4070 1155 4146 excommunicatorum,
1172 4069 1283 4152 quoad
1293 4070 1509 4134 admittentes

342 4199 358 4232 c
373 4175 550 4242 haereticos
565 4177 718 4242 notorius
730 4177 786 4242 val
800 4178 1004 4243 nominatim
1026 4177 1235 4254 interdictos,
1260 4201 1275 4235 »
1290 4176 1383 4242 nulla
1397 4176 1510 4242 decer-

340 4282 433 4347 nitur
444 4303 555 4367 poena,
571 4285 841 4352 licetremancat
854 4285 1036 4371 prohibitio
1058 4287 1121 4350 sub
1140 4286 1248 4368 grati.

379 4391 412 4454 4ο
425 4391 490 4456 Sed
504 4392 551 4456 illi
566 4411 686 4460 omnes
702 4399 919 4470 excusantur,
936 4395 965 4458 si
979 4394 1176 4459 haereticum
1191 4393 1367 4477 sepeliant,
1386 4411 1452 4460 non
1467 4411 1509 4460 ex

340 4501 509 4567 causavel
521 4503 638 4571 favore
653 4505 805 4582 haeresis,
822 4503 885 4569 sed
902 4523 945 4569 ne
965 4503 1054 4570 illius
1074 4504 1218 4571 cadaver
1231 4522 1347 4569 aerem
1360 4521 1509 4570 corrum-

340 4613 409 4691 pat,
426 4610 482 4674 vel
503 4612 547 4676 ob
567 4613 761 4693 amicitiam,
779 4612 1121 4695 consanguinitatem,
1142 4618 1220 4690 eto,
1242 4612 1345 4678 modo
1365 4613 1430 4680 hoc
1450 4613 1510 4676 tlat
1556 4623 1558 4628 ’

342 4721 438 4782 extra
450 4717 563 4786 locum
578 4740 729 4800 sacrum;
745 4724 838 4799 item,
854 4723 882 4788 si
896 4721 1305 4807 sepehantinlocosaoro,
1318 4721 1508 4796 nescientes
