3508 5568
518 549 606 594 steen
627 547 764 603 QUARTUS
786 545 1007 594 encaemorum.

666 795 802 857 SEGTIO
824 795 862 857 ll.

597 949 649 1002 De
674 946 939 1002 matrimonio.

216 1101 302 1166 Nota
315 1101 347 1163 ι’
367 1097 636 1174 matrimonium,
655 1098 766 1183 quoad
781 1117 908 1162 nomen
926 1105 1079 1173 amatre,
1097 1103 1131 1164 et
1144 1117 1213 1163 non
1228 1105 1353 1182 epatre

180 1209 254 1285 dici,
266 1208 345 1292 quia
356 1207 391 1271 in
401 1207 636 1292 procreatione
647 1206 805 1288 prolium,
819 1206 860 1271 ad
874 1225 977 1290 quarn
991 1206 1247 1272 matrimonium
1262 1205 1352 1270 ordi-

178 1322 289 1392 natur,
306 1316 416 1397 magis
430 1318 540 1379 mater
552 1312 748 1390 attenditur,
762 1332 864 1396 quam
875 1318 991 1397 pater;
1007 1331 1085 1378 cum
1099 1319 1210 1379 mater
1219 1333 1354 1398 semper
1449 1329 1451 1333 ’

179 1427 224 1489 sit
244 1431 346 1500 certa,
371 1428 469 1506 pater
489 1441 571 1487 vero
595 1423 757 1496 incertus,
791 1422 941 1504 ipsaeque
965 1419 1090 1504 proles,
1112 1425 1191 1502 ante
1218 1426 1354 1504 parturn

178 1551 342 1610 onerosae,
361 1533 397 1595 in
419 1536 515 1614 partu
538 1530 720 1607 dolorosa,
747 1537 781 1594 ει
802 1536 880 1614 post
898 1534 1033 1613 partum
1054 1531 1231 1595 lahodosae
1254 1531 1355 1594 matri

178 1660 254 1706 esse
278 1639 432 1717 soleant,
458 1646 497 1703 ut
516 1639 642 1703 'merito
667 1642 775 1704 status
801 1641 864 1704 iste
883 1639 1073 1721 conjugalis
1097 1639 1353 1703 matrimonium

177 1751 413 1832 potiusquam
431 1747 675 1830 patrimonium
690 1747 830 1812 dicatur.
851 1745 956 1810 Aliter
970 1749 1113 1811 vocatur
1130 1745 1351 1820 consortium,

176 1859 376 1940 conjugium
391 1861 425 1920 et
438 1857 660 1933 connubium,
679 1874 739 1919 seu
755 1853 882 1938 nuptiae
898 1875 905 1932 ;
923 1856 1004 1938 quia
1020 1856 1101 1920 olim
1115 1873 1247 1938 sponsae
1263 1855 1352 1930 velo,

178 1957 274 2048 quasi
289 1965 391 2041 nube,
406 1966 610 2046 tegebantur
625 1965 668 2028 oh
683 1962 873 2029 naturalem
883 1963 1051 2047 pudorem
1068 1968 1103 2028 ει
1111 1963 1354 2028 verecundiam

178 2073 262 2154 (can.
279 2075 346 2137 'let
360 2091 445 2156 seq,
460 2073 509 2147 30,
530 2092 561 2155 q.
576 2074 617 2153 5).

216 2183 301 2248 Νοιε
320 2184 352 2246 2⁰
377 2181 634 2246 matrimonium
664 2179 775 2263 quoad
797 2198 870 2244 rem
894 2179 1026 2244 definiri
1055 2178 1146 2262 quod
1173 2181 1217 2244 sit
1235 2180 1299 2243 viri
1321 2183 1355 2244 et

177 2289 329 2356 mulieris
344 2291 539 2374 conjunctio
556 2288 719 2370 legitima,
739 2288 950 2352 individuam
971 2289 1050 2351 vitae
1069 2288 1354 2352 consuetudinem

176 2403 356 2467 continens
381 2401 407 2482 (ἕ
421 2402 449 2478 l,
465 2400 549 2464 lust.
568 2400 609 2464 de
619 2407 712 2484 patr.
725 2408 866 2484 potest.,·
877 2399 934 2462 lih.
948 2397 972 2475 l,
989 2399 1025 2462 ft.
1039 2398 1080 2462 de
1091 2399 1158 2463 Bit.
1175 2401 1295 2482 nupt).
1313 2397 1353 2461 Et

176 2508 315 2592 quidem
329 2509 357 2572 si
371 2510 567 2591 conjunctio
582 2508 765 2590 accipiatur
776 2505 967 2584 causaliter,
983 2525 1044 2572 seu
1060 2507 1256 2580 efficienter,
1272 2506 1355 2570 dell-

177 2617 261 2681 nitio
277 2617 342 2682 ista
363 2618 527 2699 competit
539 2616 758 2681 matrimonio
774 2617 809 2679 in
829 2616 913 2694 lieri,
929 2621 1032 2697 prout
1047 2622 1098 2679 est
1119 2615 1259 2680 actualis
1275 2634 1356 2680 con-

178 2730 315 2801 tractus,
332 2731 367 2790 et
379 2725 466 2806 legis
486 2743 586 2790 novae
601 2731 854 2790 sacramentum
873 2746 879 2787 :
901 2726 1030 2789 sivero
1056 2725 1251 2807 conjunctio
1269 2725 1355 2788 acci-

177 2834 289 2914 piatur
306 2833 495 2898 formaliter
507 2851 569 2916 pro
591 2833 727 2897 vinculo
742 2838 979 2916 permanente,
997 2833 1075 2900 data
1094 2833 1244 2897 delinitio
1263 2850 1354 2896 com-

177 2941 261 3023 petit
287 2941 505 3005 matrimonio
527 2942 563 3004 in
585 2942 675 3005 facto
705 2959 791 3018 esse,
817 2946 918 3024 prout
950 2945 1002 3005 est
1028 2940 1203 3005 vinculum
1231 2939 1295 3004 viri
1320 2945 1355 3004 et

177 3047 339 3123 mulieris,
358 3048 569 3112 individuam
581 3049 659 3112 vitae
674 3048 959 3113 consuetudinem
969 3049 1159 3112 continens.
1173 3049 1254 3124 Quae
1267 3049 1355 3113 circa

161 3157 163 3160 ’
177 3155 359 3239 particulas
373 3157 477 3238 hujus
493 3156 700 3221 delinitionis
716 3157 902 3221 examinari
916 3162 1068 3239 possent,
1087 3155 1174 3220 infra
1187 3156 1351 3220 dicentur.

217 3261 302 3328 Nota
315 3265 347 3328 3⁰
369 3263 627 3328 matrimonium
649 3264 742 3328 varie
766 3264 870 3328 dividi
887 3284 894 3326 :
911 3265 942 3346 ιι
957 3262 995 3327 ln
1009 3263 1212 3344 legitimum,
1229 3268 1352 3339 ratum,

179 3377 213 3435 et
240 3377 527 3437 consummatum.
553 3373 758 3456 Lepitimum
787 3377 919 3436 tantum
949 3377 1019 3450 est,
1050 3372 1140 3455 quod
1166 3371 1355 3436 secundum

148 3500 151 3506 ·
177 3478 283 3560 leges,
298 3481 489 3564 praesertim
503 3478 689 3557 naturales,
705 3485 916 3546 contractum
932 3485 985 3546 est
998 3481 1087 3545 inter
1100 3499 1264 3564 personas
1284 3479 1355 3543 ido-

177 3603 273 3664 neas,
290 3591 442 3652 attamen
458 3589 530 3652 sine
550 3587 773 3654 ratificatione
793 3587 968 3665 Ecclesiae;
998 3594 1033 3653 et
1052 3607 1189 3681 conseq.
1217 3607 1287 3654 non
1303 3592 1355 3652 εει

179 3700 441 3772 sacramentum,
459 3695 519 3761 sed
542 3715 648 3779 purus
672 3702 865 3762 contractus
879 3695 1002 3774 civilis,
1027 3698 1113 3761 sicut
1136 3701 1216 3761 sunt
1239 3697 1356 3760 matri-

178 3804 293 3867 monia
307 3803 496 3868 infidelium
514 3805 598 3888 (cap.
616 3807 646 3884 7,
661 3805 703 3870 de
716 3805 857 3882 Diuort,
874 3825 948 3871 can.
965 3808 1023 3870 lln.
1036 3826 1069 3870 v.
1088 3805 1174 3870 Item
1191 3807 1286 3884 illud,
1302 3805 1352 3881 28,

180 3915 300 3992 quaest.
317 3913 357 3994 t).
374 3912 499 3977 datum
516 3917 578 3988 est,
596 3913 687 3997 quod
700 3914 888 3978 secundum
903 3915 997 3996 leges
1012 3913 1132 3978 Christi
1146 3915 1356 3980 contrahitur

179 4019 410 4102 ahaptizatis;
436 4025 471 4084 et
491 4037 629 4103 conseq.
653 4022 912 4087 ratificationem
926 4021 1080 4088 Ecclesia
1095 4022 1209 4100 hahet,
1233 4027 1353 4106 estque

179 4145 302 4192 verum
314 4147 413 4194 novae
427 4129 514 4212 legis
528 4137 791 4196 sacramentum.
813 4131 1093 4197 consummatum
1109 4140 1171 4210 εει,
1188 4132 1281 4217 quod
1293 4151 1356 4216 per

179 4235 336 4318 copulem
356 4237 540 4315 carnalem,
565 4240 662 4324 quasi
678 4239 900 4321 integraliter,
924 4246 959 4305 et
973 4261 1035 4325 per
1047 4242 1189 4307 modurn
1207 4240 1354 4324 comple-

180 4345 288 4408 menti
312 4347 498 4429 perficitur.
521 4348 554 4410 ιι
576 4346 613 4412 ln
643 4366 784 4426 verum,
810 4355 1068 4433 praesumptum,
1090 4356 1124 4414 et
1148 4349 1351 4432 putativum.

185 4451 308 4518 Verum
332 4459 395 4532 est,
422 4455 513 4538 quad
541 4456 675 4539 reipsa
703 4455 813 4522 valide
843 4458 1062 4523 contrahitur.
1088 4457 1348 4542 Presumptum,
1446 4475 1449 4481 ·

179 4559 271 4643 quod
283 4561 325 4627 ab
339 4561 495 4642 Ecclesia,
514 4583 575 4630 seu
590 4567 699 4649 ajure
709 4567 928 4649 praesumitur
940 4571 1163 4645 contractum,
1181 4567 1352 4650 sicutjure

180 4668 321 4752 antiquo
339 4674 422 4753 (cap.
439 4671 488 4746 30,
502 4672 567 4737 hoc
580 4673 645 4756 tit.)
660 4673 830 4758 sponsalia
845 4693 906 4757 per
919 4676 1186 4759 subsequentem
1196 4675 1354 4758 copulam
