3482 5560
356 581 438 628 suuis
458 581 643 629 arosrouron
663 581 841 629 nmuunnra
862 583 946 630 cruca
967 583 1187 630 uararuonruu.
1301 551 1361 634 all

190 713 319 773 gnarum
335 714 407 771 opes
423 699 497 756 nihil
515 705 576 758 tam
598 700 675 762 valet
697 716 787 774 quam
803 699 972 774 corruptela
991 715 1125 772 morum,
1144 703 1230 762 facile
1245 704 1363 777 perspi-

159 851 162 860 ,
189 789 268 847 citur
288 789 478 862 prosperitati
500 788 681 847 familiarum
702 803 737 848 ao
757 789 910 848 civitatum
929 790 1058 849 maxime
1083 791 1206 850 inimica
1220 807 1289 851 esse
1313 793 1361 852 di-

188 878 294 949 vortia,
323 871 390 952 qu'ae
418 893 437 935 a
459 879 628 950 depravatis
654 880 834 952 populorum
862 878 997 938 moribus
1021 887 1199 952 nascuntur,
1222 897 1267 952 ac,
1290 887 1364 942 teste

188 982 288 1028 rerum
304 983 374 1039 usu,
388 968 424 1027 ad
436 967 607 1026 vitiosiores
622 969 690 1026 vitae
705 969 827 1041 privata
841 974 871 1028 et
892 968 1021 1042 publica
1041 968 1277 1028 consuetudines
1299 970 1364 1029 adi-

188 1061 251 1117 tum
263 1058 447 1130 januamque
462 1057 654 1130 patefaciunt.
667 1085 702 1098 —
714 1057 863 1131 blultoque
878 1072 947 1118 esse
962 1057 1099 1132 graviora
1115 1057 1180 1116 heac
1203 1058 1281 1118 mala
1295 1073 1364 1118 con·

186 1145 287 1216 stabit,
310 1145 336 1204 si
356 1145 563 1204 consideretur
584 1146 685 1204 frenos
712 1146 812 1206 nullos
836 1147 956 1205 futuros
977 1149 1095 1216 tantos,
1115 1146 1166 1218 qui
1190 1161 1363 1208 concessam

188 1235 280 1293 semel
304 1234 499 1293 divortiorum
524 1235 694 1293 facultatem
724 1235 842 1294 valeant
869 1235 948 1294 intre
976 1239 1089 1300 certos,
1116 1239 1169 1294 aut
1197 1243 1266 1294 ante
1293 1251 1363 1310 pro·

187 1325 282 1394 visos,
303 1323 414 1382 limites
435 1337 582 1381 coercere.
610 1323 715 1397 ltagua
733 1337 860 1394 prorsus
882 1329 928 1382 est
953 1323 999 1381 vis
1029 1322 1244 1394 exemplorum,
1267 1325 1364 1397 major

188 1412 414 1485 cupiditatum:
444 1410 528 1470 hisce
549 1411 750 1471 incitamentis
778 1412 842 1471 tleri
875 1411 961 1470 debet
986 1415 1020 1469 ut
1047 1410 1243 1473 divortiorum
1269 1411 1362 1470 libido

188 1501 277 1558 letius
301 1499 436 1572 quotidie
456 1513 582 1572 serpens
602 1500 800 1572 plurimorum
822 1501 940 1560 animos
964 1499 1098 1570 invadat,
1123 1501 1212 1573 quasi
1236 1501 1362 1560 morbus

186 1589 365 1664 contagione
391 1588 550 1662 vulgatuS,
582 1593 633 1646 aut
662 1602 768 1663 agmen
798 1602 958 1662 aquarum,
993 1587 1143 1661 superatis
1174 1589 1361 1664 aggeribus,

188 1677 355 1736 exundans.

223 1770 289 1824 ilaec
303 1771 382 1824 certe
401 1771 474 1824 suot
487 1765 588 1824 omnia
601 1781 653 1840 per
666 1780 697 1826 se
714 1764 809 1838 elara3
831 1765 884 1824 sed
899 1763 1070 1824 renovanda
1083 1778 1183 1823 rerum
1205 1772 1360 1840 gestarum

187 1856 330 1913 memoria
347 1854 424 1913 liunt
439 1854 575 1913 clariora.
590 1886 626 1896 -
642 1854 736 1914 Simul
749 1869 784 1913 ac
797 1854 853 1912 iter
867 1852 1003 1911 divortiis
1023 1857 1121 1912 tutum
1141 1853 1207 1928 lege
1222 1855 1360 1927 prestari

186 1945 285 2018 coepit,
301 1944 438 2016 dissidia,
453 1945 630 2016 simultates,
647 1947 836 2006 secessiones
846 1947 1008 2020 plurimum
1022 1959 1157 2014 crevere;
1174 1952 1204 2004 et
1218 1951 1301 2005 tanta
1312 1951 1361 2005 est

185 2033 301 2092 vivendi
320 2033 475 2106 turpitudo
496 2039 667 2104 consecuta,
687 2041 722 2094 ut
734 2049 786 2094 eos
806 2035 891 2108 ipsos
911 2035 964 2107 qui
986 2035 1104 2092 fuerant
1121 2035 1225 2093 talium
1245 2035 1359 2094 disces-

185 2124 305 2182 sionum
320 2123 504 2192 defensores,
519 2123 589 2182 facti
604 2123 791 2197 poenituerit;
809 2125 860 2198 qui
876 2125 935 2183 nisi
947 2125 1098 2184 contrarie
1111 2124 1177 2200 lage
1192 2124 1358 2184 remedium

184 2219 299 2274 mature
313 2215 506 2288 quaesissent,
522 2214 688 2273 timendum
698 2219 762 2273 erat
773 2230 811 2274 ne
826 2229 960 2288 praeceps
974 2213 1006 2271 in
1022 2228 1107 2274 suam
1118 2214 1185 2288 ipsa
1196 2214 1358 2288 perniciem

184 2305 352 2378 respublica
365 2304 555 2365 dilaberetur.
569 2336 604 2345 -
620 2305 746 2364 aomaul
765 2310 882 2364 veteres
895 2306 991 2378 prima
1003 2304 1200 2363 divortiorum
1218 2305 1356 2378 exempla

183 2397 325 2456 dicuntur
338 2395 545 2465 inhorruissc;
564 2396 616 2454 sed
632 2411 692 2454 non
712 2394 804 2469 longa
826 2409 909 2453 mora
929 2408 1041 2454 seusus
1060 2393 1226 2454 honestatis
1241 2394 1272 2452 in
1286 2394 1356 2452 ani-

183 2485 241 2544 mis
256 2485 478 2556 obstupescere,
494 2483 663 2542 moderator
677 2481 849 2556 cupiditatis
864 2481 960 2554 pudor
974 2481 1106 2552 interire,
1127 2481 1262 2555 fidesque
1278 2497 1357 2556 nup·

184 2574 264 2632 tialis
279 2578 360 2632 tauta
374 2587 443 2631 cum
457 2571 689 2630 licentiaviolari
703 2571 803 2644 coepit,
827 2574 862 2628 ut
884 2584 1023 2644 magnam
1038 2568 1100 2627 veri
1125 2569 1354 2628 similitudinem

184 2663 292 2722 habere
306 2662 441 2722 videatur
454 2661 534 2735 quod
547 2676 565 2720 a
577 2659 732 2720 nonnullis
749 2661 892 2733 scriptum
907 2659 1048 2734 legimus,
1060 2659 1201 2719 mulieres
1218 2675 1277 2718 non
1289 2675 1355 2720 mu·

184 2756 294 2814 tatione
308 2753 479 2823 consulum,
501 2751 555 2810 sed
578 2751 752 2810 maritorum
771 2765 947 2809 enumerare
971 2764 1068 2809 annos
1091 2749 1298 2808 consuevisse.
1319 2779 1355 2794 ·-

183 2845 249 2902 Pari
268 2845 357 2902 modo
384 2844 463 2916 apud
489 2845 690 2916 protestantes
712 2840 859 2914 principio
878 2841 1000 2913 quidem
1021 2840 1104 2914 leges
1137 2844 1299 2898 sanxerant
1325 2844 1359 2899 ut

182 2934 309 2994 divortio
331 2933 395 2992 fleri
419 2932 520 2990 liceret
542 2932 632 2990 certis
647 2931 684 2989 de
703 2931 817 3000 causis,
834 2930 933 3002 iisque
952 2944 1013 2987 nou
1033 2943 1106 3008 sane
1127 2927 1231 2986 multis
1253 2946 1261 2985 ι
1284 2927 1358 2986 istos

184 3031 292 3093 tamen,
313 3028 433 3097 propter
452 3037 553 3082 rerum
572 3021 716 3080 similium
731 3019 916 3090 affinitatem,
936 3023 1123 3090 compertum
1138 3023 1184 3077 est
1197 3018 1229 3075 iu
1244 3023 1358 3076 unum

183 3115 404 3174 multitudinem
422 3113 590 3172 excrevisse
606 3112 684 3184 apud
698 3113 870 3179 Germanos,
887 3108 1081 3167 Americanos
1095 3107 1241 3180 aliosque,
1256 3112 1290 3166 ut
1303 3107 1358 3182 qui

183 3221 243 3266 nou
259 3206 349 3266 stulte
363 3205 547 3277 sapuissent,
560 3214 740 3275 magnopere
748 3199 914 3258 deflendam
925 3197 1058 3271 putarint
1072 3195 1219 3255 infinitam
1234 3211 1353 3255 morum

182 3294 422 3369 depravationem
436 3297 525 3366 atque
539 3289 756 3348 intolerandam
766 3277 869 3360 legum
883 3285 1090 3344 temeritatem.

217 3387 317 3458 Neque
325 3383 410 3441 aliter
418 3395 450 3440 se
459 3393 507 3438 res
518 3377 622 3437 habuit
632 3377 664 3434 in
672 3374 843 3434 civitatibus
851 3371 990 3432 catholici
1001 3371 1192 3430 nominis:in
1203 3371 1315 3444 quibus
1325 3373 1353 3432 si

183 3475 303 3550 quando
315 3474 403 3532 datus
415 3476 462 3530 est
470 3469 679 3544 coniugiorum
687 3465 823 3525 discidiis
834 3464 930 3534 locus,
938 3461 1198 3521 incommodorum
1208 3477 1353 3535 quaecun-

184 3570 287 3625 secuta
299 3568 371 3624 suut
384 3560 544 3621 multitudo
555 3557 727 3632 opinionem
739 3555 946 3629 legislatorum
960 3553 1049 3627 louge
1062 3551 1142 3610 vicit.
1166 3555 1238 3610 llam
1252 3551 1353 3611 scelus

182 3656 379 3730 plurimorum
394 3652 462 3722 fuit,
477 3651 514 3709 ad
531 3663 649 3708 omnem
664 3645 807 3705 malitiam
818 3644 1013 3716 fraudemque
1024 3656 1146 3700 versare
1160 3647 1300 3707 mentem,
1317 3656 1352 3700 ao
1456 3684 1459 3692 .

183 3739 628 3819 persaevltiamadbibitam,per
637 3730 1104 3808 injurias,peradulteriafmgerc
1115 3729 1269 3789 causasad
1278 3727 1352 3788 illud

182 3836 305 3910 impune
317 3829 653 3900 dissolvendum,cu1us
678 3828 838 3896 pertaesum
860 3825 952 3890 esset,
966 3817 1189 3898 conjunctionis
1208 3817 1354 3878 maritalis

181 3923 351 3994 vinculum
367 3920 457 3993 idque
472 3931 540 3976 cum
554 3919 636 3974 tauto
651 3911 778 3987 publica
790 3909 957 3968 honestatis
975 3905 1163 3976 detrimento,
1180 3912 1214 3965 ut
1231 3919 1352 3979 oporam

182 4013 376 4074 emendandis
386 4009 504 4084 legibus
519 4003 739 4083 quamprimum
755 4001 818 4060 dari
834 4013 938 4058 omnes
951 3995 1151 4072 judicaverint
1165 4001 1353 4068 oportere.-

182 4104 388 4178 nequisquam
403 4096 552 4158 dubitabit
570 4095 643 4168 quin
656 4092 755 4150 exitus
767 4105 850 4163 aeque
866 4088 994 4147 miseros
1011 4092 1040 4145 et
1059 4085 1250 4146 calamitosos
1268 4083 1352 4142 habi-

182 4193 329 4253 turaesint
343 4191 426 4264 loges
440 4186 636 4246 divortiorum
647 4181 800 4249 fautrices
823 4178 920 4237 sicubi
936 4179 1011 4236 forte
1025 4177 1057 4235 in
1072 4189 1165 4236 usum
1180 4177 1266 4232 aetatc
1279 4187 1352 4232 nos·

182 4292 228 4343 tra
241 4277 439 4342 revocentur?
454 4279 517 4334 lton
532 4278 579 4332 est
593 4272 726 4345 profecto
739 4269 770 4327 in
790 4267 947 4326 bominum
966 4265 1144 4324 commentis
1164 4261 1210 4321 vel
1224 4261 1351 4320 decretis

183 4373 309 4432 facultas
330 4373 422 4439 tanta,
444 4371 478 4424 ut
497 4364 655 4421 immutare
674 4371 773 4416 rerum
796 4355 961 4414 naturalem
985 4353 1116 4412 indolem
1139 4349 1350 4410 conformatio-

183 4477 310 4537 nemque
338 4458 472 4533 possiut;
500 4454 681 4527 quapropter
703 4459 809 4520 parum
829 4443 979 4517 sapienter
1006 4441 1157 4515 publicam
1180 4438 1351 4498 felicitatem

182 4551 424 4624 interpretantur,
439 4543 492 4618 qui
515 4551 688 4616 germanam
710 4533 893 4592 matrimonii
914 4531 1060 4590 rationem
1079 4530 1202 4602 impune
1223 4526 1351 4628 perverti

182 4655 272 4713 posse
294 4641 410 4712 putant,
436 4637 475 4704 et,
493 4627 627 4704 qualibet
647 4624 804 4684 sanctitate
820 4635 888 4680 cum
910 4619 1066 4694 religionis
1087 4623 1152 4676 tum
1173 4619 1352 4676 sacramenti

182 4727 361 4806 posthabita,
384 4722 540 4796 diffingere
561 4733 597 4777 ec
614 4716 780 4776 deformare
795 4709 937 4786 conjugia
963 4708 1081 4780 turpius
1103 4707 1178 4766 velle
1201 4705 1352 4777 videntur,

342 4824 387 4869 ιιι.
1156 4785 1195 4852 to
