3514 5564
370 498 430 566 490
827 515 877 567 tos
898 519 1078 571 muorrcurt.

370 653 449 702 nov.
462 637 551 714 iba.
566 635 627 720 38).
644 637 677 700 δ’
688 636 836 702 amissio
850 637 989 703 honoris
1003 643 1038 703 et
1051 635 1306 721 privilegiorum
1321 635 1444 721 quibus
1458 651 1539 718 gau-

371 743 429 810 det
442 742 557 820 vidua
577 748 746 828 quttenus
761 743 900 825 fingitur
923 761 998 809 essa
1016 745 1078 810 sub
1096 743 1300 830 praecedenti
1321 743 1538 808 matrimonio

371 851 404 934 (l,
427 850 496 927 tin,
517 869 546 916 c.
565 853 607 916 de
621 851 704 916 Bon.
721 860 858 932 muter.;
869 851 891 914 l.
908 851 992 932 lllll,
1005 871 1034 918 c.
1052 853 1094 916 de
1106 851 1254 937 Diqnit.;
1268 869 1347 916 nov.
1364 851 1414 929 Ὦ,
1429 869 1459 916 c.
1476 851 1537 934 36).

247 1035 249 1042 y
370 958 464 1024 Unde
480 959 509 1022 si
529 958 651 1024 mulier
669 979 744 1042 quar
764 960 798 1024 vi
812 961 1020 1026 matrimonii
1039 961 1128 1025 facta
1146 965 1198 1024 est
1208 960 1419 1044 principissa,
1435 959 1541 1024 nubat

370 1061 492 1126 marito
518 1060 689 1126 interioris
711 1061 936 1138 conditionis,
959 1063 1072 1146 perdit
1090 1081 1218 1129 nomen
1242 1067 1277 1128 et
1298 1061 1540 1146 prerogativae

370 1169 588 1252 principissae.
606 1169 667 1252 (lta
678 1171 737 1253 jus
751 1169 849 1235 civile
860 1171 1039 1254 antiquum
1055 1189 1116 1236 seu
1131 1171 1346 1252 Romanum.)

409 1275 510 1361 Resp.
527 1277 556 1342 3.
574 1277 647 1342 Non
662 1281 796 1342 tantum
810 1277 961 1356 inimnia,
979 1279 1039 1344 sed
1061 1277 1268 1362 probabilius
1283 1277 1386 1343 etiam
1403 1275 1541 1361 reliquae

370 1389 517 1468 quatuor
529 1403 639 1468 poenae
654 1383 754 1467 primi
770 1384 906 1465 generis
921 1385 1063 1450 sublata
1079 1389 1159 1450 sunt
1176 1403 1238 1469 per
1249 1387 1307 1469 jus
1321 1403 1409 1462 can,
1429 1384 1492 1449 cl
1509 1388 1543 1448 et

370 1491 425 1556 tin.
442 1491 475 1555 h.
491 1495 515 1556 t.
534 1492 602 1556 :ite
615 1509 738 1556 comm.
756 1495 876 1558 contra
891 1491 1031 1576 Cynum,
1048 1492 1191 1569 Olivam,
1202 1493 1358 1569 Barbos.;
1372 1510 1453 1558 nam
1465 1491 1543 1556 licet

369 1599 405 1664 in
430 1599 486 1664 cit.
514 1597 669 1684 capitulis
693 1599 822 1664 mentio
848 1617 1009 1682 expressa
1029 1601 1089 1664 flat
1112 1601 1217 1665 solius
1239 1600 1398 1676 iniamiae,
1430 1605 1544 1665 umen

370 1705 455 1772 ratio
470 1706 516 1771 ibi
527 1707 675 1772 adducta
687 1706 894 1788 generaliter
908 1707 1061 1790 procedit
1078 1707 1119 1772 de
1134 1709 1265 1774 caeteris
1277 1707 1389 1791 poenis
1409 1707 1543 1791 propris

371 1815 486 1892 dictis,
509 1815 589 1898 quia
613 1813 726 1898 puniri
749 1831 819 1879 non
842 1814 943 1880 debet
974 1816 1125 1899 quinon
1149 1815 1330 1900 delinquit,
1356 1815 1416 1881 sed
1440 1815 1546 1879 utitur

368 1925 446 2006 jure
465 1941 543 1998 suo;
560 1922 620 1988 sed
636 1921 741 1987 vidua
756 1923 845 1988 intra
856 1940 986 1987 annum
999 1922 1111 1988 luctus
1127 1925 1261 1990 nubens
1275 1941 1345 1988 non
1368 1921 1543 2006 delinquit,

373 2030 432 2095 sed
448 2030 554 2094 utitur
563 2031 641 2112 jure
655 2029 715 2093 sibi
728 2046 892 2094 concesso
902 2047 922 2094 a
932 2035 1064 2107 natura,
1082 2029 1213 2095 Christo
1224 2035 1258 2096 et
1271 2029 1433 2106 Reclusis,
1450 2047 1542 2112 ergo.

372 2137 438 2204 Nec
461 2137 572 2202 obstat
587 2135 677 2220 quod
692 2136 786 2219 leges
800 2135 915 2202 civiles
931 2157 973 2202 ex
988 2139 1053 2203 tine
1079 2157 1142 2204 suo
1168 2139 1236 2202 sint
1258 2138 1412 2204 bonestae
1434 2157 1441 2200 ε
1465 2155 1545 2202 nam

374 2265 416 2312 ex
429 2244 494 2310 alio
508 2244 617 2327 capite
634 2244 827 2327 rejicienda
841 2245 996 2324 veniunt,
1023 2247 1102 2329 quia
1118 2245 1220 2310 nimis
1231 2244 1546 2328 restringuntliber-
1575 2269 1580 2278 ·

373 2357 478 2418 tatem
502 2358 537 2418 et
554 2353 833 2418 commoditatem
856 2353 1053 2437 acquirendi
1079 2355 1287 2420 matrimonii
1309 2374 1370 2439 per
1393 2375 1429 2420 se
1451 2354 1544 2431 liciti,

375 2467 438 2526 eta
451 2459 581 2525 Christo
594 2460 747 2526 concessi
771 2481 777 2522 :
793 2463 913 2526 tovent
930 2461 1119 2546 periculum
1139 2462 1393 2528 incontinentiae
1407 2481 1546 2546 praser-

352 2569 435 2633 'tim
458 2569 493 2630 in
516 2567 628 2634 viduis
645 2568 850 2650 junioribus,
878 2587 961 2652 quas
989 2567 1170 2652 Apostolus
1193 2569 1267 2634 vult
1289 2571 1438 2648 nubere;
1464 2587 1544 2654 ergo

374 2676 494 2740 merito
509 2674 667 2740 dicuntur
678 2693 739 2757 per
753 2673 936 2740 Ecclesiam
951 2675 1102 2741 sublata.

413 2783 513 2868 Resp.
529 2783 560 2848 4.
578 2783 691 2846 Poenae
705 2782 845 2848 secundi
859 2783 995 2864 generis
1009 2788 1151 2848 manent
1164 2783 1200 2849 in
1215 2803 1277 2850 suo
1298 2787 1420 2850 robore
1437 2804 1445 2848 :
1465 2803 1545 2850 nam

374 2889 492 2955 nullibi
506 2909 568 2974 per
578 2893 636 2974 jus
650 2907 724 2956 can.
741 2890 959 2974 reperiuntur
973 2890 1131 2966 sublutae3
1159 2910 1241 2974 ergo
1258 2910 1318 2956 cur
1332 2897 1421 2958 stare
1433 2877 1546 2976 probi-

374 2999 539 3066 beanturl
553 2997 646 3063 enim
658 2997 794 3063 favores
809 2997 876 3075 isti,
891 2997 1031 3064 etlucra
1042 3016 1085 3064 ex
1097 3000 1208 3064 mariti
1225 2998 1443 3065 facultatibus
1456 3017 1546 3084 qusa-

375 3106 439 3171 sita
461 3097 599 3172 concedi
620 3109 765 3188 possunt
787 3106 850 3171 sub
876 3105 1070 3172 conditione
1091 3123 1160 3173 non
1184 3107 1340 3173 mutandi
1359 3111 1484 3172 statum
1500 3107 1546 3170 vi·

288 3247 292 3256 ·
376 3215 521 3279 dualem.
542 3213 760 3279 Consuetudo
780 3217 896 3280 tamen
920 3213 956 3278 in
973 3213 1143 3298 plerisque
1167 3215 1362 3296 regionibus
1383 3217 1463 3299 jura
1483 3215 1547 3280 ista

375 3321 587 3406 temperavit,
605 3321 684 3405 quia
700 3321 825 3405 saepius
839 3319 975 3404 pupillis
992 3322 1115 3388 melius
1130 3327 1183 3388 est
1195 3324 1311 3390 vivere
1332 3324 1368 3389 in
1382 3323 1484 3390 domo
1499 3325 1547 3388 vi·

376 3430 460 3508 trici,
477 3447 697 3514 quamegere
708 3447 788 3494 cum
801 3434 910 3494 matre
926 3429 1038 3495 vidua.

413 3542 515 3625 Resp.
531 3543 561 3606 c.
579 3541 688 3606 Vidua
708 3541 797 3605 intra
813 3557 942 3604 annum
960 3541 1132 3606 fornicans
1152 3541 1293 3608 incurrit
1310 3559 1430 3625 peenas
1448 3541 1547 3626 primi

376 3650 527 3733 generis3
556 3653 698 3716 caeteras
718 3667 800 3714 vero
824 3648 975 3726 incurrit,
1001 3651 1285 3734 quandocumque
1313 3655 1392 3735 post
1417 3669 1546 3716 annum

375 3759 486 3824 luctus
504 3757 711 3824 fornicetur:
732 3776 812 3822 nov.
830 3756 880 3833 39,
899 3775 926 3820 c.
947 3755 978 3834 b,
1001 3761 1016 3836 ἕ
1035 3757 1064 3834 l,
1086 3758 1144 3821 ubi
1161 3758 1247 3824 ratio
1261 3757 1418 3822 additm:
1440 3783 1455 3818 c
1472 3759 1545 3824 Non

377 3867 468 3932 enim
484 3866 610 3951 aliquid
626 3865 772 3948 amplius
785 3865 923 3930 habebit
935 3853 1089 3932 castitate
1111 3865 1254 3932 luxuria.
1270 3893 1284 3926 e
1307 3866 1421 3951 Neque
1435 3885 1545 3952 poenae

376 3973 449 4040 istae
462 3979 619 4058 respectu
633 3973 744 4039 viddae
757 3974 955 4040 fornicantis
970 3973 1112 4038 sublata
1127 3979 1207 4038 sunt
1220 3993 1282 4056 per
1292 3975 1349 4058 jus
1364 3991 1453 4052 can,
1469 3991 1547 4040 cum

376 4083 440 4148 hoc
468 4082 510 4147 de
544 4081 614 4148 solo
638 4081 856 4147 matrimonio
881 4081 1050 4166 loquatur.
1071 4079 1157 4146 ltem
1180 4081 1353 4165 probabile
1377 4086 1430 4147 est
1456 4081 1547 4167 quod

377 4191 479 4256 etiam
500 4190 624 4263 viduus
646 4190 817 4255 fornicans
836 4191 987 4273 privetur
1006 4189 1213 4272 proprietate
1230 4192 1399 4255 bonorum
1413 4209 1489 4273 quae
1509 4191 1548 4254 ti-

379 4298 449 4363 tulo
463 4297 629 4363 lucrativo
644 4298 686 4362 ab
700 4315 806 4362 uxore
821 4297 965 4381 accepit;
986 4297 1153 4381 siquidem
1166 4297 1202 4360 in
1215 4298 1280 4362 hoo
1293 4303 1430 4380 puncto,
1448 4301 1482 4361 et
1495 4314 1547 4361 ra·

379 4406 469 4472 tione
484 4403 596 4482 afleta,
610 4403 734 4470 viduus
748 4411 782 4469 et
794 4405 895 4470 vidua
908 4404 1168 4498 aequiparantur.
1186 4404 1288 4469 Porro
1299 4405 1378 4488 quia
1391 4407 1545 4486 respectu

376 4515 611 4582 fornicationis
630 4533 752 4581 omnes
768 4515 843 4580 istas
857 4529 967 4599 poenae
986 4519 1067 4580 sunt
1085 4515 1219 4598 proprie
1240 4513 1340 4592 tales,
1365 4517 1483 4597 utpote
1505 4513 1547 4578 ob

380 4622 541 4688 delictum
567 4627 712 4700 statutae,
742 4641 812 4689 non
835 4623 1053 4688 incurrantur
1075 4626 1154 4688 ante
1182 4622 1397 4698 sententiam,
1429 4620 1549 4686 saltem
