3508 5568
353 553 393 619 it
811 574 864 621 ms
884 573 1064 622 aenomaus.

353 690 530 773 negative,
555 709 636 758 nam
657 691 738 760 talia
765 692 938 778 sponsalia
961 709 1033 758 non
1054 691 1234 758 solvuntur
1258 693 1336 774 jure
1358 684 1524 766 naturalii

354 799 434 884 quia
447 801 512 866 hoo
521 803 599 885 jure
614 805 682 868 stat
693 802 855 886 obligatio
870 802 1081 888 sponsalium
1092 820 1172 868 cum
1194 798 1426 876 matrimonio,
1446 813 1527 880 qus-

355 915 456 975 tenus
468 911 607 996 respicit
621 915 756 996 tempus
769 913 881 978 babile
896 911 999 978 soluti
1009 910 1218 977 matrimonii
1230 929 1238 986 ;
1252 926 1365 993 neque
1390 905 1527 972 solvun-

357 1023 413 1084 tur
432 1022 509 1103 jure
534 1019 697 1104 positivo:
721 1039 750 1086 c.
768 1023 784 1085 i
803 1022 837 1086 h.
854 1025 892 1098 t.,
912 1039 941 1086 c.
955 1021 995 1084 Ἡ
1016 1026 1051 1086 et
1069 1021 1120 1096 ti,
1145 1019 1187 1084 de
1204 1017 1375 1102 Sponsae,
1393 1014 1472 1100 quia
1490 1013 1526 1077 in

355 1127 552 1211 hiejuribus
567 1127 642 1211 plus
661 1147 732 1194 non
750 1128 882 1205 dicitur,
906 1147 1009 1213 quam
1028 1129 1178 1212 priorem
1199 1127 1305 1192 fldem
1327 1127 1403 1190 esse
1423 1122 1528 1190 viola-

355 1240 437 1312 tam,
454 1236 710 1302 matrimonium
724 1236 839 1304 valere
859 1255 938 1302 cum
954 1239 1115 1313 secunda,
1132 1254 1245 1321 neque
1264 1237 1430 1318 conjuges
1451 1250 1527 1298 esse

355 1342 583 1426 separandum
598 1362 669 1411 non
682 1362 766 1412 vero
781 1345 903 1410 dicitur
916 1343 1088 1430 sponsalia
1102 1363 1178 1410 esse
1192 1344 1329 1428 penitus
1345 1341 1526 1416 exstincta;

356 1468 450 1533 ergo.
467 1450 564 1516 Ratio
580 1455 648 1528 est,
665 1451 744 1537 quia
761 1451 817 1518 lex
835 1452 977 1536 justitiae
991 1470 1062 1518 non
1075 1452 1225 1516 admittit
1242 1454 1281 1515 ut
1293 1467 1372 1534 pars
1387 1447 1527 1525 laedens,

353 1558 583 1643 periniquum
601 1559 859 1626 matrimonium
885 1560 1014 1626 eximat
1036 1576 1072 1624 se
1097 1560 1139 1625 ab
1162 1557 1369 1641 obligatione
1387 1555 1528 1640 justitiae

354 1665 518 1750 inprimis
528 1667 741 1752 sponsalibus
751 1672 924 1735 contracta
938 1688 945 1745 ;
962 1686 1044 1750 ergo
1057 1666 1134 1733 talis
1148 1667 1309 1749 obligatio
1319 1670 1526 1750 perseverat,

355 1779 405 1852 ut,
422 1776 533 1842 soluto
547 1795 610 1860 per
622 1783 770 1844 mortem
788 1778 1018 1855 matrimonio,
1039 1793 1186 1861 sponsus
1201 1759 1360 1840 teneatur
1380 1773 1530 1858 priorem

357 1901 519 1968 sponsam
537 1884 672 1950 ducere.
688 1885 828 1950 Interim
844 1890 996 1970 exparte
1010 1885 1215 1964 innocentis,
1231 1884 1259 1948 si
1276 1883 1533 1966 vu1t‚estj11sts

357 2009 462 2058 causa
475 1991 649 2058 resiliendi
662 2013 682 2060 a
697 1995 912 2079 sponsalibus
934 2000 968 2060 et
982 1994 1024 2060 ad
1036 1994 1103 2062 alia
1113 1999 1196 2060 vota
1213 1990 1434 2080 convolandi.¹

396 2175 483 2236 ilices
503 2195 510 2234 :
537 2182 565 2234 i⁰
587 2179 658 2236 can.
674 2177 727 2238 fin.
742 2183 787 2250 27,
802 2193 832 2252 q.
852 2183 880 2250 t,
895 2178 1019 2238 violanti
1041 2177 1130 2238 tidem
1144 2177 1332 2252 sponsalium
1350 2174 1415 2236 sola
1433 2175 1531 2250 poeui·

362 2265 456 2323 tentia
468 2264 650 2340 imponenda
662 2272 720 2339 est,
730 2267 772 2326 ibi
785 2287 793 2326 :
804 2289 819 2320 s
830 2267 1038 2326 Paenitentiam
1049 2267 1136 2326 debet
1147 2282 1236 2344 agere
1248 2267 1284 2325 de
1296 2265 1354 2325 tide
1368 2265 1501 2326 mentita.
1516 2285 1530 2314 a

358 2359 388 2414 2⁰
402 2355 453 2414 cit.
466 2373 492 2416 c.
504 2361 549 2421 tt,
564 2355 600 2416 dc
613 2357 762 2430 sponsat,
774 2357 833 2416 ibi:
846 2358 939 2430 «quia
953 2356 1078 2431 primam
1093 2356 1182 2415 fidem
1196 2357 1311 2416 irritam
1326 2357 1409 2429 iecit3
1431 2379 1445 2407 u
1460 2370 1531 2430 ergo

359 2445 621 2518 priorasponsalia
630 2445 796 2517 irritantur,
808 2459 862 2505 seu
872 2445 1195 2518 solvuntur,utdiciiur
1205 2447 1237 2505 in
1248 2446 1422 2506 summario.
1432 2447 1532 2504 3⁰For-

359 2535 418 2593 tior
430 2535 575 2610 obligatio
588 2535 708 2610 perimit
722 2535 897 2595 debiliorem
913 2556 920 2595 :
936 2551 1001 2612 arg.
1016 2552 1043 2596 c.
1060 2543 1086 2608 5,
1098 2537 1133 2596 cle
1146 2537 1260 2612 Rogat,
1276 2537 1309 2594 in
1326 2541 1369 2607 t·;
1387 2537 1441 2595 sed
1457 2533 1531 2594 obii·

361 2623 442 2698 gatio
454 2625 637 2685 matrimonii
651 2631 699 2686 ast
711 2625 817 2686 tortior
831 2625 1014 2700 obligatione
1028 2621 1229 2700 sponsalium
1242 2640 1325 2700 ergo.
1339 2625 1474 2684 uitiata
1486 2628 1534 2683 est

361 2713 522 2788 etplenum
532 2715 655 2788 periculi
665 2714 1249 2792 exspectaremortemalteriusconjugis
1260 2734 1267 2773 :
1279 2729 1343 2791 arg.
1359 2715 1530 2786 lxxxxiii,

365 2803 382 2878 ἓ
401 2803 515 2864 tilde
534 2805 564 2864 i'.
585 2803 630 2875 O.‚
645 2804 697 2864 ubi
716 2804 850 2878 rejicitur
864 2804 1007 2879 obligatio
1021 2805 1112 2864 dandi
1130 2820 1193 2864 rem
1211 2819 1328 2864 sacrum
1343 2811 1372 2864 et
1390 2805 1530 2876 stichum,

360 2894 415 2955 ubi
427 2895 623 2969 illaproiana,
638 2899 667 2954 et
680 2895 739 2953 isia
750 2909 856 2954 servus
870 2894 959 2953 tuadi
973 2913 981 2954 :
993 2895 1070 2954 idem
1083 2897 1229 2969 reperitur
1242 2895 1263 2953 i.
1279 2897 1398 2966 xcviii,
1412 2895 1489 2969 §dra
1500 2895 1531 2954 ii.

362 2985 537 3046 desoluto⁰
551 2986 691 3044 venditor
703 2987 837 3045 secundo
847 2986 974 3059 emptori
984 3001 1046 3045 rem
1061 2987 1264 3059 tradebamur
1275 2993 1532 3048 tenetureamtra-
1653 3003 1661 3014 ·

362 3077 431 3136 dere
446 3075 554 3151 primo,
570 3077 627 3136 etsi
638 3076 739 3137 redeat
752 3075 783 3134 in
799 3077 866 3150 ejus
877 3075 1044 3136 dominium
1061 3076 1092 3150 (l.
1108 3079 1171 3146 xv,
1190 3093 1217 3136 c.
1239 3076 1275 3136 de
1289 3078 1322 3138 lt.
1342 3077 1403 3151 V.);
1422 3092 1494 3152 ergo
1515 3093 1534 3136 a

361 3167 474 3242 pari·
485 3169 574 3239 Resp.
584 3167 620 3225 ad
630 3171 655 3224 i.
666 3169 789 3239 Propter
799 3165 856 3224 hoc
866 3165 1008 3225 delicium
1020 3166 1196 3240 poenitentia
1207 3165 1389 3240 imponenda
1402 3171 1464 3240 est3
1480 3168 1531 3226 sed

363 3271 416 3330 par
430 3256 488 3316 boc
502 3256 583 3330 prior
590 3255 734 3330 obligatio
744 3270 804 3315 non
817 3255 1031 3330 exstinguitur.
1040 3257 1083 3316 ild
1094 3261 1121 3314 t.
1132 3259 1238 3314 Facere
1251 3255 1339 3314 tidem
1350 3255 1475 3330 irritam,
1487 3261 1534 3316 est

361 3347 444 3406 iilam
462 3345 583 3417 violare,
603 3346 655 3405 sed
675 3359 735 3403 non
749 3344 961 3421 obligationem
981 3345 1064 3405 illius
1079 3345 1200 3420 penitus
1215 3345 1432 3422 exstinguere:
1456 3347 1535 3406 sicut

361 3440 505 3495 voventes
520 3435 705 3508 castitatem,
728 3433 754 3492 si
775 3439 927 3493 contracto
948 3435 1139 3494 matrimonio
1160 3435 1288 3509 primam
1308 3435 1397 3494 iidem
1420 3435 1534 3494 irritam

363 3525 509 3595 iecerunt,
531 3523 729 3602 nibilominus
754 3523 889 3598 ligantur
906 3529 976 3583 voto
995 3524 1152 3596 castitatis
1171 3529 1206 3583 ut
1224 3523 1323 3584 soluto
1342 3523 1533 3585 matrimonio

362 3615 442 3674 aliud
464 3615 541 3673 inire
561 3617 722 3686 nequeant.
737 3613 781 3671 dd
795 3616 822 3671 3.
839 3613 869 3672 Si
885 3613 992 3673 tortior
1006 3613 1150 3690 obligatio
1162 3615 1289 3688 quasia
1302 3614 1343 3674 sit
1356 3614 1454 3676 eidem
1468 3631 1534 3689 per·

365 3719 460 3775 sona,
475 3703 644 3779 exstinguit
659 3701 844 3776 debiliorem,
864 3705 944 3764 sicut
957 3710 1061 3765 uotum
1076 3705 1236 3766 strictioris
1249 3705 1406 3782 religionis
1420 3707 1534 3767 exstin-

365 3794 470 3869 guitur
480 3807 533 3866 per
551 3793 769 3866 professionem
785 3793 816 3852 in
835 3793 942 3854 laxiori
956 3795 1112 3870 reiigione,
1131 3795 1220 3868 idque
1240 3801 1362 3870 propter
1380 3797 1534 3856 conscien-

365 3883 415 3942 tia
429 3880 676 3956 tranquillitatem
691 3881 751 3958 (cit.
769 3897 795 3941 c.
811 3883 839 3954 5)
845 3903 854 3956 3
869 3887 900 3942 at
917 3884 966 3942 hic
979 3883 1123 3960 obligatio
1134 3884 1321 3958 sponsalium
1337 3890 1367 3944 et
1382 3886 1535 3945 matrimo-

364 3971 409 4031 nii
420 3971 548 4045 quesita
562 3976 609 4030 est
623 3971 750 4030 diversis
766 3973 916 4046 personis.
932 3973 975 4033 dd
990 3977 1018 4033 4.
1039 3974 1207 4034 Periculum
1222 3975 1304 4034 istud
1324 3975 1406 4048 prior
1421 3990 1535 4048 sponsa

365 4076 427 4121 non
445 4061 581 4133 induxit,
602 4059 735 4135 adeoque
751 4077 804 4136 per
823 4063 962 4124 accidens
982 4068 1039 4124 est.
1060 4064 1174 4123 Paritas
1191 4064 1228 4122 de
1242 4080 1274 4122 re
1286 4077 1372 4124 sacra
1389 4070 1419 4124 et
1438 4063 1535 4126 sticho

365 4167 427 4212 uon
451 4151 566 4226 probat,
589 4151 661 4224 quia
679 4152 780 4212 favore
803 4153 959 4228 religionis
974 4159 1004 4214 et
1021 4153 1168 4214 libertatis
1189 4169 1239 4214 res
1267 4169 1353 4214 sacra
1376 4161 1406 4213 et
1428 4167 1534 4216 servus

365 4240 574 4302 manumissus
585 4241 672 4313 piene
684 4248 837 4317 ponuntur
850 4243 882 4302 in
895 4245 954 4303 aiio
964 4248 1057 4316 statu,
1072 4250 1101 4304 et
1110 4250 1193 4304 extra
1206 4243 1418 4303 commercium
1429 4243 1534 4305 huma·

366 4341 460 4402 num:
476 4335 508 4388 at
521 4330 646 4391 maritus
659 4346 720 4391 nou
735 4333 854 4406 ponitur
869 4340 951 4393 extra
962 4339 1075 4394 statum
1084 4333 1335 4406 contrabentium,
1350 4335 1421 4408 quia
1436 4334 1535 4394 soluto

368 4419 575 4492 matrimonio,
599 4421 773 4481 contrahere
790 4427 904 4496 potest,
924 4424 1004 4483 sicut
1026 4424 1090 4482 dari
1110 4425 1210 4483 ticbus
1230 4425 1398 4498 promissus
1417 4425 1537 4484 interim

370 4507 407 4566 ab
432 4507 570 4568 hostibus
595 4515 717 4583 captus,
741 4515 771 4568 et
787 4523 856 4568 area
877 4511 1041 4584 promissa,
1059 4511 1090 4570 in
1117 4527 1178 4586 qua
1195 4511 1339 4571 dominus
1364 4511 1536 4584 edificavit,

381 4601 538 4671 postquam
552 4599 799 4672 impedimentum
814 4601 995 4675 captivitatis
1012 4607 1042 4660 et
1054 4603 1170 4662 editicii
1184 4603 1335 4663 sublatum
1367 4601 1455 4661 tuerit
1470 4601 1533 4676 (cit.

370 4688 391 4752 l.
406 4689 532 4767 xcxiii).
551 4690 605 4754 ud.
621 4695 648 4752 5.
664 4695 735 4772 lieg.
751 4698 812 4754 ant.
826 4708 862 4753 ex
877 4694 1039 4754 multorum
1055 4694 1214 4767 sententia,
1231 4694 1303 4768 quia
1313 4695 1365 4772 ius
1379 4693 1535 4774 personale
