3514 5564
248 540 251 549 '
372 531 431 598 lad
829 549 880 598 tos
900 547 1081 598 cauomcux.

373 667 493 755 tepeat
511 670 614 756 idque
630 671 693 736 sub
707 672 925 738 anathemate
940 673 1095 738 definivit
1109 669 1270 746 itident,
1289 685 1374 736 sess.
1396 669 1449 746 il,
1468 687 1543 735 aaa.

372 778 430 842 lln.
446 777 554 854 ludex
569 785 684 845 autem
698 779 762 844 iste
778 784 831 844 est
845 779 934 863 Papa
947 781 983 844 in
996 784 1068 844 tota
1079 777 1235 854 Eccieda,
1252 783 1287 842 et
1303 778 1444 862 quilibet
1458 776 1546 841 ordi-

349 967 353 970 ·
372 887 488 954 narius
501 887 537 950 in
549 905 612 952 sua
626 886 774 965 dioecesi,
792 887 848 952 vel
862 906 982 953 eorum
995 888 1152 969 delegati,
1164 892 1223 952 aut
1237 886 1295 972 qui
1310 903 1353 952 ex
1367 884 1545 971 privilegio

371 995 499 1061 habent
509 996 783 1080 jurisdictionem
798 997 1028 1079 cognoscendi
1042 1015 1162 1064 causas
1177 995 1391 1081 spirituales:
1407 1013 1479 1079 cap.
1494 993 1542 1071 ta,

372 1104 414 1169 de
426 1103 727 1188 Excess.prelat.;
743 1104 846 1182 lita,
859 1123 942 1170 sess.
957 1106 1007 1182 id,
1018 1123 1091 1190 cap.
1108 1105 1159 1182 90,
1176 1123 1266 1170 vers.
1281 1103 1420 1169 Addam
1434 1121 1544 1168 eausa

295 1245 297 1250 ·
371 1213 652 1292 matrimoniales,
669 1217 703 1276 et
711 1231 785 1296 cap.
798 1213 839 1277 de
846 1213 1010 1296 Reform,
1025 1214 1083 1278 ubi
1090 1213 1132 1279 ah
1141 1214 1207 1278 hoc
1218 1211 1347 1296 judicio
1362 1211 1546 1278 excludun-

371 1325 427 1384 tur
448 1319 580 1396 decaai,
603 1319 840 1399 archidiaconi,
857 1327 892 1386 et
916 1319 973 1386 alii
995 1320 1174 1386 interiores
1199 1321 1359 1404 episcopo
1375 1337 1439 1384 seu
1457 1316 1546 1383 ordi·

278 1459 281 1468 λ
371 1428 466 1494 nario
483 1429 535 1512 (l).

411 1537 510 1620 Resp.
527 1537 557 1601 i.
585 1536 701 1602 Gausae
725 1536 993 1603 matrimoniales
1022 1535 1227 1620 temporales
1250 1555 1313 1619 per
1336 1555 1372 1602 se
1390 1539 1546 1620 spectant

371 1645 414 1712 ad
428 1647 541 1712 forum
553 1647 678 1730 judicis
694 1647 885 1714 saecularis:
903 1649 952 1712 uti
966 1663 1070 1714 causa
1084 1647 1183 1725 dotis,
1200 1647 1393 1715 donationis
1407 1651 1545 1732 propter
1659 1639 1665 1654 '

371 1757 518 1838 nuptias,
538 1756 763 1823 haereditariae
778 1757 1014 1851 successionis,
1026 1758 1278 1836 alimentorum,
1293 1758 1423 1823 ventris
1438 1757 1542 1840 inspi-

370 1857 498 1934 ciendi,
524 1863 608 1935 etc.;
635 1859 664 1923 si
686 1865 801 1925 tamen
819 1860 896 1926 talis
920 1879 1023 1926 causa
1046 1860 1234 1926 incidenter
1252 1865 1433 1926 moveatur
1455 1859 1545 1943 apud

368 1965 520 2047 J‘udicem
545 1965 821 2043 ecclesiasticum,
850 1969 892 2032 ab
919 1987 960 2033 eo
989 1967 1106 2052 utique
1134 1967 1293 2050 cognosci
1317 1973 1440 2052 potest,
1465 1986 1543 2032 cum

371 2073 617 2142 ecclesiasticus
629 2092 700 2139 non
715 2074 758 2138 sit
772 2075 915 2158 incapax
926 2076 969 2141 ad
980 2069 1220 2156 cognoscenda
1232 2075 1444 2159 temporalia,
1457 2075 1545 2140 sicut

370 2181 476 2247 laicus
490 2183 633 2266 incapax
646 2182 753 2248 estad
766 2183 1047 2266 spiritualiallide
1057 2183 1152 2249 dicta
1167 2183 1216 2248 tit.
1228 2183 1269 2249 de
1280 2183 1390 2248 lodie.
1399 2183 1490 2248 altit.
1503 2184 1544 2248 de

371 2291 447 2355 For.
459 2298 599 2376 compet.

771 2655 996 2732 TITULUS
1034 2657 1139 2730 XIX.

844 2843 881 2888 DE
911 2843 1070 2888 oll'on'lllS.

278 3219 281 3229 Δ
411 3139 494 3206 Gum
514 3141 556 3207 ad
577 3141 828 3208 accusationem
850 3143 1060 3208 matrimonii
1083 3147 1246 3228 sequatur
1271 3143 1455 3208 divortium
1482 3161 1543 3207 seu

371 3249 749 3334 separatioconjugum,
765 3255 856 3316 recte
870 3251 924 3316 hic
940 3253 1054 3332 agitur
1068 3251 1109 3316 de
1132 3250 1287 3327 divortio,
1306 3250 1396 3335 quod
1421 3249 1542 3334 triplex

370 3363 423 3425 est
445 3380 452 3422 ε
474 3361 505 3424 1ο
528 3359 713 3425 divortium
738 3360 855 3444 quoad
874 3361 1059 3438 vinculum,
1082 3361 1114 3424 2⁰
1139 3360 1323 3426 divortium
1340 3369 1543 3446 perpetuam

370 3466 487 3550 qeeoad
506 3475 618 3531 torum
644 3472 679 3534 et
705 3467 1000 3546 cohabitationem,
1026 3472 1062 3533 ct
1085 3469 1118 3532 3ο
1145 3467 1330 3534 divortium
1357 3468 1542 3554 temporale

370 3575 487 3658 quoad
517 3583 628 3640 torum
662 3584 694 3641 et
726 3576 980 3642 habitationem.
1007 3577 1046 3642 Et
1070 3579 1225 3662 quamvis
1250 3597 1292 3643 ax
1319 3577 1539 3669 matrimonio

369 3684 516 3750 invalide
532 3689 704 3751 contracto
719 3685 851 3752 nullum
872 3687 1001 3754 oriatur
1015 3687 1189 3753 duculum
1210 3687 1311 3770 juris,
1327 3687 1388 3751 sed
1411 3687 1541 3770 praecisi

369 3791 466 3872 sacti,
481 3793 560 3876 quia
575 3797 690 3859 tamen
705 3793 741 3858 in
762 3795 836 3860 loro
848 3795 912 3859 lori
927 3794 1016 3860 inter
1038 3796 1280 3861 contrahentes
1303 3801 1442 3880 putatur
1466 3812 1541 3860 essa

370 3901 542 3984 quoddam
564 3902 801 3980 retinaculum,
826 3905 904 3970 ideo
929 3905 1033 3970 etiam
1054 3904 1145 3970 istud
1171 3904 1310 3969 dissolvi
1339 3904 1449 3979 dehet,
1481 3923 1542 3968 seu

369 4009 483 4092 potius
497 4007 660 4075 declarari
673 4011 929 4078 matrimonium
942 4031 1017 4078 esse
1032 4013 1172 4080 nullitar
1183 4018 1218 4079 et
1239 4012 1313 4078 sine
1326 4013 1451 4080 ellectu
1465 4030 1543 4077 oon-

371 4121 526 4185 tractum.

444 4302 524 4362 ‚Quo
540 4301 624 4355 modo
640 4289 851 4357 dissolvendum
867 4303 905 4357 alt
920 4301 1136 4358 matrimonium
1151 4303 1267 4358 nullitsr
1282 4303 1482 4359 contractant

411 4445 509 4529 Resp.
527 4448 559 4511 1⁰
572 4446 623 4512 Ad
636 4448 701 4514 hoc
715 4451 907 4515 necessaria
928 4455 981 4516 est
1004 4451 1187 4519 auotoritas
1208 4451 1369 4517 ordinarii
1388 4451 1442 4518 vel
1466 4452 1545 4524 alte

371 4677 390 4728 B
403 4600 543 4728 (ηὲὶυῖιιε
552 4603 661 4655 modum
671 4603 820 4655 instruendi
831 4603 890 4655 illas
901 4617 1004 4670 causas,
1014 4603 1139 4658 standum
1149 4609 1189 4658 est
1199 4589 1304 4659 constit.
1316 4605 1364 4658 Dei
1372 4605 1543 4672 miseralione,

392 4691 441 4728 aue
463 4716 468 4726 .
541 4713 547 4726 .
861 4687 864 4694 '
