3508 5568
528 515 530 518 ·
597 503 685 552 rurs
705 503 841 562 orsurus
862 503 1081 554 necteremus.
1391 489 1450 552 77.
1573 533 1577 540 ,

254 623 403 708 plurium
420 625 584 702 virorum,
604 629 644 688 ut
656 629 751 708 patet
763 625 799 688 in
814 624 1064 700 meretricibus3
1086 627 1120 688 et
1134 621 1228 688 bercer
1239 623 1433 688 educationi

254 732 379 816 prolis;
400 731 480 816 quia
493 738 590 816 pater
602 736 693 797 esset
711 732 877 809 incertus,
897 736 932 797 et
950 732 997 796 ita
1017 731 1160 815 quisque
1177 730 1309 815 prolem
1322 731 1431 813 negli-

254 845 360 921 geret.
377 839 494 906 Judicc
510 845 625 906 tamen
641 839 682 905 de
698 840 854 906 absolute
865 838 1173 924 potentiabeifleri
1183 857 1296 923 posse,
1312 844 1350 903 ut
1361 857 1430 904 uns

253 947 377 1013 mulier
396 949 616 1015 matrimonio
634 949 813 1033 copuletur
829 945 1103 1032 pluribusviris3
1128 965 1209 1012 nam
1230 947 1295 1012 hoc
1317 951 1428 1012 totum

254 1058 372 1122 subest
388 1057 538 1122 dominio
552 1056 634 1122 Dei:
651 1075 762 1141 neque
786 1053 853 1122 tale
868 1056 1126 1122 matrimonium
1145 1057 1298 1151 continet
1322 1061 1429 1124 mate·

253 1165 339 1230 riam
352 1147 507 1231 absolute
522 1163 859 1242 incobonestubilem,
877 1168 936 1230 aut
951 1164 1113 1248 primario
1135 1165 1204 1232 flue
1219 1166 1403 1230 irustratur
1418 1185 1426 1228 :

254 1270 422 1356 siquidem
436 1272 494 1336 tuli
517 1290 598 1338 cesa
612 1272 702 1337 bens
724 1271 904 1354 providere
926 1277 1105 1354 possetne
1126 1277 1308 1339 noceretur
1327 1291 1428 1356 gene-

252 1381 376 1446 rationi
391 1386 426 1446 et
439 1381 530 1448 bono
548 1380 672 1464 prolis;
688 1382 838 1446 maxime
854 1382 883 1446 si
897 1381 962 1446 viri
977 1383 1167 1448 successive
1183 1387 1262 1466 post
1276 1381 1428 1465 siugrrlcs

253 1489 491 1568 generationes
505 1494 622 1554 essent
636 1489 848 1554 admittendi.

292 1595 392 1681 Resp.
405 1597 435 1660 4.
452 1596 648 1681 Polygamic
661 1597 810 1680 plurium
824 1615 972 1663 uxorum
996 1599 1059 1663 sub
1074 1615 1144 1664 uno
1165 1599 1238 1664 viro
1256 1598 1350 1665 nulla
1366 1599 1429 1664 hu·

252 1719 355 1768 mana
381 1706 550 1788 potestate
579 1705 720 1771 concedi
745 1709 860 1788 potest
879 1725 887 1768 :
903 1706 951 1770 ita
978 1724 1116 1783 comm,
1147 1725 1249 1791 quam
1275 1707 1429 1790 sequitur
1463 1686 1472 1696 ¹

252 1810 325 1878 lnn.
345 1810 398 1889 lll,
419 1831 449 1878 c.
470 1814 502 1890 8,
525 1813 567 1877 de
580 1812 707 1878 Dioort.
717 1829 731 1894 ;
749 1813 781 1876 S.
798 1813 850 1890 b,
867 1813 903 1879 in
919 1814 950 1890 4,
968 1814 1000 1878 d.
1016 1815 1066 1891 33,
1086 1835 1117 1898 q.
1136 1816 1166 1891 l,
1182 1833 1211 1880 a.
1228 1815 1264 1892 2;
1278 1832 1358 1880 nam
1369 1817 1427 1898 jus

251 1921 287 1985 in
305 1939 448 2006 corpora
461 1922 551 1987 Deus
562 1941 624 1988 suo
640 1922 791 1988 dominio
805 1923 1005 2001 reservavit,
1032 1941 1095 1990 nec
1109 1923 1212 1990 talem
1222 1927 1428 2007 potestatem

251 2028 426 2095 relaxandi
442 2031 500 2114 jus
514 2029 670 2097 naturale
691 2035 725 2096 et
739 2030 895 2096 divinum
909 2031 1118 2116 principibus
1135 2035 1195 2101 aut
1208 2030 1427 2097 Pontificibus

251 2141 428 2206 concessit.

690 2531 902 2609 TITULUS
939 2531 983 2607 V.

250 2713 288 2761 bb
304 2713 527 2774 coabtrlotttntts
545 2717 696 2766 nrroslrts
710 2719 741 2764 itt
760 2719 1015 2779 responsalibus,
1037 2721 1076 2766 ΕΤ
1096 2720 1175 2766 ntus
1194 2721 1422 2771 contestamus-

288 3021 373 3106 Nota
391 3024 423 3086 t⁰
442 3023 665 3088 coraditz'onem
685 3025 906 3091 conformiter
918 3024 998 3090 huic
1010 3025 1152 3090 rubricae
1171 3025 1312 3091 delinire
1332 3026 1424 3111 quod

249 3130 293 3193 sit
315 3130 449 3195 affectio
474 3131 637 3197 orationis
662 3132 876 3215 suspendens
904 3133 960 3198 vel
986 3133 1163 3199 resolvens
1189 3139 1421 3212 contractum,

248 3229 390 3320 ejusque
404 3237 657 3320 obligationem.
674 3238 865 3304 Dividitur:
890 3242 921 3303 1ο
935 3241 970 3303 in
988 3244 1233 3325 sacopensioom,
1251 3261 1326 3326 quae
1342 3241 1425 3307 obli·
1509 3243 1510 3248 ’

247 3345 421 3424 gationem
440 3350 535 3412 actus
547 3347 734 3429 'suspendit
753 3365 814 3411 seu
833 3347 956 3423 differt,
976 3348 1084 3413 donec
1098 3349 1173 3432 ipsa
1191 3347 1340 3414 conditio
1354 3350 1424 3414 exi-

249 3455 325 3528 stat,
342 3472 375 3517 v.
391 3472 424 3535 g.
443 3479 457 3512 κ
474 3454 603 3532 Ducam
618 3459 666 3533 te,
684 3455 713 3519 si
727 3453 820 3520 mille
835 3454 1006 3533 attuleris;
1025 3479 1041 3513 u
1057 3461 1092 3522 et
1100 3457 1331 3538 resolutivam,
1347 3476 1422 3541 quae

248 3558 491 3642 obligationem
510 3563 552 3626 ab
573 3561 669 3627 initio
687 3581 807 3646 puram
826 3563 980 3628 dissolvit
998 3569 1033 3654 et
1053 3563 1183 3629 nullam
1197 3565 1326 3642 reddit;
1341 3583 1373 3630 v.
1387 3583 1419 3647 g.

248 3695 262 3726 u
277 3668 405 3734 Ducem
421 3675 464 3744 te,
478 3671 543 3734 nisi
559 3671 649 3736 intra
662 3671 836 3735 octiduum
849 3672 950 3738 ditior
963 3690 1133 3756 sponsase
1150 3673 1320 3749 obtulerit3
1337 3673 1423 3738 lun-

247 3777 310 3841 dus
338 3778 397 3842 tibi
426 3777 586 3842 venditus
615 3783 705 3854 esto,
737 3779 802 3842 nisi
827 3779 917 3845 intra
945 3781 1118 3864 proximas
1148 3779 1306 3846 calendas
1335 3779 1422 3845 alius

247 3891 380 3970 emptor
388 3887 465 3970 plus
477 3886 647 3952 obtulerit.
666 3913 682 3946 »
698 3885 778 3950 Vide
794 3887 844 3952 tit.
860 3889 896 3952 ii.
910 3889 958 3954 Dc
974 3892 1008 3954 in
1021 3891 1111 3955 diem
1124 3889 1324 3956 addictione.
1336 3891 1369 3954 2⁰
1384 3887 1421 3952 ln

242 3994 444 4078 possibilem,
452 4011 527 4078 quae
536 3995 673 4059 evenire
682 3997 806 4076 potest,
815 4001 850 4059 et
862 3996 1110 4079 impossibilem,
1118 4016 1222 4082 quam
1228 3997 1365 4062 evenire
1371 4015 1421 4060 re-

165 4109 169 4118 “
244 4107 385 4186 pugnat,
396 4107 445 4180 ut,
459 4128 474 4161 u
484 4102 511 4166 si
523 4102 724 4167 chimeram
739 4103 913 4168 obtuleris.
930 4131 945 4164 »
960 4106 993 4169 3ο
1008 4105 1180 4171 Possibilis
1196 4103 1422 4169 subdividitur

244 4211 520 4290 inaccessoricna
528 4228 603 4295 quae
610 4210 950 4289 naturaliterexistet‚
958 4232 990 4278 v.
999 4233 1032 4296 g.
1042 4239 1057 4272 α
1071 4214 1099 4277 si
1110 4232 1183 4279 cras
1192 4211 1389 4282 solatietur,
1403 4237 1419 4269 u

243 4319 299 4384 vel
314 4339 357 4384 ex
371 4319 604 4403 suppositione
620 4319 746 4385 decreti
762 4319 867 4384 divini
879 4325 972 4386 certo
987 4326 1146 4405 ponetur,
1163 4338 1240 4409 vig.
1251 4345 1266 4380 «
1284 4319 1313 4382 si
1326 4319 1419 4383 Auti-

243 4429 573 4505 cbristusexstiterit;
587 4455 603 4486 n
616 4431 918 4514 etcontinpentem,
927 4447 1001 4514 quae
1012 4433 1126 4513 potest
1136 4429 1274 4494 evenire
1282 4426 1339 4493 vel
1348 4446 1418 4494 non

243 4533 453 4614 evenirent,
462 4561 477 4596 «
486 4537 513 4600 si
521 4540 618 4620 pater
626 4537 850 4602 consenserit.
860 4537 922 4601 »Et
930 4536 1124 4603 beecvelest
1127 4537 1347 4623 potestatibe,
1356 4552 1416 4628 seu

243 4647 436 4724 urbt'trurio,
445 4663 547 4730 quarn
558 4645 699 4729 implere
706 4646 803 4712 estin
815 4650 985 4730 potestate
999 4645 1242 4722 contrahentis,
1260 4663 1293 4710 v.
1310 4663 1343 4726 g.
1361 4647 1416 4710 «si
