3418 5566
369 521 428 590 338
824 539 875 588 rus
896 537 1075 588 aaronem.

368 677 430 742 per
465 659 719 724 reiterationem
750 657 909 741 baptismi
936 657 1096 724 videntur
1120 675 1141 721 a
1162 653 1270 740 primo
1301 651 1475 734 resedere,
1501 669 1540 720 aa

367 767 509 851 proinde
524 771 726 852 apostatare.

604 952 623 1004 1.
640 952 679 1004 Ite
695 949 837 1016 apostasia
850 949 999 1017 ingerere
1015 950 1044 1003 et
1061 949 1197 1015 apostatis
1210 961 1228 1004 a
1240 949 1304 1004 tide.

407 1099 440 1182 a)
467 1097 649 1184 Apostasia
670 1115 739 1164 vox
755 1115 866 1180 graeoa
883 1102 946 1176 est,
964 1116 1039 1183 quae
1056 1097 1285 1164 desertionem
1300 1115 1362 1164 seu
1381 1095 1539 1165 detentio-

367 1225 448 1272 nem
471 1205 649 1288 aignifloat.
679 1204 738 1270 llio
761 1205 909 1270 sumitur
934 1225 997 1290 pro
1022 1205 1211 1271 defectione
1233 1225 1300 1290 qua
1318 1207 1394 1290 quis
1412 1205 1539 1273 resedit

366 1315 548 1380 temerarie
567 1334 588 1380 a
604 1315 683 1379 vitae
703 1313 824 1398 prioris
847 1315 1015 1391 instituto,
1035 1315 1127 1398 quod
1145 1314 1333 1379 tenendum
1352 1313 1486 1397 publiea
1504 1319 1539 1378 et

368 1422 514 1489 solemni
537 1423 750 1507 professione
779 1413 983 1506 susoeperat.
1015 1421 1135 1488 Differt
1160 1423 1202 1486 ab
1227 1421 1472 1501 inobedientia,
1501 1427 1539 1486 ut

247 1515 249 1520 ’
365 1532 605 1600 amaricetur.

406 1639 954 1724 Triplexestspeeiesapostasiae,
972 1637 1147 1716 sciliceta
1166 1640 1247 1717 fide,
1271 1641 1313 1706 ab
1326 1640 1451 1705 ordine
1472 1646 1538 1706 eta

366 1748 532 1832 religione
548 1767 609 1815 seu
624 1753 714 1813 statu
729 1747 900 1830 religioso,
915 1752 1018 1831 prout
1032 1745 1201 1813 deseritur
1212 1749 1348 1832 penitus
1373 1749 1459 1814 ssdes
1483 1767 1537 1814 aa·

366 1856 501 1936 thelica
517 1856 573 1922 vel
585 1857 668 1923 ordo
682 1859 794 1940 major
808 1856 1061 1939 susceptus,vel
1072 1860 1181 1922 status
1193 1856 1374 1939 religiosus
1388 1876 1449 1941 per
1462 1876 1538 1941 pro-

362 1964 548 2031 fessionem
564 1965 680 2029 initus.

405 2071 437 2156 b)
449 2072 498 2136 De
513 2074 686 2157 apostasia
696 2091 718 2136 a
726 2072 805 2154 fide.
818 2071 967 2150 Constat,
984 2091 1028 2138 ex
1041 2071 1238 2138 delinitione
1248 2089 1351 2156 supra
1358 2073 1445 2151 data,
1457 2092 1537 2158 apo·

366 2185 471 2247 statas
486 2199 508 2247 a
521 2181 587 2246 tide
607 2199 682 2246 esse
702 2183 760 2266 qui
773 2182 910 2266 penitus·
930 2199 950 2246 a
966 2182 1033 2247 ilde
1048 2181 1239 2247 orthodoxa
1253 2200 1315 2266 per
1330 2183 1537 2266 baptismum

367 2295 524 2374 suscepta
542 2290 749 2356 deiecerunt.
766 2289 849 2355 ilino
864 2292 896 2354 1⁰
910 2291 946 2354 in
959 2293 1130 2375 apostasia
1147 2310 1167 2357 a
1183 2292 1262 2368 lide,
1279 2291 1307 2355 si
1332 2293 1495 2356 cenninus
1516 2307 1538 2354 a

368 2417 434 2482 qao
449 2398 693 2476 consideratur,
711 2403 764 2463 est
781 2398 952 2475 delictum,
969 2417 1039 2464 non
1055 2400 1178 2483 speeie,
1196 2400 1256 2464 sed
1268 2399 1376 2481 gradu
1391 2404 1535 2474 tautum,

366 2511 563 2576 distinctum
579 2513 621 2577 ab
635 2511 773 2589 haeresi3
790 2511 1068 2598 quandoquidem
1080 2517 1235 2596 apostata
1250 2517 1302 2576 est
1315 2531 1418 2577 verus
1431 2513 1538 2576 harre-

363 2613 461 2694 tious,
477 2633 497 2680 a
511 2633 578 2700 quo
591 2615 629 2679 in
643 2635 684 2681 eo
698 2615 810 2680 solum
824 2615 938 2680 differt
960 2616 1050 2699 quod
1069 2615 1125 2681 ille
1146 2635 1188 2680 ex
1207 2621 1302 2700 parte
1328 2615 1459 2690 deferit,
1482 2615 1538 2680 hia

361 2738 445 2788 vero
459 2722 495 2787 in
508 2728 619 2788 totum
631 2743 653 2789 a
665 2722 732 2788 fide
746 2723 888 2788 recessit
901 2721 1079 2807 eidemque
1093 2723 1312 2788 renuntiavit.
1326 2725 1446 2800 Quare,
1456 2722 1537 2788 licet

360 2830 465 2913 vulgo
481 2835 644 2916 apostate
661 2831 816 2896 dieantur
829 2831 887 2916 qui
901 2849 922 2895 a
935 2829 1002 2896 fide
1018 2831 1184 2896 oatlrolioa
1198 2831 1240 2896 ad
1252 2835 1379 2896 sertam
1389 2831 1538 2916 aliquam

362 2940 569 3020 hereticam,
585 2959 618 3004 v.
640 2960 672 3024 g.
693 2939 945 3018 salvinismum,
966 2941 1155 3017 transeunt,
1177 2958 1249 3006 non
1269 2945 1385 3005 tamen
1402 2939 1537 3024 proprie

366 3063 447 3122 sunt
463 3062 637 3142 apostata,
655 3055 716 3121 sed
729 3055 889 3123 haeretiei.
907 3055 973 3120 Sed
988 3057 1045 3141 qui
1060 3075 1080 3121 a
1095 3057 1162 3122 fide
1177 3055 1341 3123 catholica
1358 3056 1401 3121 ad
1412 3055 1538 3140 judaie

361 3185 458 3231 mum
472 3165 528 3232 vel
540 3163 779 3250 paganismum
794 3166 926 3244 transit,
944 3169 1091 3230 estsere
1108 3169 1273 3248 apostata.

401 3276 433 3338 2⁰
452 3273 486 3338 Si
505 3274 540 3338 in
560 3274 730 3358 apostasia
748 3272 984 3338 consideratur
1000 3274 1163 3336 terminus
1179 3273 1227 3338 ad
1242 3291 1353 3356 quem,
1369 3277 1451 3337 tune
1464 3271 1536 3338 haeo

360 3377 504 3448 deiectio
519 3383 621 3448 variis
636 3379 824 3465 appellatur
838 3381 1044 3457 nominibus,
1071 3381 1259 3446 seeundum
1278 3382 1448 3447 diversam
1462 3380 1536 3446 intl-

360 3490 506 3564 dalitatis
520 3490 668 3574 speeiem
682 3490 718 3554 in
730 3507 834 3574 quam
849 3490 935 3574 quis,
952 3507 1035 3554 vera
1059 3488 1126 3553 llde
1147 3506 1186 3554 ao
1208 3487 1372 3570 religione
1396 3475 1531 3566 relictis,

359 3596 489 3662 abierit.
505 3597 588 3662 Hine
600 3597 804 3680 judaismus,
834 3597 1066 3681 paganismus,
1088 3596 1430 3674 mahumetanismus,
1448 3596 1535 3662 deis-

357 3725 453 3785 mus,
481 3707 679 3784 atheismus,
705 3707 959 3772 rationalismus
991 3706 1178 3785 absolutus,
1215 3706 1531 3783 indifferentismus,

357 3822 501 3900 possunt
515 3833 589 3882 esse
604 3817 741 3882 termini
770 3816 819 3881 dd
839 3837 939 3901 quem
962 3835 1118 3882 reoessus
1142 3816 1244 3882 assde
1260 3835 1320 3882 seu
1340 3817 1530 3899 apostasia.

356 3925 423 3990 Sed
437 3929 476 3988 ut
488 3930 665 4010 peceatum
676 3925 855 4008 apostasiae
869 3926 1096 3992 constituatur
1110 3930 1145 3989 et
1159 3925 1235 4007 quis
1249 3923 1407 3988 omnibus
1419 3925 1532 4008 poenis

355 4040 474 4099 eontra
487 4039 659 4120 apostatas
671 4034 751 4108 latis
766 4035 810 4098 sit
824 4034 1004 4111 obnoxius,
1017 4035 1158 4098 minime
1175 4033 1359 4117 requiritur
1370 4039 1409 4097 ut
1423 4033 1533 4098 deter-

354 4142 520 4207 minatam
533 4142 682 4227 aliquam
700 4143 849 4226 speeiem
863 4140 1073 4207 infidelitatis
1087 4141 1263 4225 professus
1277 4140 1395 4217 luerit;
1412 4141 1439 4204 si
1456 4141 1531 4224 quis

355 4251 495 4318 omnino
512 4253 640 4335 rejecta
661 4251 810 4336 qualibet
828 4249 1003 4333 religionis
1023 4252 1143 4328 torma,
1162 4250 1198 4314 in
1219 4248 1409 4316 absolutam
1430 4249 1531 4316 incre·

353 4357 533 4426 dealitatem
549 4361 734 4437 decesserit,
749 4360 814 4426 erit
828 4379 932 4426 verus
946 4363 1112 4444 apostata.

391 4469 423 4533 3·
438 4469 544 4552 Igitur
558 4468 729 4554 apostasia
748 4472 800 4533 est
816 4471 993 4552 peecatum
1008 4466 1228 4545 infidelitatis,
1248 4474 1283 4534 et
1302 4469 1440 4554 quidem
1455 4489 1530 4554 gra-

351 4577 428 4643 vius
448 4579 586 4655 haeresi,
607 4597 714 4664 quum
736 4582 892 4662 apostata
910 4597 931 4642 a
948 4577 1015 4642 llde
1037 4577 1074 4640 in
1094 4582 1205 4642 totum
1230 4579 1382 4657 recedat,
1404 4585 1438 4644 et
1459 4598 1528 4644 non

352 4691 486 4754 tantum
499 4709 542 4755 ex
555 4696 662 4774 parta,
672 4689 916 4772 ptheeretious.
935 4689 1045 4765 Quare
1060 4687 1177 4755 omnia
1192 4703 1267 4773 quae
1283 4688 1372 4756 diota
1391 4695 1471 4755 sunt
1485 4691 1527 4756 de
