3418 5566
552 566 640 614 uranu
661 567 791 622 curares
811 565 1033 614 orcaarrnrcrr.
1318 545 1378 614 313

188 685 243 752 ,11
269 683 451 770 Credentes
480 690 561 750 sunt
587 675 689 752 etiam
714 687 763 752 illi
789 687 857 772 qui,
884 685 963 752 licet
989 683 1073 750 nihil
1099 685 1240 752 credant
1262 689 1380 750 contra

211 795 327 874 iidem,
340 800 455 860 tamen
469 794 505 858 in
516 795 613 860 iactis
628 799 663 860 et
674 795 787 862 verbis
800 795 1022 860 exterioribus
1035 795 1239 878 profitentur
1253 798 1381 859 sectam

211 903 431 968 haereticam:
453 921 486 968 v.
509 921 542 985 g.
563 903 599 967 in
618 903 813 971 infirmitate
833 903 1031 968 haereticum
1051 905 1223 986 pastorem
1245 906 1380 978 vocant,
1505 900 1507 904 ’

212 1009 691 1096 praedicationihaereticornm
704 1015 891 1095 praesentes
904 1010 1029 1076 adsunt
1042 1028 1121 1075 curn
1134 1011 1249 1076 animo
1263 1027 1380 1075 assen-
1420 1015 1423 1022 “

214 1119 331 1196 tiendi,
357 1118 491 1184 etiamsi
513 1136 583 1184 non
604 1119 753 1184 habeant
773 1118 925 1184 animum
946 1105 1156 1184 assentiendi
1176 1118 1381 1195 absolutum,

214 1227 276 1294 sed
298 1231 432 1292 tantum
457 1228 520 1292 snb
543 1226 744 1298 condidere
762 1225 853 1312 quod
872 1225 956 1309 ipsis
979 1225 1130 1292 rationes
1146 1226 1384 1292 haereticorum

214 1336 412 1419 placuerint.
443 1395 448 1406 ,

254 1444 482 1530 deceptores:
505 1443 563 1530 qui
591 1433 759 1512 haereticis
784 1443 970 1528 hospitium
991 1443 1144 1528 praebeut
1164 1448 1224 1508 aut
1246 1441 1385 1509 eosdem

217 1553 337 1636 quovis
351 1552 454 1618 modo
464 1552 645 1633 occidtant,
664 1573 707 1619 ne
721 1553 861 1619 veniant
873 1553 910 1616 in
922 1569 1065 1617 manum
1073 1550 1197 1635 judicis
1215 1569 1253 1618 ac
1266 1567 1386 1636 peenas

215 1661 354 1726 haeresie
366 1661 550 1726 incurrant.
567 1660 633 1727 Sed
650 1679 749 1728 casus
769 1660 826 1725 ille
844 1660 946 1726 hodie
961 1678 1032 1726 non
1051 1663 1103 1724 est
1115 1660 1293 1743 practicus,
1307 1664 1387 1724 cum

218 1769 387 1849 supponat
416 1763 585 1830 actionem
619 1764 830 1837 criminalem
861 1764 904 1830 ob
937 1763 1067 1829 crimen
1094 1762 1253 1839 haeresis3
1285 1777 1388 1845 porro

217 1871 378 1949 Ecclesia,
405 1872 531 1940 nostris
555 1873 781 1956 temporibus,
812 1873 930 1958 nequit
956 1870 1177 1938 criminaliter
1203 1869 1389 1954 procedere

217 1985 337 2046 contra
352 1981 541 2048 haereticos.

257 2089 421 2156 Fautores
433 2107 447 2155 .·
459 2089 517 2175 qui
530 2088 707 2167 hemlion,
724 2106 792 2170 qua
809 2087 943 2166 11111111,
965 2089 1120 2154 favorem
1140 2090 1312 2172 praestant,
1335 2084 1392 2152 vel

218 2197 373 2282 positive,
398 2215 457 2265 eos
479 2197 661 2275 laudando,
682 2196 886 2274 excusando,
904 2195 1102 2268 exercitium
1116 2196 1227 2263 cultus
1242 2194 1392 2262 haeretici

219 2306 459 2392 permittendo,
480 2304 612 2372 scholae
632 2304 681 2370 eis
702 2305 898 2389 aperiendo,
921 2309 1001 2383 etc.;
1027 2305 1081 2373 vel
1099 2303 1270 2388 negative,
1294 2302 1392 2370 omit-

220 2416 324 2482 tendo
339 2433 459 2482 eorum
474 2415 777 2493 denuntiationem,
794 2415 1051 2494 correctionem,
1067 2419 1131 2481 etc.

258 2526 456 2609 Defensores
478 2526 569 2610 :qui
598 2526 718 2611 quovis
738 2525 842 2592 modo
861 2530 1001 2593 tuentur
1023 2525 1079 2593 vel
1102 2525 1239 2595 errores'
1259 2524 1392 2592 haereti·

220 2652 349 2713 corum,
373 2634 430 2701 vel
446 2652 566 2717 eorum
584 2651 759 2719 personae,
776 2635 820 2701 oh
834 2653 973 2702 causam
988 2636 1147 2714 haeresie3
1162 2653 1260 2703 secus
1275 2635 1304 2699 si
1315 2633 1393 2700 illos

221 2746 406 2813 deiendaut
424 2746 467 2812 oh
490 2745 591 2812 aliam
607 2764 757 2824 causam,
780 2765 814 2812 v.
838 2765 873 2829 g.
893 2747 1190 2832 propinquitatem,
1205 2746 1395 2812 misericor·

142 2881 145 2888 ·
223 2854 324 2920 diam.
345 2855 413 2919 Sub
439 2854 591 2937 generali
617 2854 842 2940 appellatione
867 2855 1087 2921 defensorum
1112 2855 1230 2922 venire
1250 2855 1395 2940 possunt

221 2963 384 3042 lautores,
399 2967 603 3048 receptores,
623 2969 686 3030 etc.
708 2964 760 3030 Ad
781 2983 919 3049 poenam
942 2964 1193 3045 incurrendam,
1211 2963 1395 3049 requiritur
1428 3027 1430 3032 ,

222 3072 387 3138 auxilium
399 3073 529 3148 eisscax,
545 3091 608 3138 nec
623 3073 747 3138 suisscit
760 3077 974 3138 attentatum.

158 3176 160 3178 ’
262 3179 305 3244 111
317 3180 504 3258 credentes,
520 3181 683 3258 fautores,
704 3186 768 3246 etc.
788 3180 1025 3246 hereticorum
1038 3177 1319 3246 incurrantillam
1338 3193 1396 3245 ex-

224 3288 578 3366 communicationem,
597 3289 721 3355 sufficit
735 3292 775 3354 ut
784 3289 841 3354 isti
854 3287 1004 3354 haeretioi
1020 3289 1076 3355 vel
1094 3293 1257 3372 apostata
1273 3286 1396 3372 quibus

224 3399 402 3476 inhaerent,
416 3401 451 3462 et
461 3398 642 3463 efficaciter
652 3397 817 3465 auxilium
830 3402 1044 3482 praestarunt,
1060 3399 1132 3463 noti
1147 3397 1216 3462 sint
1233 3397 1306 3461 sine
1327 3395 1397 3462 ulla

226 3506 451 3584 dubitatione;
474 3525 538 3572 nec
557 3506 742 3592 requiritur
763 3510 802 3570 ut
822 3505 891 3571 sint
910 3506 1113 3572 nominatim
1133 3504 1291 3572 declarati
1312 3506 1397 3589 aju-

227 3615 298 3682 dice
313 3616 549 3696 ecclesiastico,
565 3621 625 3683 eut
637 3615 772 3683 notorii.

264 3726 296 3788 2⁰
319 3725 400 3791 Aliae
424 3744 534 3808 poenae
559 3730 640 3790 sunt
656 3745 663 3788 :
678 3722 829 3811 privatio
841 3723 1023 3808 sepulturae
1038 3721 1245 3801 christianae;
1267 3722 1395 3806 irrepu-

228 3829 360 3911 lorr'tos,
385 3834 433 3898 ita
458 3839 497 3898 ut
522 3853 586 3898 nec
616 3831 752 3900 ordines
776 3833 962 3916 suscipere,
990 3850 1053 3896 neo
1073 3829 1109 3896 in
1135 3831 1299 3916 susceptis
1324 3833 1397 3897 sine

227 3941 479 4025 dispensatione
492 3941 684 4006 ministrare
703 3940 844 4034 possint,
861 3939 995 4004 etiamsi
1011 3937 1054 4005 ab
1074 3940 1196 4005 haeresi
1212 3941 1280 4005 sint
1300 3941 1399 4006 abso-

228 4049 305 4124 luti3
331 4047 526 4112 iotabditar
541 4049 584 4112 ad
598 4048 791 4130 dignitates,
807 4048 974 4117 beneficia
986 4053 1021 4112 11
1035 4049 1144 4113 oiflcia
1160 4047 1398 4125 ecclesiastica,

230 4161 265 4220 et
271 4157 418 4239 privatio
430 4155 645 4238 dignitatum,
660 4156 903 4222 beneficiorum
918 4161 953 4220 et
967 4157 1157 4222 ciliciorum
1179 4163 1258 4222 ante
1281 4173 1400 4221 eorum

212 4263 266 4328 ·in
285 4264 443 4328 1111111111
461 4261 596 4347 lapsum
618 4264 845 4330 obtentorum.
869 4263 1017 4342 Constat,
1033 4270 1157 4348 preater
1169 4267 1227 4347 jus
1241 4264 1401 4347 antiquis

232 4372 368 4448 simum,
385 4390 428 4436 ex
442 4371 729 4454 1111111511.
748 4371 785 4436 in
800 4372 845 4448 6⁰,
866 4377 929 4439 eto.
951 4371 1017 4439 Sed
1033 4369 1131 4456 plura
1153 4378 1233 4437 sunt
1253 4371 1402 4438 notanda

231 4480 405 4550 circaillas
420 4478 551 4565 peenas.
1156 4521 1159 4532 ι
1299 4529 1301 4534 ,

272 4589 303 4676 1)
316 4590 363 4656 De
377 4589 557 4678 sepulture
564 4588 768 4676 privatione.
784 4591 817 4654 1ο
828 4587 891 4668 Qui
900 4587 1288 4674 eontraprohihitionem
1294 4587 1402 4658 Eccle-

233 4701 292 4769 aiae
305 4700 474 4788 sepeliunt
484 4699 672 4782 hereticos,
687 4700 812 4768 horum
824 4701 986 4780 lautores,
1003 4699 1192 4780 credentes,
1203 4706 1279 4780 etc,
1290 4701 1403 4770 incur
