3482 5560
347 621 409 686 936
807 643 858 688 tus
878 641 1059 689 canonicum.

348 761 494 832 quantum
509 759 617 832 potuit,
632 759 776 832 annptiis
791 759 975 832 prohibenda
986 759 1135 824 curaverit
1143 760 1200 834 (l);
1220 759 1301 834 quod
1315 767 1451 820 sanctam
1465 773 1523 834 pua

349 846 481 906 dicitiam
505 847 642 919 tbalami,
660 851 740 922 quod
763 851 954 910 securitatem
974 861 1171 922 personarum
1189 849 1246 920 (a),
1267 851 1348 923 quod
1365 850 1521 924 conjugio-

349 949 415 994 rum
439 936 532 995 decus
552 936 605 1010 (3),
628 939 707 1012 quod
739 938 894 1014 religionis
923 939 1159 998 incolumitatem
1180 938 1219 1013 (tl
1245 943 1327 998 sarta
1353 945 1431 998 tecta
1454 953 1522 998 esse

348 1025 486 1084 voluerit.
502 1027 636 1100 benique
650 1034 733 1087 tanta
746 1029 787 1099 vi,
796 1028 1076 1102 tanuproridenua
1087 1029 1188 1104 legum
1198 1030 1335 1088 diuinum
1344 1030 1425 1090 istud
1436 1029 1522 1088 insti·

347 1123 446 1177 tutnm
456 1121 644 1192 communiit,
659 1128 692 1182 ut
706 1136 794 1180 nemo
810 1123 849 1181 sit
867 1136 967 1182 rerum
984 1137 1090 1198 aquus
1107 1122 1305 1194 existimator,
1321 1123 1395 1197 quin
1414 1122 1522 1181 intelli·

348 1214 414 1281 gat,
438 1208 495 1268 boc
518 1211 607 1270 etiam
629 1227 666 1270 ex
689 1213 785 1286 capite
805 1213 885 1286 quod
903 1212 940 1270 sd
962 1212 1105 1288 conjugia
1128 1213 1270 1280 retertur,
1292 1213 1434 1286 optimam
1454 1226 1523 1270 esse

346 1297 470 1356 bumani
485 1301 605 1374 generis
620 1302 776 1361 custodem
789 1317 823 1361 ac
842 1300 993 1360 vindicem
1006 1301 1190 1372 Ecclesiam
1212 1302 1301 1376 cujus
1325 1302 1474 1374 sapientia
1494 1307 1524 1359 et

346 1388 450 1462 lugam
462 1394 641 1463 temporum,
657 1397 686 1450 et
700 1391 828 1464 injurias
843 1391 1011 1463 bominum,
1023 1397 1054 1450 et
1073 1407 1173 1451 rerum
1198 1391 1385 1464 publicarum
1406 1391 1522 1452 vicissi-

347 1478 467 1538 tudines
483 1478 718 1540 innumerabiles
730 1482 837 1540 victrix
849 1481 955 1540 erasit.

380 1569 448 1639 sed,
463 1569 617 1628 adnitente
632 1570 755 1630 humani
771 1571 890 1646 generis
910 1571 1006 1641 hoste,
1027 1585 1087 1630 non
1107 1571 1218 1631 desunt
1236 1572 1300 1645 qui,
1317 1572 1395 1630 sicut
1417 1577 1524 1632 caetera

345 1660 569 1733 Redemptionis
583 1659 729 1719 beneficia
748 1661 863 1735 ingrate
884 1661 1052 1734 repudiant,
1069 1661 1114 1720 sic
1138 1661 1358 1721 restitutionem
1371 1663 1525 1735 perlectio-

345 1761 473 1822 nemque
498 1747 680 1806 matrimonii
692 1753 745 1806 aut
761 1754 919 1821 spernunt,
935 1755 987 1808 aut
998 1750 1122 1808 omnino
1137 1763 1197 1808 non
1213 1755 1393 1823 agnoscunt.
1410 1782 1445 1792 —
1464 1750 1525 1808 lla*

345 1839 453 1912 gitium
469 1837 682 1897 nonnullomm
697 1845 831 1896 veterum
846 1844 900 1908 est,
915 1839 1057 1898 inimicos
1072 1839 1167 1900 tulsse
1182 1839 1296 1912 nuptiis
1314 1841 1346 1898 in
1360 1839 1462 1914 aliqua
1480 1839 1523 1912 ip-

346 1941 448 1986 sarum
463 1931 565 1999 parte;
585 1927 637 1985 sed
656 1927 750 1985 multo
762 1931 848 1986 estate
863 1933 968 1986 nostra
983 1933 1108 2001 peccant
1128 1929 1329 2002 perniciosius
1349 1929 1402 2002 qui
1421 1943 1522 1987 earum

346 2020 494 2085 naturam,
518 2016 679 2087 perlectam
691 2015 900 2090 expletamque
919 2016 1061 2074 omnibns
1090 2018 1156 2076 suis
1171 2017 1306 2076 numeris
1331 2023 1360 2076 et
1375 2017 1522 2090 partibus,

345 2104 460 2162 malunt
476 2103 613 2163 funditus
629 2110 805 2178 pervertere.
820 2108 914 2180 Atque
929 2105 1021 2178 buius
1036 2105 1078 2165 rei
1093 2121 1185 2165 causa
1205 2108 1235 2166 in
1251 2121 1287 2166 eo
1302 2107 1450 2181 precipue
1466 2107 1524 2165 sita

346 2197 402 2262 est,
419 2192 500 2268 quod
516 2192 623 2251 imbuti
637 2194 721 2253 salsae
738 2193 936 2268 philosophiae
950 2194 1146 2266 opinionibus
1170 2201 1370 2268 comuptaque
1392 2209 1522 2254 consue·

345 2281 450 2340 tudine
461 2282 553 2339 animi
570 2281 781 2354 plurimorum,
802 2282 876 2341 nibil
890 2289 950 2342 tem
969 2283 1094 2342 moleste
1114 2283 1224 2354 terunt,
1246 2298 1336 2357 quom
1357 2285 1485 2344 subesse
1494 2289 1524 2342 ct

344 2386 467 2445 parere3
494 2373 697 2445 acerrimeque
718 2373 868 2443 laborant,
900 2377 933 2431 ut
956 2387 1017 2431 non
1040 2373 1129 2444 modo
1152 2373 1265 2447 singuli
1290 2373 1442 2442 homines,
1471 2375 1523 2434 sed

346 2463 435 2521 etiam
449 2461 570 2520 remilia
580 2467 669 2536 atque
683 2461 785 2521 omnis
799 2461 932 2522 bumana
941 2463 1071 2521 societas
1082 2462 1240 2536 imperium
1251 2463 1303 2521 liei
1314 2463 1443 2535 superbe
1452 2478 1524 2522 con·

346 2555 489 2608 temnant.
505 2583 539 2592 -
555 2553 628 2609 Cum
643 2555 753 2609 vernet
768 2551 888 2610 tamiliae
901 2557 931 2610 et
945 2552 1038 2612 totius
1052 2551 1191 2611 humanae
1206 2552 1360 2611 societatis
1379 2553 1410 2610 in
1422 2553 1523 2611 matri·

346 2639 448 2697 monio
463 2639 533 2698 ions
553 2643 582 2697 et
596 2639 682 2714 origo
698 2641 856 2710 consistat,
878 2640 951 2700 illud
966 2641 1067 2714 ipsum
1077 2639 1283 2714 jurisdictioni
1298 2641 1438 2700 Ecclesia
1452 2641 1522 2702 sub-

348 2743 413 2786 esse
425 2729 607 2788 nullomodo
622 2731 792 2803 patiuntur;
809 2731 869 2790 imo
878 2731 1005 2804 dejicere
1017 2731 1054 2789 ab
1066 2730 1148 2788 omni
1157 2731 1313 2789 sancdtatc
1325 2731 1522 2800 contendunt,

348 2817 423 2877 etin
438 2819 557 2878 illarum
572 2834 671 2879 rerum
683 2821 827 2894 exignum
843 2835 916 2879 sane
931 2835 1038 2894 gyrum
1051 2819 1240 2893 compellere,
1266 2834 1332 2893 qum
1348 2821 1522 2878 auctoribus

271 2919 273 2924 ·
347 2909 523 2967 bominibus
536 2909 681 2969 institutae
700 2917 772 2968 sunt
785 2915 815 2968 et
825 2910 892 2984 jure
908 2910 987 2969 civili
1004 2911 1184 2984 populorum
1199 2916 1348 2986 reguntur
1361 2918 1451 2985 atque
1472 2912 1522 2970 nd·

349 2999 567 3057 ministrantur.
584 2999 665 3058 llnde
676 2999 762 3072 sequi
778 3013 904 3058 necesse
914 3005 988 3067 emt,
1001 3005 1035 3058 ut
1044 2997 1233 3074 principibus
1244 2999 1416 3073 reipublice
1426 3000 1477 3074 J'us
1491 3001 1522 3058 in

348 3087 500 3146 connubia
517 3103 605 3146 omne
619 3088 795 3158 tribuerent,
808 3089 923 3148 nullum
939 3088 1081 3147 Ecclesiae
1097 3104 1166 3148 esse
1180 3089 1391 3157 decernerenu
1406 3103 1483 3161 quat,
1495 3089 1522 3148 si

348 3177 469 3250 quando
484 3181 661 3250 potestatem
677 3177 743 3250 ejus
758 3177 878 3252 generis
902 3166 1045 3249 exercuit,
1071 3177 1101 3237 id
1125 3177 1226 3251 ipsum
1251 3183 1397 3236 essesut
1423 3177 1521 3236 indul⁴

347 3266 451 3342 gentle
464 3267 646 3340 principum,
662 3273 714 3325 aut
729 3267 840 3340 injuria
855 3267 976 3326 tactum.
994 3267 1050 3326 Sed
1064 3267 1126 3341 Jam
1149 3272 1269 3340 tempus
1292 3281 1359 3346 csse
1380 3267 1524 3341 inquiunt

348 3362 381 3415 ut
402 3356 455 3429 qni
471 3356 686 3428 rempublicam
705 3364 824 3431 gerunt,
840 3356 930 3416 iidem
955 3371 1012 3416 suc
1027 3358 1098 3430 jura
1119 3357 1235 3416 sortiter
1252 3357 1414 3425 vindicent,
1434 3362 1522 3430 atque

348 3463 468 3508 omnem
483 3449 695 3524 conjugiorum
705 3449 850 3508 rationem
864 3450 987 3509 arbitrio
1002 3465 1059 3509 sno
1080 3450 1228 3509 moderari
1248 3451 1473 3525 aggrediantur.
1487 3479 1522 3492 -

349 3539 423 3598 llinc
437 3539 487 3597 illa
502 3544 573 3598 nata
593 3554 661 3612 qnae
678 3540 877 3600 matrimonio
898 3539 1001 3599 duilio
1019 3540 1110 3615 vulgo
1127 3541 1336 3614 appellantur3
1356 3541 1427 3599 binc
1441 3540 1521 3600 scite
1554 3573 1559 3588 ·

348 3629 431 3703 leges
447 3627 599 3692 decausis
618 3643 685 3702 qum
700 3629 854 3704 conjugiis
869 3629 1083 3702 impedimento
1097 3629 1175 3698 sint;
1196 3630 1267 3688 binc
1279 3630 1439 3703 judiciales
1454 3645 1521 3689 sen·

349 3719 449 3776 tentiae
477 3718 514 3777 de
529 3717 732 3776 contractibus
761 3717 983 3792 conjugalibus,
1007 3717 1115 3792 jurene
1140 3718 1207 3775 initi
1227 3717 1354 3788 tuerint,
1377 3733 1415 3776 an
1438 3719 1520 3776 uitio.

350 3811 505 3868 Postremo
523 3821 642 3865 omnem
662 3807 833 3865 facultatem
857 3807 888 3864 in
908 3807 965 3865 boc
985 3821 1095 3881 genere
1110 3807 1188 3880 juris
1207 3807 1412 3866 constituendi
1433 3814 1461 3866 et
1477 3807 1521 3866 di-

351 3897 436 3955 cendi
450 3895 588 3954 ridemus
610 3896 751 3954 Ecclesia
775 3895 929 3954 catbollcae
952 3901 1128 3968 praereptam
1144 3901 1226 3954 tanto
1247 3895 1364 3966 studio,
1386 3895 1522 3955 utnulla

348 3986 410 4060 jam
431 3985 506 4044 ratio
524 3985 669 4044 habeatur
684 4000 738 4044 nec
752 3984 863 4044 divinae
876 3986 1032 4057 potestatis
1047 3985 1123 4059 ejus,
1139 3999 1195 4043 nec
1215 3985 1406 4059 providarum
1422 3987 1521 4061 legum

351 4074 462 4151 quibus
484 4075 588 4134 tandiu
607 4075 707 4134 vixere
726 4080 844 4150 gentes,
859 4075 897 4134 ad
921 4091 998 4151 quas
1017 4076 1197 4136 urbanitatis
1222 4076 1323 4134 lumen
1343 4091 1413 4135 cum
1429 4075 1523 4134 chris·

351 4165 433 4224 tiana
444 4165 592 4238 sapientia
606 4166 802 4239 pervenisset.

386 4257 521 4314 Attamen
535 4254 818 4328 accuratissimus
833 4269 939 4313 omnes
954 4255 1007 4327 qui
1022 4254 1194 4328 reipublice
1215 4269 1327 4314 numen
1345 4269 1378 4314 se
1395 4255 1521 4312 maxime

352 4342 449 4402 colere
463 4343 646 4416 prolitentes,
664 4343 751 4402 malls
765 4343 848 4402 bisce
858 4343 1004 4403 doctrinis
1020 4348 1098 4402 totas
1119 4345 1254 4404 ciuitates
1274 4344 1400 4403 miscere
1423 4343 1522 4401 nitun-

354 4439 411 4505 tur,
427 4448 486 4491 non
499 4439 627 4505 possunt
640 4432 902 4505 reprehensionem
921 4433 1061 4493 salsitatis
1079 4434 1220 4510 ellegere.
1242 4434 1356 4492 Etenim
1377 4447 1445 4492 eum
1461 4446 1523 4491 ma·

371 4574 493 4641 Ι(1)(1ιιιι,
510 4588 586 4637 xxvi,
601 4575 634 4626 de
649 4574 788 4641 Spomot.,·
809 4590 865 4641 cep.
889 4589 951 4636 xrtr,
970 4589 1016 4641 xv,
1036 4589 1114 4639 xxix,
1129 4577 1161 4628 de
1176 4577 1293 4643 Spomul.
1310 4579 1335 4628 et
1356 4575 1481 4635 nactam,
1498 4576 1524 4624 et

254 4699 256 4706 ,
353 4645 425 4698 alibi.
444 4673 474 4684 -
496 4649 531 4710 (2)
554 4647 616 4713 Cap.
640 4661 665 4710 ι,
686 4647 857 4699 decoravere.
881 4648 972 4713 infid.‚·
990 4663 1048 4715 cap.
1071 4663 1087 4700 v
1111 4653 1137 4700 et
1156 4661 1199 4709 vr,
1219 4649 1256 4699 De
1277 4661 1305 4699 eo
1328 4648 1373 4712 qui
1397 4646 1473 4697 ducit
1495 4645 1522 4694 in

355 4719 430 4768 mute.
443 4745 475 4756 -
490 4719 523 4783 (3)
538 4717 600 4783 Cap.
614 4731 656 4781 ιιι,
671 4731 688 4768 v
705 4723 732 4771 el
745 4731 806 4782 vul,
822 4717 854 4769 de
868 4719 987 4784 Sponscl.
1001 4725 1027 4772 et
1041 4721 1295 4786 nautr·.,·Trid.,eees.
1306 4719 1392 4788 xxiv,
1406 4731 1464 4783 cap.
1480 4727 1522 4780 ιιι,
1542 4743 1544 4748 v

352 4787 384 4839 de
397 4790 509 4856 Reform.
526 4795 603 4843 metr.
623 4817 651 4830 -
666 4791 700 4856 (l)
718 4791 779 4856 cap.
793 4802 842 4852 vti,
858 4790 890 4844 de
902 4791 1000 4844 Divort.
