3482 5560
543 571 631 620 ciaon
651 549 778 628 butorus
799 567 1018 620 nacsnrntrcn.

281 782 283 793 ·
312 774 343 826 11.
361 775 498 836 Quanam
514 773 616 826 delicta
628 773 804 839 judicialiter
820 773 984 828 denuntiari
999 773 1108 838 possint
1120 775 1164 828 vel
1179 781 1256 828 non?

238 921 273 1004 c)
284 919 483 986 Denuntiari
499 921 624 1012 debent
640 943 647 985 :

238 1030 270 1092 i·
291 1029 419 1094 Delicta
441 1031 584 1109 notoria,
611 1050 654 1096 ne
677 1031 874 1096 scandalum
901 1031 937 1095 in
961 1031 1204 1099 communitate
1232 1031 1370 1096 oriatur.

198 1135 267 1202 lloc
280 1137 433 1220 procedit
449 1139 582 1204 etiamsi
593 1140 667 1204 haec
680 1139 801 1205 delicta
813 1157 884 1204 non
899 1139 1124 1205 adversentur
1137 1141 1227 1204 bono
1238 1137 1373 1223 publico

198 1245 254 1310 vel
274 1245 382 1324 tertii;
410 1246 622 1312 denuntiatio
644 1247 736 1311 enim
766 1247 914 1330 exigitur
939 1247 1015 1314 ideo
1040 1247 1119 1332 quia
1150 1247 1229 1312 talia
1252 1246 1374 1312 delicta

200 1352 398 1418 scandalum
409 1359 586 1436 generant.

237 1465 270 1528 2⁰
283 1460 411 1528 Delicta
425 1465 566 1542 occulta,
584 1463 801 1531 adversantia
813 1466 905 1532 bono
919 1465 1092 1530 communi
1108 1465 1163 1530 vel
1177 1467 1277 1544 tertii,
1296 1468 1374 1552 quia

198 1574 328 1639 bonum
341 1573 524 1640 commune
540 1581 574 1640 et
585 1575 675 1640 tertii
688 1575 880 1640 innocentis
889 1575 1128 1659 preponderat
1138 1575 1228 1643 bono
1241 1575 1373 1660 piivato

197 1685 298 1748 iamae
313 1683 551 1768 delinquentis.
568 1683 617 1748 Ex
631 1685 772 1749 articulo
786 1685 825 1748 30
836 1684 975 1750 codicis
991 1686 1087 1749 instr.
1104 1685 1211 1762 crim,
1230 1687 1373 1770 quisque

200 1796 336 1857 tenetur
347 1791 549 1856 denuntiare
565 1793 638 1856 baec
650 1793 802 1869 crimina,
820 1792 957 1876 quaudo
976 1792 1072 1858 testis
1090 1793 1154 1857 fuit
1171 1795 1293 1876 patrati
1313 1795 1388 1859 ori-·

199 1900 318 1978 minis;
335 1899 496 1966 officiales
507 1919 590 1966 vero
604 1902 740 1984 publici,
755 1902 871 1966 statim
890 1921 929 1966 ac
946 1901 1075 1967 habent
1091 1901 1248 1967 notitiam
1263 1901 1374 1968 delicti

200 2007 272 2091 (art.
289 2009 329 2074 29
344 2008 499 2092 ejusdem
518 2007 616 2090 cod).
636 2009 879 2076 Verumtamen
892 2011 1015 2093 privati
1030 2011 1098 2093 qui,
1123 2011 1157 2074 vi
1177 2011 1308 2076 articuli
1321 2013 1371 2088 30,

199 2116 341 2182 crimina
352 2117 408 2182 vel
421 2117 541 2183 delicta
557 2118 770 2196 denuntiant,
788 2137 858 2184 non
875 2119 1036 2184 videntur
1049 2119 1170 2204 subJ‘ici
1188 2119 1313 2186 actioni
1321 2123 1373 2203 ju-

199 2224 309 2290 diciali
331 2225 371 2289 in·
387 2225 704 2310 compensationem
720 2225 934 2304 damnorum,
947 2229 1047 2310 juxta
1062 2233 1124 2293 art.
1144 2229 1203 2294 358
1219 2228 1374 2312 ejusdem

199 2333 334 2410 codicis,
360 2333 505 2418 ideoque
533 2351 604 2398 non
628 2334 762 2417 proprie
790 2334 949 2400 dicuntur
974 2334 1241 2413 denuntiatores,
1266 2335 1374 2402 multo

198 2441 312 2506 minus
337 2442 562 2525 subjiciuntur
583 2441 681 2506 alicui
703 2459 826 2524 poenaa,
851 2442 879 2506 si
898 2442 1047 2508 ostiolum
1072 2443 1294 2509 denuntiandi
1316 2461 1375 2509 ne-

199 2549 380 2632 glexerint.

242 2658 272 2742 d)
286 2657 355 2722 Sub
370 2658 664 2724 denuntiationem
675 2658 872 2744 judicialem
887 2679 956 2728 nou
970 2662 1114 2740 cadunt:

241 2768 273 2830 1ο
286 2765 414 2830 Delicta
427 2784 521 2832 mere
533 2767 728 2851 personalia
740 2786 815 2852 quae
829 2768 911 2833 nulli
926 2775 1062 2847 nocent,
1075 2771 1141 2835 nisi
1154 2770 1373 2856 delinquenti,

201 2879 240 2940 ut
253 2875 410 2951 ebrietas,
426 2876 545 2944 iractio
556 2876 690 2961 jejunii,
708 2882 770 2942 etc.
788 2878 865 2942 llaec
879 2879 1080 2960 corrigenda
1094 2866 1175 2946 sunt
1187 2899 1249 2964 per
1269 2900 1375 2946 secre-

200 2987 272 3048 tam
286 2983 566 3063 admonitionem,
583 2985 640 3050 vel
656 2985 949 3069 denuntiationem
966 2970 1215 3070 evangelicam:

240 3093 273 3157 2⁰
287 3091 414 3158 Delicta
428 3092 540 3158 oculta
551 3093 651 3177 plene
669 3095 860 3186 emendata.

242 3201 268 3282 c)
288 3201 405 3266 Socios
426 3203 577 3267 criminis
600 3203 791 3285 generatim
809 3223 880 3270 non
901 3205 1091 3271 admittitur
1114 3205 1157 3272 ad
1176 3206 1378 3272 denuntiau-

203 3307 285 3374 dum
299 3309 444 3374 socium:
460 3309 507 3374 ita
521 3310 737 3375 communior
751 3313 921 3376 sententia
935 3318 1053 3378 contra
1065 3311 1192 3396 plnres.
1203 3314 1300 3380 Ratio
1313 3320 1375 3391 est,

203 3417 282 3501 quia
295 3417 417 3482 merito
433 3417 581 3499 suspicio
602 3434 677 3482 esse
698 3423 813 3502 potest
828 3419 917 3484 hanc
931 3421 1224 3487 denuntiationem
1241 3424 1316 3488 ilari
1335 3441 1378 3488 ex

203 3525 293 3602 odio,
307 3524 421 3590 autad
434 3525 674 3608 impunitatem
688 3527 815 3610 proprii
829 3527 976 3607 sceleris,
997 3548 1066 3594 non
1081 3529 1206 3594 intuitu
1222 3529 1303 3595 boni
1317 3549 1379 3613 pu-

203 3632 290 3698 blici.
306 3632 400 3698 Dixi:
417 3658 433 3692 α
450 3633 640 3716 generatim
658 3659 686 3710 »‚
708 3652 789 3699 nam
803 3638 1082 3702 concurrentibus
1098 3637 1302 3726 quibusdam
1317 3637 1380 3701 cir-

203 3741 427 3821 cumstantiis,
443 3761 519 3840 quaa
546 3740 638 3808 illam
660 3745 889 3829 suspicionem
905 3745 1038 3823 tollunt,
1060 3747 1191 3812 admitti
1213 3751 1336 3831 potest.

446 3924 489 3975 111.
504 3925 605 3977 Forma
619 3923 649 3984 ct
663 3913 779 3977 effectus
793 3925 1021 3980 denuntiationis
1036 3925 1135 3980 cidiis.

246 4070 280 4153 c)
292 4065 414 4135 Farina
429 4068 694 4135 denuntiationis
709 4069 816 4134 civilis
838 4070 997 4136 coincidit
1016 4089 1095 4136 cum
1117 4074 1228 4138 forma
1247 4091 1380 4139 accusa-

177 4192 180 4198 ·
207 4177 319 4254 tionis,
335 4178 372 4241 in
393 4179 491 4260 cujus
513 4177 627 4243 locum
650 4179 813 4242 successit
829 4197 837 4241 :
853 4179 943 4243 unde
967 4179 1042 4243 ilari
1056 4178 1157 4244 debet
1179 4181 1378 4265 inscriptis

208 4305 371 4370 expresso
396 4286 627 4351 denuntiantis
651 4292 686 4351 et
712 4286 902 4352 denuntiati
925 4289 1064 4353 nomine
1092 4308 1132 4355 ac
1155 4288 1276 4354 delicto
1301 4307 1380 4354 cum

207 4395 278 4460 suis
293 4395 579 4461 circumstantiis:
604 4399 771 4460 consonat
786 4399 848 4460 art.
869 4395 906 4484 3!
929 4395 1058 4470 Codicis
1079 4397 1176 4461 instr.
1195 4398 1303 4474 crim,
1323 4397 1381 4481 qui

206 4505 287 4570 buic
306 4507 425 4571 formae
450 4503 543 4569 addit
562 4504 845 4589 subscriptionem
860 4506 1089 4588 procuratoris
1111 4505 1321 4589 reipublicae,
1345 4508 1381 4572 in

211 4613 353 4694 singulis
367 4612 455 4678 loliis
471 4611 748 4678 denuntiationis.

141 4735 147 4742 ·
249 4721 278 4804 b)
293 4722 556 4789 Denuntiatione
569 4721 720 4805 legitime
734 4725 832 4801 iacta,
847 4722 954 4806 judex
977 4726 1112 4790 tenetur
1130 4722 1307 4792 instituere
1327 4723 1379 4792 in·
