3482 5560
349 463 410 529 138
659 508 664 518 ,
809 473 1064 528 tuscanorum.
1147 510 1151 518 .

350 602 472 672 uiderat,
489 601 650 662 Pontifices
677 602 800 662 maximi
815 608 845 660 et
862 603 997 676 episcopi
1020 603 1052 662 in
1070 601 1198 660 concilia
1225 601 1399 678 congregati
1422 598 1523 660 cadem

349 705 551 766 compensum
567 691 702 750 libertate
716 692 963 766 conscientiaque
975 693 1055 766 juris
1066 693 1126 765 sni,
1140 693 1177 752 de
1197 693 1398 752 matrimoniis
1409 691 1524 766 jubere,
1640 729 1645 738 ·

348 789 447 840 vetare
463 787 691 855 perseverarunt
703 783 784 856 quod
800 781 873 842 utile
887 797 966 854 csse,
991 785 1071 856 quod
1095 784 1236 856 expedire
1257 782 1442 856 temporibus
1458 799 1524 842 cen·

349 877 662 946 suemnt,utcnmqne
676 869 854 946 discrepans
869 873 907 930 ab
921 873 1071 932 institutis
1089 872 1230 932 civilibus
1253 873 1412 932 videratur.
1434 877 1525 932 tiemo

349 960 469 1035 ignorat
481 975 571 1034 quam
586 961 681 1020 multa
696 961 733 1019 de
750 961 972 1036 impedimentis
989 962 1155 1038 ligaminis,
1179 963 1251 1033 voti,
1266 962 1453 1036 disparitatis
1464 962 1526 1022 cul·
1638 1017 1639 1020 ,
1717 967 1718 982 1

349 1055 410 1120 tus,
429 1049 715 1125 consanguinitatis,
731 1051 867 1109 criminis
884 1051 1011 1124 publicae
1026 1051 1193 1111 honestatis
1207 1053 1239 1109 in
1255 1051 1391 1110 conciliis
1402 1051 1524 1112 illiberi-

348 1146 419 1198 tano
433 1139 483 1212 (1),
503 1139 668 1198 Arelatensi
689 1140 737 1212 (t),
759 1140 993 1202 chalcedonensi
1015 1139 1066 1216 (3),
1086 1141 1254 1202 llileviteno
1274 1143 1298 1199 ll
1316 1143 1354 1214 (1)
1385 1141 1523 1214 aliisque,

348 1229 461 1288 luerim
474 1228 512 1287 ah
526 1229 666 1288 ecclesie
682 1230 863 1303 presulibus
881 1233 1058 1304 constituta,
1079 1247 1147 1306 quae
1166 1247 1186 1291 a
1205 1231 1334 1291 decretis
1350 1231 1419 1305 jura
1432 1231 1523 1303 impe-

348 1319 458 1378 ratorio
473 1321 600 1380 sancitis
612 1319 703 1396 longe
718 1335 798 1395 sepe
807 1321 962 1382 distarent.
1222 1329 1223 1334 ’

384 1410 462 1480 Quin
477 1413 593 1468 mutum
608 1408 704 1469 abluit
718 1416 752 1469 ut
765 1411 821 1470 viri
832 1411 985 1485 principes
999 1411 1057 1471 sibi
1073 1411 1281 1472 adsciscerent
1293 1412 1323 1470 in
1334 1410 1524 1469 matrimonia

347 1499 512 1559 christiana
526 1505 714 1573 potestatem,
729 1506 764 1560 ut
773 1502 874 1574 potius
888 1516 967 1572 eam,
981 1507 1095 1574 quanta
1105 1507 1160 1571 est,
1173 1515 1266 1575 penes
1283 1500 1446 1559 Ecclesiam
1458 1513 1524 1558 csse

346 1597 544 1666 agnoscerent
558 1598 588 1650 et
601 1591 796 1652 declararent.
814 1597 927 1654 Revera
942 1593 1104 1663 honorius,
1118 1593 1306 1653 Theodosius
1318 1591 1433 1666 junior,
1455 1593 1522 1652 lus·

347 1681 482 1740 tinianus
496 1681 629 1755 (dilatari
645 1697 705 1742 non
721 1682 907 1754 dubitarunt,
924 1684 954 1741 ia
965 1684 1004 1742 iis
1020 1683 1111 1744 rebus
1131 1698 1199 1757 quae
1218 1683 1341 1758 nuptias
1364 1683 1522 1758 attingant,

347 1785 413 1832 nou
431 1769 561 1845 amplius
588 1787 677 1846 qoam
702 1773 879 1833 custodibus
907 1779 936 1832 et
966 1773 1180 1834 delensorihus
1199 1787 1352 1833 sacrcmm
1374 1783 1522 1830 canormm

349 1862 408 1922 sihi
427 1874 493 1922 asse
510 1862 610 1922 licere.
632 1865 667 1921 ut
690 1862 726 1921 de
743 1863 964 1923 connuhiomm
988 1863 1213 1936 impedimentis
1232 1863 1259 1921 si
1274 1862 1346 1936 quid
1361 1877 1415 1934 per
1429 1861 1524 1920 edicta

349 1957 525 2022 sanxerunt,
539 1966 663 2010 causam
678 1952 848 2010 docuerunt
862 1967 923 2011 non
944 1953 1041 2022 iuviti,
1057 1953 1200 2011 nimirum
1224 1952 1254 2012 id
1274 1952 1332 2010 sibi
1354 1952 1524 2024 sumpsisse

348 2057 385 2100 ex
399 2039 538 2100 Ecclesia
554 2041 704 2114 permissu
715 2045 804 2114 atque
819 2042 996 2100 auctoritate
1011 2042 1064 2115 (11))
1085 2041 1174 2114 cujus
1196 2041 1294 2113 ipsius
1313 2039 1460 2112 judicium
1475 2053 1524 2097 ex-

348 2132 467 2204 quirere
481 2127 511 2190 et
524 2137 692 2190 reverenter
706 2133 840 2205 accipere
853 2135 1077 2192 consueverunt
1091 2133 1121 2190 in
1137 2131 1350 2192 controversiis
1364 2130 1401 2190 de
1415 2125 1522 2190 h'ones-

349 2225 408 2278 tate
424 2221 568 2280 maelium
579 2221 627 2293 (7),
644 2221 830 2280 dcdivortiis
843 2225 890 2294 (8),
904 2223 1035 2296 denique
1052 2222 1192 2281 derebus
1210 2221 1351 2282 omnibus
1372 2235 1442 2280 cum
1457 2234 1523 2278 cou-

345 2307 441 2386 jugali
456 2312 576 2370 vinculo
589 2312 976 2387 necessitudinemquoquo
1000 2314 1089 2372 modo
1103 2313 1285 2372 habentibus
1305 2313 1354 2384 (e).
1375 2343 1411 2356 -
1431 2311 1523 2386 igitur

345 2401 413 2473 jure
430 2402 544 2474 optimo
558 2403 589 2459 in
607 2401 734 2460 concilio
751 2403 923 2461 Tridentino
942 2403 1099 2461 delinitum
1120 2409 1167 2462 cst
1180 2404 1211 2461 in
1223 2403 1362 2462 Ecclesiae
1378 2405 1523 2476 potestate

347 2505 416 2548 esse
431 2490 644 2564 impedimenta
660 2493 890 2551 matrimonium
906 2491 1081 2552 diripientia
1097 2493 1278 2552 constituere
1287 2493 1356 2567 (111),
1371 2497 1400 2550 et
1416 2505 1523 2550 correus

346 2581 589 2640 matrimoniales
598 2581 638 2640 cd
649 2581 768 2654 judices
782 2581 998 2640 ecclesiasticos
1008 2587 1143 2654 spectare
1155 2583 1220 2655 (lt).

383 2671 441 2728 llec
455 2684 637 2743 quemquam
647 2676 765 2730 moveat
774 2670 825 2729 illa
835 2676 990 2744 tantopere
1001 2671 1181 2745 aregalistia
1191 2669 1521 2744 predicatadistiuctio,

347 2759 375 2817 vi
391 2759 480 2832 cujus
494 2767 681 2819 contractum
697 2760 861 2833 nuptialem
873 2775 895 2830 ¹a
909 2768 1098 2820 sacramento
1112 2760 1302 2835 disjungunt,
1317 2777 1353 2819 eo
1367 2775 1441 2820 sane
1455 2774 1523 2826 con·

348 2851 428 2922 silio,
446 2857 488 2920 ut,
503 2851 643 2910 Ecclesiae
659 2851 818 2910 reservatis
829 2851 1009 2910 sacramenti
1019 2851 1199 2921 rationibus,
1209 2856 1395 2910 contractum
1406 2851 1523 2909 uadunt

348 2942 379 2998 in
395 2945 572 3013 potestatem
590 2942 806 3014 arbitriumque
820 2941 988 3015 principum
1005 2941 1146 3000 civitatis.
1162 2971 1197 2984 -·
1211 2942 1327 2999 Etenim
1345 2955 1404 2998 non
1426 2937 1523 3013 potest

348 3029 522 3104 hujusmodi
541 3031 707 3100 distinctio,
729 3045 783 3089 seu
797 3029 899 3090 verius
913 3030 1079 3100 distractio,
1095 3029 1231 3103 prohari3
1251 3043 1320 3088 cum
1334 3029 1521 3102 exploratum

348 3117 388 3178 sit
407 3120 438 3177 iu
461 3119 652 3177 matrimonio
672 3119 836 3179 christiano
852 3125 1038 3180 conuectum
1054 3124 1272 3179 esacramento
1289 3134 1349 3177 non
1370 3133 1440 3178 esse
1459 3117 1521 3175 dis·

348 3209 538 3279 sociabilem3
564 3216 653 3282 atque
682 3209 750 3267 idco
773 3224 834 3267 noa
861 3225 952 3284 posse
973 3214 1161 3268 contractum
1179 3223 1284 3268 verum
1303 3215 1332 3267 et
1353 3207 1519 3283 legitimum

347 3298 535 3368 consistere,
557 3299 631 3370 quin
654 3299 751 3358 sileo
773 3299 841 3371 ipso
864 3305 1096 3359 sacramentum.
1119 3302 1191 3357 llam
1212 3299 1349 3358 christus
1375 3297 1520 3356 [lominus

347 3385 493 3460 dignitato
508 3388 688 3445 sacramenti
700 3388 1033 3459 auxitmatrv'mouium3
1050 3388 1273 3447 matrimonium
1286 3393 1385 3446 autem
1397 3392 1444 3444 cst
1456 3387 1520 3459 ipsa

347 3479 531 3545 contractus,
544 3475 570 3533 si
584 3475 673 3534 modo
689 3477 730 3534 sit
740 3475 838 3536 lactus
851 3477 929 3551 jure.
944 3507 979 3520 -
994 3480 1057 3537 iluc
1071 3477 1196 3547 accedit,
1210 3477 1291 3550 quod
1306 3476 1345 3535 oh
1357 3476 1435 3535 hanc
1449 3489 1519 3534 can·

347 3580 413 3624 sam
427 3564 653 3625 matrimonium
668 3571 713 3624 cst
735 3573 966 3638 sacramentum,
984 3567 1056 3641 quia
1077 3572 1124 3626 est
1137 3581 1255 3626 sacmm
1270 3567 1392 3640 signum
1418 3570 1448 3624 et
1460 3563 1521 3622 elli

346 3654 431 3714 olcus
444 3654 583 3728 gratiam,
592 3661 621 3712 at
629 3654 791 3730 imaginem
802 3656 1134 3730 relcreusmqsticarum
1146 3656 1319 3729 nuptiarum
1332 3655 1441 3714 Christi
1451 3667 1518 3713 cum

347 3743 490 3802 Ecclesia.
510 3747 637 3802 istarum
652 3750 752 3803 aretem
766 3745 862 3804 torma
876 3761 911 3806 ac
926 3746 1022 3821 ligum
1042 3747 1094 3806 illo
1109 3747 1177 3821 ipso
1200 3745 1377 3820 exprimitur
1394 3759 1520 3804 summe

347 3832 548 3906 conjuctionis
561 3831 694 3903 vinculo,
711 3849 772 3908 quo
787 3835 832 3893 vir
846 3841 877 3894 et
889 3835 998 3894 mulier
1014 3836 1094 3894 inter
1113 3851 1146 3895 se
1166 3835 1356 3910 colligantur,
1378 3833 1519 3907 quodque

273 3919 276 3930 “
347 3922 429 3981 aliud
445 3921 521 3981 nihil
536 3928 593 3992 est,
616 3923 676 3982 nisi
695 3923 796 3996 ipsum
817 3925 1051 3984 matrimonium.
1067 3929 1168 4000 ltaque
1186 3930 1309 3999 apparat
1330 3939 1418 3983 omne
1443 3925 1520 3981 inter

346 4013 529 4073 christianos
552 4015 670 4088 justum
698 4015 874 4089 conjugium
903 4015 934 4072 in
963 4029 994 4074 se
1019 4020 1048 4074 et
1076 4029 1131 4088 per
1153 4029 1187 4074 se
1209 4029 1276 4075 esse
1297 4019 1518 4074 sacramentum

347 4103 482 4178 nihilque
505 4105 604 4178 magis
624 4104 785 4162 abhorrere
807 4119 825 4162 a
845 4105 968 4164 veritate
991 4119 1082 4178 quam
1104 4119 1172 4164 esse
1186 4110 1407 4164 sacramentum
1426 4103 1518 4176 decus

347 4193 497 4264 quoddam
512 4193 699 4268 adjunctum,
720 4200 772 4253 aut
791 4196 1001 4268 proprietatem
1026 4194 1171 4268 allapsam
1191 4195 1391 4265 extrinsecus,
1414 4205 1481 4267 que
1502 4207 1520 4250 a

378 4365 413 4433 (1)
427 4367 464 4418 lle
476 4368 595 4433 aguirre,
610 4369 687 4420 Coae.
704 4368 822 4434 Hispan„
841 4372 904 4420 lom.
925 4368 946 4430 l,
967 4380 1026 4418 can.
1048 4370 1088 4429 le,
1106 4371 1148 4432 te,
1165 4371 1203 4429 li,
1223 4369 1263 4419 te.
1274 4393 1306 4408 ·-
1323 4368 1357 4432 (2)
1379 4366 1518 4432 llardnin.‚

346 4441 409 4490 Acta
430 4441 611 4500 Consiliorum,
626 4445 691 4491 tom.
707 4440 726 4500 l,
741 4455 800 4491 can.
818 4445 857 4491 ll.
875 4441 950 4504 -(3)
965 4439 1042 4503 thid..
1062 4453 1121 4492 can.
1140 4441 1256 4506 16.-(1)
1273 4441 1349 4504 thid,
1366 4453 1425 4492 can.
1449 4443 1519 4492 li.-

345 4511 381 4574 (il
392 4509 494 4576 Norat,
507 4513 560 4562 131.
573 4537 604 4548 -
618 4514 649 4574 (6)
662 4511 745 4577 Fejer,
758 4511 871 4580 Matrini.
887 4527 919 4562 ec
930 4512 1013 4562 instit.
1027 4511 1134 4573 come,
1147 4511 1235 4575 Pcatb,
1245 4513 1391 4577 litte-(l)
1408 4512 1518 4577 Capru,

347 4581 380 4632 de
394 4581 485 4632 ordin.
502 4582 598 4648 lopati.
614 4609 644 4622 -
658 4585 691 4646 (8)
703 4583 766 4648 Cap.
780 4597 821 4645 ru,
836 4582 868 4632 de
880 4581 980 4633 Dicort.
994 4609 1027 4620 -
1038 4581 1073 4648 (9)
1087 4583 1149 4647 cap.
1164 4595 1227 4647 xtrt,
1250 4583 1300 4645 Oai
1310 4581 1361 4648 fittt
1378 4583 1431 4634 11111
1447 4581 1517 4648 legit.

347 4654 433 4718 -(11)
448 4653 530 4719 vnn,
547 4668 611 4706 sess.
625 4653 713 4716 xxiv,
729 4667 788 4706 cao.
802 4657 826 4708 1.
841 4681 872 4693 -
887 4655 936 4721 (11)
951 4653 1028 4718 ibid,
1043 4667 1102 4705 ean.
1119 4655 1158 4708 12.
