3482 5560
372 538 432 604 all
832 551 882 600 ros
904 550 1084 602 eanonicus.

371 671 518 733 hortando
532 671 701 731 incitemus.
717 671 868 739 Quantum
883 670 1075 730 contentione
1090 666 1225 742 assequi,
1245 671 1391 740 quantum
1415 663 1544 725 auctori-

372 767 431 822 tate
444 759 582 836 potestis,
595 760 662 818 date
677 773 809 832 operam,
830 763 863 816 ut
876 758 955 831 apud
972 763 1077 834 gentes
1100 757 1168 816 fidei
1190 761 1297 814 vestra
1320 755 1544 814 commendatas

371 851 489 926 integra
502 853 592 922 atque
603 848 775 920 incorrupta
789 846 926 906 doctrina
938 847 1111 916 retineatur,
1127 859 1217 919 quam
1242 843 1379 903 Christus
1398 842 1545 901 Dominus

371 943 401 997 et
411 937 542 998 caelestis
552 935 715 996 voluntatis
733 936 911 1007 interpretes
926 934 1054 1008 apostoli
1068 932 1265 1003 tradiderunt,
1281 945 1431 1006 quamque
1444 929 1544 989 Eccle-

371 1029 418 1088 sia
429 1027 575 1088 catholica
586 1025 727 1100 religiose
743 1025 809 1098 ipsa
823 1025 962 1096 servarit,
979 1031 1044 1084 eta
1069 1023 1177 1083 Christi
1199 1023 1338 1082 lidelibus
1358 1021 1470 1081 seruari
1492 1035 1545 1094 per

371 1133 477 1178 omnes
489 1123 592 1176 aetates
603 1114 706 1190 jussit.

406 1209 575 1281 Praecipuas
591 1219 679 1266 curas
696 1205 726 1264 in
748 1204 778 1264 id
797 1205 949 1276 insumite,
969 1211 1003 1265 nt
1019 1205 1121 1279 populi
1144 1205 1297 1264 abundent
1322 1202 1478 1278 preceptis
1496 1217 1543 1262 sa·

369 1298 490 1373 pientiae
515 1295 698 1367 christianae,
724 1309 902 1369 semperque
926 1285 1070 1354 memoria
1093 1301 1212 1354 teneant
1236 1293 1460 1352 matrimonium
1483 1305 1541 1350 non

369 1387 522 1446 uoluntate
535 1385 702 1456 bominum,
718 1386 772 1444 sed
793 1384 968 1444 auctoritate
992 1389 1130 1458 nutuque
1144 1385 1196 1443 Dei
1210 1383 1308 1443 tuisse
1322 1383 1409 1442 initio
1431 1381 1542 1441 consti-

256 1547 264 1558 ·
370 1481 479 1547 tutum,
494 1480 524 1534 et
537 1475 593 1534 lrac
606 1475 670 1550 lege
686 1488 812 1548 prorsus
825 1479 859 1534 ut
877 1475 917 1534 sit
932 1475 1023 1534 unius
1034 1475 1071 1533 ed
1087 1489 1177 1534 unam
1197 1493 1204 1533 :
1224 1473 1373 1533 Christum
1388 1488 1458 1532 uero
1474 1472 1543 1531 nori

370 1565 491 1625 loederis
510 1569 661 1624 auctorem
681 1563 756 1624 illud
775 1565 876 1638 ipsum
892 1578 928 1622 ex
943 1563 1042 1623 ollicio
1058 1570 1171 1624 nature
1191 1564 1222 1622 in
1246 1569 1432 1624 sacramenta
1445 1568 1543 1620 trans-

370 1655 487 1726 tulisse,
502 1660 531 1714 et
545 1656 624 1729 quod
640 1653 676 1713 ad
688 1653 844 1714 vinculum
860 1658 985 1727 spectat,
1001 1654 1154 1730 legiferam
1167 1659 1195 1713 et
1213 1653 1385 1728 judicialem
1405 1651 1544 1712 Ecclesiae
1568 1652 1569 1655 ’

368 1759 432 1805 suae
446 1743 622 1802 attribuisse
634 1745 820 1816 potestatem.
838 1743 903 1811 Quo
921 1743 953 1802 in
971 1757 1079 1816 genere
1098 1743 1264 1802 cavendum
1285 1757 1467 1816 magnopere
1488 1746 1543 1813 est,

369 1849 407 1894 ne
420 1835 452 1894 in
467 1847 597 1892 errorem
612 1837 728 1891 mentes
743 1831 925 1891 inducantur
939 1847 957 1892 a
970 1831 1128 1892 fallacibus
1142 1830 1388 1891 conclusionibus
1407 1832 1545 1890 aduersa·

369 1923 494 1994 riorum,
510 1923 562 1997 qui
577 1921 726 1996 ejusmodi
738 1925 914 1994 potestatem
935 1921 1103 1994 ademptam
1118 1920 1258 1980 Ecclesia
1276 1921 1396 1979 vellent.
1411 1952 1446 1962 -
1457 1919 1543 1979 Simi-

369 2013 437 2072 liter
451 2011 592 2072 omnibus
606 2010 793 2084 exploratum
809 2026 877 2070 esse
892 2011 990 2081 debet,
1003 2011 1029 2071 si
1040 2025 1100 2085 qua
1111 2010 1284 2084 conjunctio
1294 2011 1350 2070 viri
1366 2017 1397 2069 et
1409 2009 1544 2068 mulieris

369 2103 446 2161 inter
461 2101 569 2162 Christi
584 2101 687 2160 ildeles
703 2101 778 2160 citra
793 2106 1014 2161 sacramentum
1029 2100 1233 2173 contrahatur,
1249 2116 1314 2160 eam
1329 2101 1359 2158 vi
1381 2117 1416 2160 ac
1430 2101 1546 2160 ratione

367 2192 444 2267 justi
458 2189 639 2250 matrimonii
652 2205 771 2261 carcre;
787 2197 816 2250 et
830 2190 968 2264 quamvis
983 2191 1196 2250 convenienter
1208 2190 1328 2266 legibus
1343 2190 1447 2249 civicis
1468 2191 1546 2249 lacta

370 2281 422 2352 sit,
437 2286 535 2341 emen
552 2279 648 2354 pluris
663 2295 730 2340 esse
745 2295 806 2339 non
821 2293 923 2352 posse,
939 2293 1029 2354 quam
1040 2281 1131 2339 ritum
1144 2286 1197 2340 aut
1206 2294 1319 2339 morem
1330 2279 1399 2355 jure
1407 2279 1486 2338 civili
1503 2278 1545 2337 in-

369 2366 639 2440 troductum31'ure
654 2372 754 2424 autem
768 2365 848 2423 ciuili
864 2379 912 2424 res
926 2365 1133 2425 tantummodo
1148 2365 1280 2424 ordinari
1301 2371 1390 2438 atque
1404 2363 1545 2424 adminis-

230 2451 233 2458 '
302 2473 304 2480 ’
371 2458 440 2516 trari
453 2472 551 2531 posse,
567 2471 644 2531 quas
664 2455 854 2515 matrimonia
867 2455 1001 2515 elilciunt
1015 2471 1052 2516 ex
1064 2471 1133 2516 sese
1147 2456 1178 2516 in
1194 2470 1302 2531 genere
1317 2455 1408 2526 civili,
1423 2459 1452 2512 et
1467 2469 1544 2528 quas

370 2547 456 2622 gigni
478 2561 538 2606 non
555 2559 645 2620 posse
664 2545 856 2605 manifestum
874 2550 929 2616 est,
947 2545 1006 2604 nisi
1023 2559 1094 2604 uera
1108 2550 1138 2604 et
1151 2545 1286 2618 legitima
1305 2543 1423 2603 illarum
1440 2559 1542 2616 causa,

330 2665 332 2674 v
370 2636 487 2696 scilicet
513 2635 645 2711 nuptiale
662 2634 828 2705 uinculum,
843 2634 959 2694 existat.
980 2665 1015 2676 -
1029 2639 1097 2694 llaec
1119 2633 1239 2710 quidem
1261 2635 1363 2694 omnia
1381 2635 1473 2708 probe
1493 2649 1544 2694 co·

370 2730 455 2804 gnita
473 2728 581 2788 babere
600 2729 728 2788 maxime
758 2743 942 2802 sponsorum
963 2727 1068 2799 relert,
1087 2729 1199 2802 quibus
1224 2728 1313 2788 etiarn
1334 2729 1457 2802 probata
1477 2743 1544 2787 osse

339 2877 341 2880 ,
369 2819 480 2878 debent
492 2823 523 2876 et
536 2823 638 2876 notata
650 2817 772 2890 animia,
786 2822 819 2876 ut
831 2818 890 2876 sibi
905 2819 992 2876 liceat
1001 2819 1056 2877 hae
1070 2819 1101 2878 in
1112 2834 1145 2877 re
1159 2834 1272 2878 morem
1288 2819 1407 2894 legibus
1424 2834 1541 2894 gerere3

370 2911 439 2984 ipsa
451 2924 512 2968 non
532 2908 683 2970 abnuente
699 2907 843 2980 Ecclesia,
859 2922 926 2981 qum
946 2909 1011 2967 ruit
1026 2914 1115 2984 atque
1135 2914 1217 2982 optat
1229 2914 1263 2967 ut
1276 2909 1308 2967 in
1323 2923 1428 2968 omnes
1444 2913 1543 2982 partes

370 3001 453 3059 salta
472 2999 535 3060 sint
548 2999 806 3058 matrimoniorum
823 2997 937 3070 allecta,
954 3005 984 3058 et
1002 3014 1040 3058 ne
1059 3001 1131 3074 quid
1153 2999 1257 3058 liberis
1281 2999 1450 3058 detrimenti
1474 2998 1545 3058 alle-

370 3095 463 3150 ratur.

404 3182 437 3238 ln
449 3183 531 3237 tanta
545 3183 644 3236 autem
657 3176 836 3236 confusione
850 3176 1078 3247 sententiarum,
1094 3191 1162 3250 que
1184 3183 1310 3252 serpunt
1326 3177 1459 3252 quotidie
1478 3177 1543 3237 lon·

371 3269 450 3345 gius,
475 3269 505 3328 id
528 3281 648 3344 quoque
670 3270 717 3325 est
735 3267 858 3342 cognitu
877 3267 1094 3338 necessarium,
1109 3266 1223 3328 soluere
1241 3268 1395 3327 vinculum
1410 3268 1543 3343 conjugii

369 3361 447 3420 inter
461 3357 641 3420 christianos
655 3355 710 3415 rati
724 3360 753 3414 et
767 3356 968 3415 consummati
979 3355 1094 3415 nullius
1106 3356 1137 3414 in
1156 3362 1303 3431 potestate
1318 3372 1401 3428 esse;
1416 3357 1544 3430 ideoque

370 3449 521 3509 manifesti
535 3446 840 3518 criminisreosesse,
854 3445 943 3518 siqui
958 3447 1034 3505 torte
1043 3447 1408 3522 conjuges,quaecumque
1423 3447 1543 3505 demum

370 3553 463 3600 causa
484 3553 550 3598 esse
569 3538 702 3607 dicatur,
723 3550 800 3594 novo
822 3550 856 3594 se
876 3535 1058 3594 matrimonii
1082 3551 1161 3596 nexu
1185 3540 1253 3595 ante
1276 3536 1430 3610 implicare
1451 3535 1545 3594 velint

371 3643 462 3702 quam
476 3625 612 3700 abrumpi
627 3626 759 3700 primum
773 3629 868 3683 morte
883 3625 1053 3700 contigerit.
1069 3657 1103 3666 -
1119 3625 1203 3696 Quod
1219 3626 1304 3686 sires
1319 3640 1353 3684 eo
1372 3625 1546 3684 devenerint

371 3724 405 3776 nt
418 3717 574 3776 conuictus
589 3716 659 3775 terri
674 3715 790 3775 diutius
805 3728 867 3773 non
882 3729 973 3788 posse
987 3715 1133 3787 uideatur,
1156 3720 1219 3774 tum
1238 3729 1309 3774 vero
1323 3713 1454 3774 Ecclesia
1473 3713 1545 3772 sinit

371 3808 498 3867 alterum
514 3807 551 3866 ab
566 3807 659 3866 altera
670 3821 809 3866 seorsum
828 3821 928 3880 agere,
951 3804 1188 3879 adhibendisque
1211 3806 1293 3865 curis
1308 3821 1343 3864 ac
1356 3803 1495 3864 remediis
1507 3804 1544 3863 od

371 3895 536 3972 conjugum
553 3895 755 3954 conditionem
766 3893 1012 3963 accommodatis,
1023 3893 1115 3952 lenire
1130 3894 1231 3953 studet
1240 3893 1423 3954 secessionis
1435 3893 1545 3952 incom-

371 3985 476 4057 moda,
492 3999 548 4044 nec
565 3999 698 4058 unquam
714 3985 873 4043 committit
888 3990 921 4043 ut
939 3985 976 4044 de
996 3984 1218 4044 reconcilianda
1235 3983 1397 4043 concordia
1416 3986 1544 4042 autnon

370 4075 485 4135 laboret
498 4079 549 4134 aut
560 4074 750 4148 desperet.—
764 4077 874 4133 Verum
888 4073 952 4132 haec
963 4079 1097 4132 extrema
1112 4079 1203 4144 sunt;
1216 4089 1276 4147 qno
1291 4074 1377 4132 lacile
1388 4079 1470 4131 esset
1482 4087 1544 4130 non

370 4166 564 4236 descendere,
580 4165 607 4222 si
623 4163 729 4237 sponsi
751 4177 811 4220 non
827 4164 964 4236 cupidate
984 4164 1053 4235 acti,
1078 4164 1130 4222 sed
1151 4163 1343 4238 presumptis
1363 4161 1545 4236 cogitatione

370 4262 434 4314 tum
450 4253 559 4314 ciliciis
574 4255 750 4328 conjugum,
768 4258 831 4311 tum
846 4253 948 4312 causis
969 4253 1180 4328 conjugiorum
1201 4253 1413 4324 nobilissimis,
1427 4267 1463 4310 ea
1477 4266 1544 4326 qne

371 4349 552 4418 annonast
569 4348 669 4402 mente
686 4342 722 4401 ad
738 4341 963 4401 matrimonium
980 4341 1172 4410 accederent,
1202 4356 1300 4416 neque
1320 4340 1441 4415 nuptias
1461 4345 1543 4400 ante-

304 4429 309 4444 ‘
369 4438 518 4492 uerterent
531 4433 756 4493 continuatione
769 4432 898 4506 quadam
914 4431 991 4490 serie
1005 4431 1198 4506 flagitiorum,
1212 4431 1288 4490 irato
1303 4432 1373 4489 lieo.
1388 4433 1424 4488 Et
1437 4435 1472 4489 nt
1484 4443 1544 4488 om·

371 4525 422 4582 nia
436 4523 540 4597 paucis
553 4524 795 4597 complectamur,
812 4527 885 4582 tunc
898 4521 1089 4580 matrimonia
1105 4521 1251 4596 placidam
1269 4519 1462 4594 quietamque
1476 4534 1544 4579 con·

370 4612 510 4672 stantiam
529 4612 667 4673 habitura
692 4617 779 4682 sunt,
807 4613 834 4671 si
857 4611 1004 4686 conjuges
1027 4611 1167 4685 spirltum
1190 4611 1341 4685 vitamque
1363 4608 1504 4667 hauriant
1527 4623 1545 4666 a

371 4701 479 4764 uirtute
489 4701 658 4777 religionis,
672 4718 740 4776 qnae
755 4703 823 4762 lorti
838 4701 1009 4775 invictoque
1025 4702 1125 4761 animo
1139 4717 1209 4762 esse
1225 4701 1349 4774 tribuit;
1367 4715 1434 4773 quae
1453 4697 1545 4758 eilicit
