3482 5560
357 497 418 564 248
645 471 652 482 ’
816 515 867 561 rus
888 513 1069 561 ossomcuu.

396 634 482 700 Nori
496 635 540 699 2⁰.
560 633 652 698 Licet
673 631 834 698 delictum
857 651 948 717 saepe
969 631 1199 698 contundatur
1221 649 1300 698 cum
1322 631 1475 710 crimine,
1499 633 1537 698 in

358 743 470 825 rigore
501 745 616 806 tamen
644 741 685 806 ab
714 757 756 805 so
783 729 914 816 cincio
945 759 1026 805 nam
1050 743 1174 806 crimen
1203 758 1321 824 prosse
1346 742 1534 824 acceptum,

359 849 480 914 delicta
504 847 650 931 publica,
676 866 737 912 scu
762 853 882 912 contra
905 848 1034 912 bonum
1057 846 1249 932 publionm3
1272 847 1430 912 delictum
1453 865 1535 912 vero

358 958 472 1022 stricta
483 961 658 1039 sumptum
673 955 746 1021 sola
759 956 890 1040 privata
904 955 1052 1032 denotat,
1063 975 1123 1020 sau
1139 975 1215 1039 quae
1229 955 1359 1021 laedunt
1372 973 1534 1040 personas

358 1065 517 1151 privatas.
534 1063 661 1128 Tamen
676 1062 711 1126 in
725 1063 900 1128 communi
914 1081 978 1127 usu
995 1066 1030 1126 st
1044 1063 1079 1127 in
1091 1062 1166 1147 ipso
1178 1066 1256 1146 jure
1271 1062 1343 1128 sive
1358 1063 1532 1140 canonico,

359 1172 430 1236 sive
447 1169 536 1236 civili
558 1160 713 1234 Romano
739 1174 773 1234 et
796 1169 930 1244 Gallico,
948 1187 1009 1253 pro
1030 1171 1229 1254 synonymis
1245 1171 1401 1254 usurpari
1424 1170 1535 1235 solent

358 1279 519 1345 delictum
551 1282 585 1342 et
614 1277 773 1342 crimen:
802 1297 834 1340 v.
863 1295 896 1358 g.
924 1277 959 1341 in
983 1282 1045 1342 art.
1073 1277 1129 1354 m,
1154 1277 1209 1355 ti,
1236 1279 1291 1354 ut,
1317 1281 1380 1342 eto.
1406 1277 1533 1344 Codicis

357 1387 454 1452 instr.
463 1385 572 1462 crim.;
587 1403 708 1450 verum
719 1383 889 1448 distinctio
901 1384 991 1448 inter
1002 1382 1124 1449 delicta
1135 1385 1267 1468 privata
1277 1391 1311 1450 at
1321 1385 1464 1469 publica,
1473 1405 1533 1450 sou

358 1494 480 1561 delicta
490 1499 525 1559 at
538 1491 690 1569 crimina,
704 1491 778 1556 aliis
790 1491 826 1555 in
842 1490 925 1557 locis
942 1490 1097 1574 ejusdem
1115 1490 1256 1568 Codicis,
1275 1493 1363 1558 inira
1378 1491 1532 1570 citandis,

359 1604 567 1687 agnoscitur.

389 1711 564 1808 ulialictum
578 1712 614 1774 in
628 1728 765 1792 genera,
775 1710 859 1775 dum
873 1710 1107 1776 consideratur
1122 1710 1286 1776 inordina
1297 1711 1465 1777 odiorum
1479 1731 1534 1776 ex-

358 1827 506 1898 ternum,
523 1837 583 1884 seu
598 1824 700 1903 prout
712 1819 766 1884 hic
781 1819 937 1896 sumitur,
954 1819 1086 1884 dassniri
1100 1825 1214 1903 potest
1230 1842 1237 1883 :
1265 1820 1385 1886 Libera
1399 1830 1432 1885 et
1446 1829 1535 1884 erte-

357 1930 428 1993 rius
442 1927 603 1992 sensibilis
619 1928 839 2011 transpressio
855 1927 936 2011 lepis
951 1928 1074 1992 divinar
1090 1929 1146 1992 cel
1157 1927 1342 1994 damone:
1363 1929 1410 1993 sic
1432 1929 1535 1993 ctiam

357 2037 482 2120 injure
498 2035 621 2101 Gallico
632 2033 722 2118 (Cod.
738 2055 842 2120 poan,
859 2039 921 2100 art.
938 2037 966 2111 t,
979 2037 1009 2112 7,
1024 2035 1055 2112 8,
1069 2037 1099 2112 9,
1115 2036 1196 2117 idi).
1212 2035 1272 2100 illa
1290 2035 1428 2102 tiolatio
1446 2037 1534 2117 legis

360 2144 582 2228 quaepunitur
592 2143 921 2227 poenaafssiotivavsl
935 2143 1133 2220 iuramenta,
1151 2143 1186 2208 in
1202 2144 1303 2209 citato
1319 2143 1398 2209 God.
1416 2143 1537 2208 dicitur

288 2303 291 2310 .
360 2253 508 2330 crimem
531 2251 613 2316 dum
636 2251 777 2336 punitur
799 2270 902 2334 poena
927 2251 1171 2328 correctionali,
1196 2257 1338 2316 vocatur
1360 2251 1536 2330 delictum

236 2427 239 2434 ,
361 2356 389 2422 si
405 2357 547 2442 simplici
563 2357 688 2442 politiae
704 2358 747 2423 sit
758 2359 916 2435 obnoxia,
931 2359 1053 2424 dicitur
1066 2361 1306 2424 contravenio.

368 2577 1537 2612 Q

761 2831 953 2922 PRIMA
998 2829 1146 2921 Pius

380 3038 445 3088 DE
473 3037 792 3118 CRIMINIBUS
821 3041 1090 3089 OPPOSITIS
1120 3039 1302 3090 CULTUI
1331 3039 1519 3090 DIVINO

681 3131 739 3177 ET
766 3132 913 3178 VERAE
940 3129 1221 3180 RELIGIONI

405 3467 552 3532 Crimina
572 3466 676 3532 cultui
701 3468 816 3533 divino
836 3473 871 3532 at
893 3486 983 3532 verae
1006 3468 1162 3551 religioni
1176 3469 1332 3553 opposita
1356 3476 1437 3533 sunt
1456 3486 1537 3552 praa-

367 3575 508 3640 sertim:
540 3575 695 3650 simonia,
722 3574 925 3659 judaismus,
950 3577 1181 3658 paganismus,
1205 3577 1356 3654 haerasis,
1379 3578 1535 3652 schisma,

366 3681 536 3765 apostasia
550 3688 585 3747 at
597 3683 811 3766 sacrilegium
824 3681 915 3768 quod
929 3679 1108 3748 iteratione
1127 3685 1284 3768 baptismi
1303 3685 1535 3749 committitur.

366 3827 405 3836 -
428 3791 476 3855 De
501 3790 574 3855 istis
599 3791 795 3856 criminibus
810 3794 923 3875 agitur
945 3793 981 3856 in
1000 3798 1051 3858 tot
1077 3791 1181 3857 titulis
1203 3792 1379 3858 distinctis.
1402 3794 1467 3858 Sed
1487 3783 1542 3856 his¹

368 3896 473 3962 titulis
488 3896 555 3962 duo
568 3899 831 3982 praemittuntur,
849 3900 906 3983 qui
922 3899 1108 3964 ostendunt
1124 3901 1297 3983 quomodo
1321 3907 1356 3966 et
1377 3921 1444 3986 qua
1464 3919 1539 3966 cau·

369 4004 461 4071 tione
475 4005 546 4070 hmo
562 4011 596 4070 et
609 4005 674 4070 alia
686 4007 827 4073 crimina
839 4008 872 4071 in
885 4007 1052 4090 judicium
1072 4007 1191 4072 deduci
1204 4009 1345 4093 possint.

813 4369 1078 4384 m
