3412 5570
300 403 302 408 ’
421 405 480 472 486
883 425 932 472 tus
951 425 1129 472 canonicor.

461 545 570 610 Extra
585 546 789 610 territum'om
803 547 1019 612 concedentis
1038 547 1271 630 privilegiatus
1288 548 1337 610 uti
1356 551 1468 630 potest
1489 543 1578 629 privi-

422 653 511 736 legio
530 671 605 730 suo,
622 653 650 716 si
665 671 726 737 per
740 652 822 720 illud
836 654 974 720 tollatur
987 654 1179 720 inhabilitas
1193 661 1227 718 et
1242 654 1523 738 impedimentum
1542 651 1579 716 ad

421 761 659 836 functionesv.
672 779 704 842 g.
712 761 952 842 irregularitas,
965 779 1128 838 censura;
1145 761 1261 827 siillud
1270 761 1487 845 privilegium
1495 759 1579 826 daret

421 871 625 951 potestatem
639 867 764 952 aliquid
780 869 903 952 agendi
918 869 972 934 vel
985 870 1175 947 omittendi,
1196 869 1336 945 valeret,
1358 869 1490 932 etiamsi
1507 865 1578 931 nulli

419 975 488 1057 iuri
508 979 724 1057 repugnaret,
741 976 821 1058 quia
839 993 909 1040 non
927 976 1063 1040 videtur
1084 975 1256 1060 quomodo
1276 995 1358 1040 usus
1375 980 1493 1058 posset
1513 993 1578 1038 esse

422 1080 567 1157 illicitus,
589 1101 667 1147 cum
687 1082 780 1147 nulla
800 1083 876 1165 lege
897 1083 1137 1166 prohibeatur3
1159 1088 1194 1148 at
1215 1084 1243 1147 si
1259 1082 1498 1148 adversaretur
1519 1081 1578 1163 juri

421 1190 594 1254 communi
607 1189 696 1254 illius
710 1189 773 1255 loci
788 1191 823 1254 in
837 1209 904 1270 quo
920 1195 1145 1268 exerceretur,
1169 1210 1202 1254 v.
1221 1209 1254 1272 g.
1272 1190 1414 1256 facultas
1429 1187 1579 1254 vescendi

421 1295 589 1361 lacticinia
601 1296 636 1360 in
650 1292 919 1380 ¹quadragesima,
936 1315 1019 1362 usus
1039 1304 1130 1362 esset
1152 1296 1329 1362 evidenter
1354 1297 1501 1364 illicitus.
1525 1293 1580 1358 nisi

372 1479 373 1482 Ἴ
422 1405 637 1489 privilegium
665 1409 709 1470 sit
733 1427 826 1473 mero
845 1409 1034 1492 personale,
1064 1427 1098 1472 v.
1120 1428 1153 1490 g.
1175 1407 1391 1492 privilegium
1411 1425 1483 1474 non
1503 1407 1595 1489 jeju.

423 1514 542 1590 nandi3
557 1533 637 1581 nam
655 1515 721 1580 tale
735 1516 950 1601 privilegium
959 1517 1108 1584 adhaeret
1121 1534 1287 1603 personae.

753 1708 758 1718 ’
881 1740 1039 1804 sacrm
1067 1741 1127 1802 111.

567 1881 615 1934 De
630 1881 906 1948 interpretatione
920 1884 954 1936 ei
970 1883 1164 1936 extensione
1180 1881 1446 1950 praeconiorum.

886 2037 905 2086 l.
923 2035 1129 2100 interpretatio.

465 2169 498 2250 a)
510 2167 646 2251 Reputo
659 2168 831 2252 pennatos
844 2169 932 2232 circa
943 2168 1259 2250 interpretationem
1272 2165 1549 2251 privilegiorum:

463 2276 494 2338 1⁰
510 2274 544 2338 Si
557 2275 771 2359 privilegium
784 2278 912 2340 teratur
927 2277 1040 2340 verbis
1054 2274 1163 2350 claris,
1181 2293 1257 2358 quae
1267 2275 1494 2338 intentionem
1514 2291 1579 2337 con-
1643 2321 1644 2350 ,

357 2362 361 2370 ¹
424 2381 576 2448 cedentis
599 2385 805 2448 sufficienter
825 2385 1031 2468 exprimant,
1055 2383 1333 2466 interpretatione
1357 2400 1428 2446 non
1454 2381 1579 2461 indiget,

426 2490 487 2555 sed
500 2495 596 2556 tenor
609 2492 774 2574 privilegii
787 2492 1017 2576 inspiciendus
1039 2498 1073 2557 et
1087 2491 1275 2556 servandus
1299 2495 1399 2573 esttc.
1415 2492 1446 2567 7,
1463 2490 1525 2554 ah.
1541 2487 1579 2566 t).
1643 2483 1644 2556 l

426 2599 522 2664 Ratio
537 2604 599 2676 est,
617 2601 696 2684 quia
712 2601 943 2684 interpretatio
967 2606 1019 2665 est
1033 2601 1074 2665 ad
1096 2599 1369 2681 investigandam
1381 2598 1581 2682 voluntatem

425 2708 652 2786 concedentis,
669 2727 744 2792 quae
760 2709 814 2773 hic
828 2727 871 2772 ex
883 2710 996 2773 verbis
1011 2710 1092 2773 satis
1103 2713 1253 2792 apparet.

465 2816 498 2878 2⁰
513 2814 546 2878 Si
560 2817 596 2878 in
609 2815 719 2880 tonna
732 2815 898 2898 privilegii
918 2817 1143 2903 adhibeantur
1158 2817 1263 2880 verba
1282 2815 1436 2890 obscuro,
1457 2817 1580 2882 incerta,

426 2922 632 2988 attendenda
646 2928 698 2988 est
711 2928 783 2987 tum
799 2925 1008 3008 supplicatio,
1025 2943 1103 2990 cum
1117 2926 1273 3008 princeps
1288 2924 1446 3007 precibus
1463 2922 1581 2988 sibilac
1643 2955 1644 3016 p

427 3032 470 3094 tis
485 3050 521 3096 se
536 3031 791 3096 accommodare
805 3031 922 3108 soleat,
933 3038 1005 3097 tum
1020 3034 1156 3098 initium
1170 3034 1276 3116 ipsius
1290 3031 1423 3108 indulti,
1444 3032 1522 3116 quia
1535 3045 1582 3092 ca·

427 3141 1070 3218 terasolentaccommodariinitio,tum
1078 3141 1429 3225 materiacircaquam
1441 3143 1583 3204 versatur

428 3247 653 3332 privilegium,
670 3250 749 3331 quia
763 3267 851 3314 exre
862 3250 1024 3332 subjecta,
1041 3249 1184 3314 intentio
1199 3248 1416 3314 concedentis
1432 3249 1496 3312 rite
1507 3243 1582 3310 colli·
1643 3243 1644 3322 l

429 3357 530 3438 gitur,
546 3361 621 3420 tum
635 3357 747 3439 ipsum
763 3375 873 3438 genus
883 3355 1062 3440 privilegii,
1078 3363 1180 3440 prout
1190 3361 1242 3422 est
1255 3357 1457 3433 secundum,
1482 3357 1583 3421 contra

428 3464 484 3529 vel
496 3467 694 3548 praeterJ'us.
711 3465 826 3530 Potest
838 3467 941 3531 etiam
955 3465 1105 3530 adhiberi
1118 3465 1237 3548 regula
1252 3467 1454 3541 extrinseca,
1469 3466 1532 3530 hoc
1544 3465 1583 3525 est
1643 3445 1644 3504 i

429 3572 643 3664 privilegium
662 3573 797 3658 aliquod
818 3593 861 3638 ex
885 3574 1050 3638 similibus
1070 3574 1242 3639 declarari.
1260 3574 1293 3638 Si
1318 3593 1362 3639 ex
1380 3575 1435 3638 his
1458 3569 1583 3639 criteriis

430 3697 551 3743 sensus
565 3697 635 3744 non
655 3686 771 3764 posset
785 3681 928 3758 definiri,
947 3687 1021 3746 tum
1034 3682 1108 3746 fleri
1129 3681 1268 3746 deberet
1283 3699 1444 3746 recursus
1462 3680 1504 3746 ad
1521 3693 1584 3742 con·
1643 3677 1644 3740 l

430 3787 618 3864 cedentem,
639 3789 668 3852 si
682 3807 737 3853 res
751 3791 896 3870 patiatur
917 3790 1129 3866 dilationem;
1154 3808 1252 3854 secus
1273 3808 1316 3854 ex
1335 3807 1436 3872 aequo
1455 3793 1491 3854 et
1509 3788 1584 3851 bono

430 3895 643 3979 interpretari
665 3901 788 3980 potest.
1643 3939 1644 3982 ,

470 4003 502 4068 3ο
525 4001 564 4067 ln
578 4004 855 4087 interpretatione
876 4005 1054 4088 privilegii,
1076 4005 1244 4071 servanda
1258 4005 1508 4071 estverborum
1524 4016 1584 4086 pro

431 4113 557 4196 pristas
571 4115 670 4194 juxta
691 4131 793 4177 usum
811 4131 1029 4178 communem
1042 4112 1098 4178 vel
1117 4116 1186 4196 jus,
1206 4116 1371 4197 quantum
1386 4113 1464 4210 deri
1478 4109 1583 4196 potest.
1643 4101 1644 4130 ³

433 4220 512 4304 quia
525 4219 681 4304 princeps
696 4226 854 4285 censetur
866 4220 1026 4285 adbibere
1043 4222 1148 4286 verba
1168 4219 1357 4285 secundum
1384 4215 1586 4302 significatio

432 4347 513 4395 nem
528 4331 755 4395 communiter
767 4335 949 4412 receptam,
963 4332 1019 4396 vel
1039 4331 1228 4396 secundum
1246 4333 1303 4414 jus
1326 4327 1505 4414 privilegio
1524 4338 1586 4408 pro·
1643 4339 1644 4388 l

430 4436 670 4520 portionatum‚
689 4455 812 4520 nempe
834 4437 930 4502 civile
957 4441 1016 4502 aut
1031 4437 1243 4504 canonicum.
1265 4437 1403 4513 Tamen,
1426 4437 1454 4500 si
1468 4438 1524 4518 jus
1542 4425 1584 4490 vol

433 4545 559 4609 lactum
573 4562 712 4610 sensum
726 4544 927 4612 translatum
940 4545 1122 4611 verborum
1137 4545 1260 4626 exigat,
1274 4550 1312 4609 ut
1325 4545 1353 4609 si
1369 4561 1401 4606 v.
1413 4561 1448 4624 g.
1465 4536 1583 4625 privile
1643 4601 1644 4612 ,
