3412 5570
532 561 620 608 ursan
641 561 768 616 oururus
789 559 1008 606 nauaarsuuu.
1296 539 1357 605 tas

180 670 319 767 peribus
334 685 368 744 et
383 681 501 746 datum
514 679 676 744 divitibus
689 698 697 754 ς
714 697 794 744 nem
806 679 975 761 prioribus
989 677 1087 742 datur
1102 677 1144 743 ed
1165 697 1266 743 usum
1283 681 1357 744 ten·
1426 672 1429 680 '

183 795 267 866 tum,
288 789 449 854 divitibus
473 807 557 853 vero
579 788 680 852 datur
701 793 740 851 nt
761 789 942 852 fructificet
966 791 1001 852 et
1024 787 1081 850 isti
1109 787 1248 856 ditiores
1273 790 1358 854 tient

183 917 226 963 ex
248 901 368 962 mutuo
388 917 396 960 :
415 902 596 980 propterea
612 895 758 979 pecunia
777 896 898 960 dicitur
918 895 1077 970 fecunde,
1103 912 1182 959 cum
1201 894 1357 961 videatur

181 1025 242 1095 per
256 1025 292 1070 se
311 1007 388 1070 fons
412 1011 445 1070 et
468 1023 570 1072 causa
590 1005 801 1082 divitiarum,
825 1010 864 1068 ut
884 1007 979 1087 patet
1000 1023 1042 1068 ex
1064 1008 1115 1069 tot
1138 1005 1356 1070 societatibus

180 1115 372 1191 mensariis,
389 1115 424 1178 in
446 1116 568 1198 quihus
588 1113 742 1198 pecunia,
766 1132 837 1178 non
852 1117 982 1178 mutata
998 1113 1033 1176 in
1052 1126 1108 1177 res
1127 1111 1221 1192 atius,
1241 1115 1357 1180 fructi·

179 1218 268 1282 ticet.
285 1217 366 1282 lnde
382 1216 499 1282 titulus
514 1235 625 1282 novus
637 1235 704 1300 quo
719 1234 824 1281 usura
837 1215 1127 1282 cohonestaretur.

219 1327 251 1390 Ψ
270 1325 442 1390 inhaere
462 1343 532 1390 non
551 1325 697 1390 hahetur
714 1343 919 1408 responsum
935 1324 1122 1389 decisivnm
1142 1325 1174 1390 S.
1192 1325 1298 1402 Sedis,
1318 1327 1359 1389 li·

180 1441 234 1500 cet
248 1435 317 1498 sint
330 1434 487 1518 quaedam
499 1435 603 1498 verbe
617 1434 699 1500 satis
719 1434 805 1500 dura
823 1439 943 1499 contre
961 1435 1167 1500 sententiam
1185 1435 1357 1500 affirman·
1413 1509 1415 1516 y

180 1547 260 1606 tem.
277 1541 353 1618 Sed,
371 1547 521 1625 spectate
532 1542 580 1607 rei
593 1547 726 1616 natura,
738 1542 812 1606 haec
824 1541 1015 1607 fecunditas
1028 1543 1284 1625 videturpotius
1294 1545 1358 1624 flg-

145 1677 148 1684 ·
179 1655 335 1716 mentum
347 1670 451 1735 quam
464 1653 592 1717 facturn
606 1653 885 1735 comprohatum
903 1652 1048 1736 ideoque
1067 1657 1230 1736 tanquam
1243 1654 1357 1717 verior

180 1759 328 1824 tenende
342 1763 394 1824 est
406 1759 575 1825 sententia
588 1777 663 1843 qnae
678 1760 787 1842 rejicit
808 1759 902 1824 illam
916 1760 1170 1826 fecunditatem.
1187 1759 1356 1844 Imprimis

178 1868 323 1951 pecunia
336 1886 406 1932 non
421 1873 473 1932 est
486 1887 547 1952 per
560 1887 597 1934 se
610 1867 770 1944 fecunda3
785 1887 864 1932 narn
877 1867 969 1933 aliud
984 1874 1037 1932 est
1046 1869 1191 1951 pretium
1203 1869 1355 1952 pecuniae

162 1977 215 2048 ‚in
230 1996 277 2054 re,
295 1976 386 2041 eliud
401 1977 547 2059 pretium
561 1977 717 2060 ejusdem
731 1977 767 2040 in
784 1976 868 2042 alias
887 1995 943 2041 res
961 1977 1141 2058 frugiferas
1160 1995 1222 2060 per
1241 1978 1357 2048 activi-
1404 2027 1408 2035 .

180 2089 285 2150 tatem
309 2089 500 2170 mutatum:
524 2091 602 2150 ante
624 2084 777 2150 lahorem
797 2086 942 2168 pecunia
961 2090 1033 2151 eret
1054 2086 1178 2150 sterilis
1198 2086 1240 2152 de
1257 2105 1303 2152 se.
1322 2087 1356 2150 Si

180 2209 262 2272 ergo
274 2196 365 2256 esset
380 2191 497 2255 titulus
509 2193 667 2272 exigendi
680 2210 813 2268 usurae,
825 2192 879 2257 hic
888 2192 1005 2257 titulus
1018 2199 1110 2258 esset
1119 2194 1275 2276 quasdam
1284 2213 1357 2278 par·

182 2299 326 2382 ticipatio
342 2299 464 2363 actioni
480 2298 629 2376 alterius,
648 2305 682 2364 et
694 2319 764 2366 non
779 2303 914 2386 proprie
924 2307 1083 2368 mutuum
1096 2324 1103 2379 ;
1117 2307 1355 2367 verumtamen

177 2404 235 2470 illa
256 2407 343 2472 ectio
367 2405 506 2472 alterins
529 2407 696 2484 consistit,
713 2409 749 2473 in
771 2410 988 2474 societatibus
1004 2429 1088 2493 pure
1112 2411 1301 2486 mensariis,
1320 2411 1355 2474 in

176 2504 280 2580 meris
301 2516 626 2581 commutationibus
646 2517 736 2581 inter
757 2519 938 2601 pecuniam
960 2519 996 2584 in
1016 2538 1053 2583 re
1076 2524 1111 2583 et
1130 2519 1246 2584 titulos
1262 2519 1366 2598 illam,

175 2623 355 2708 pecuniam
370 2629 654 2706 repraesentantes
668 2645 675 2688 :
688 2626 811 2709 quihus
827 2625 868 2691 de
882 2628 994 2692 causis
1006 2627 1060 2692 hic
1076 2628 1193 2692 titulus
1207 2646 1277 2693 non
1291 2629 1356 2692 tuit

175 2731 390 2796 introductus
407 2732 480 2794 aine
495 2731 608 2816 aliquo
623 2732 847 2798 fundamento
862 2734 1038 2818 probabili.
1056 2734 1121 2799 Sed
1135 2735 1299 2819 quidquid
1312 2735 1356 2799 sit
1450 2755 1451 2761 ¹

178 2839 219 2903 de
237 2840 300 2904 hac
313 2841 519 2906 fecunditate
540 2843 709 2924 pecunias,
732 2847 943 2907 remanebat
963 2841 1077 2907 nullus
1099 2845 1207 2924 possit
1222 2843 1353 2906 admitti

180 2949 297 3014 titulus
312 2952 515 3017 intrinsecus
530 2952 594 3037 ipsi
611 2960 743 3030 mutuo,
760 2959 799 3020 ut
815 2953 883 3030 sic;
909 2954 970 3020 sed
985 2972 1105 3020 ornnes
1118 2955 1205 3019 tituli
1230 2954 1355 3019 dehent

180 3077 254 3126 esse
270 3061 461 3128 extrinseci.

498 3302 572 3376 5111.
590 3303 767 3363 Contractus
793 3317 896 3364 usura
916 3305 1034 3379 affines.

219 3503 252 3580 α)
261 3503 508 3580 Anctocr'smus,
521 3523 580 3568 seu
595 3521 708 3568 usurae
723 3523 916 3582 usurarum,
930 3510 964 3571 et
974 3507 1182 3588 antichreezb,
1195 3527 1256 3574 seu
1268 3511 1357 3574 fruc-

180 3614 235 3673 tus
258 3629 300 3674 ex
321 3630 357 3675 re
377 3612 557 3694 pignorata
579 3612 669 3678 ultra
688 3618 826 3690 sortem,
850 3617 1070 3680 contineutne
1099 3621 1259 3681 usuram?
1275 3617 1357 3682 Res-

179 3719 350 3801 pondetur
371 3721 591 3799 affirmative,
614 3741 695 3788 nam
718 3723 831 3806 quoad
849 3724 1011 3807 primum,
1034 3729 1168 3790 constat
1187 3744 1230 3790 ex
1254 3727 1356 3791 variis
1404 3766 1406 3770 -

176 3827 332 3910 jurihns;
351 3829 472 3895 deinde
491 3849 561 3896 non
574 3833 797 3917 videturque
818 3835 916 3899 titulo
936 3836 1127 3901 extrinseco
1142 3836 1356 3901 cohonestari

179 3937 312 4018 possint
327 3935 494 4021 ejusmodi
518 3959 647 4018 usurae,
669 3961 748 4007 cnm
769 3942 837 4008 sint
857 3943 991 4008 lucrum
1020 3963 1062 4008 ex
1084 3944 1179 4009 lucro
1201 3947 1356 4011 usurario

180 4063 250 4108 non
265 4047 387 4112 soluto.
407 4048 585 4132 Excipiunt
599 4057 715 4116 temen
730 4055 958 4119 communiter
979 4054 1058 4131 Db,
1086 4055 1114 4118 si
1138 4072 1242 4119 usura
1255 4055 1358 4119 inerit

180 4159 369 4232 numerata,
388 4174 510 4240 nempe
523 4160 551 4222 si
565 4165 716 4242 quastus
734 4178 778 4224 ex
792 4161 1103 4246 mutuojemfnerit
1117 4162 1261 4238 solutus,
1279 4161 1358 4245 quia

180 4264 261 4324 tnnc
275 4261 358 4324 nihil
372 4263 528 4346 prohihet
542 4284 621 4329 eum
641 4267 810 4332 invertere
825 4287 887 4351 per
903 4269 1044 4334 modum
1063 4270 1164 4333 sortis
1184 4289 1245 4333 seu
1267 4269 1356 4352 capi-

181 4367 268 4432 tatis.
287 4367 376 4452 Gury
391 4369 436 4452 (n.
452 4370 524 4453 873)
537 4375 635 4454 putat
649 4397 665 4432 α
679 4373 845 4439 interesse
862 4394 904 4439 ex
918 4377 992 4459 ipso
1013 4378 1179 4441 interesse
1194 4376 1256 4459 (les
1270 4377 1369 4452 inte-¹

181 4477 251 4538 rete
266 4475 326 4540 des
340 4477 493 4560 interets)
506 4503 532 4552 a,
550 4479 658 4555 nteit,
680 4482 806 4565 percipi
822 4501 934 4566 posse,
959 4485 987 4547 si
1007 4479 1154 4549 adfuerit
1175 4485 1357 4548 conventio

181 4584 403 4666 particularis,
415 4587 487 4651 sive
497 4585 653 4670 explicita
667 4590 738 4654 sive
753 4591 926 4674 implicita,
943 4618 957 4651 e
969 4594 1048 4676 qnia
1064 4593 1227 4669 redditus,
1241 4592 1356 4676 elapso

183 4693 341 4768 termino,
359 4711 495 4777 semper
509 4694 641 4780 capitali
659 4697 893 4779 adjiciuntur».
910 4700 974 4764 Sed
988 4700 1085 4764 multi
1098 4700 1256 4782 rejiciunt
1270 4701 1356 4765 hanc
