3412 5570
414 607 474 676 411
872 629 922 676 rus
943 625 1123 674 mrorrccu.

414 747 550 822 cedant;
566 748 657 812 unde
680 747 779 813 datur
792 752 905 812 rectus
924 765 1008 810 usus
1027 747 1170 812 sortium
1190 745 1440 812 divisoriarum.
1462 748 1582 815 Tamen
1677 797 1678 818 2

415 861 524 920 sortes
539 856 612 920 sseri
626 861 771 940 possunt
788 855 923 932 illicitae,
943 856 970 920 si
985 861 1102 921 contra
1126 855 1372 938 prohibitiones
1388 857 1476 939 juris
1495 857 1582 922 adhi-
1677 871 1678 880 ¹

414 963 570 1040 beantur,
587 983 619 1027 v.
637 983 670 1044 g.
687 965 722 1027 in
737 963 901 1028 electione
918 963 960 1028 ad
983 963 1165 1044 dignitates
1181 968 1216 1026 et
1229 964 1393 1029 beneficia
1416 965 1583 1030 ecclesias-

416 1072 489 1135 tica.
507 1071 623 1154 Itaque
640 1069 759 1134 electio
767 1069 809 1134 ad
820 1071 1018 1153 praelaturas
1030 1069 1519 1136 etadbenetioiaecelesiastica
1528 1091 1583 1154 per
1677 1099 1678 1128 1

414 1185 523 1245 sortes
539 1181 727 1256 divisorias‚
745 1186 780 1244 et
793 1179 902 1244 multo
916 1181 1026 1262 magis
1038 1179 1273 1258 consultorias,
1287 1186 1339 1246 est
1351 1181 1500 1263 graviter
1513 1201 1582 1266 pro·

412 1288 518 1354 hibita
533 1294 567 1352 et
584 1288 687 1365 nulla,
714 1307 756 1354 en
769 1307 841 1372 cap.
856 1289 907 1365 41,
925 1288 966 1352 de
984 1287 1103 1364 Elaea,
1126 1293 1160 1352 et
1183 1289 1320 1372 quidem
1336 1294 1414 1372 jure
1428 1291 1580 1365 naturali,

412 1416 491 1463 eum
500 1398 646 1463 sortibus
659 1398 929 1462 committeretur
939 1396 1175 1462 determinatio
1189 1397 1281 1479 digni
1292 1397 1466 1480 etindigni
1477 1419 1484 1460 :
1497 1399 1583 1483 quod

412 1511 573 1588 vergeret
585 1506 621 1570 in
638 1507 801 1570 damnum
820 1504 986 1581 Ecclesia,
1001 1505 1194 1570 inducendo
1208 1506 1388 1588 indignum
1401 1511 1580 1590 pastorem.
1677 1503 1678 1508 ’

412 1616 584 1681 Prohibita
599 1621 651 1680 est
664 1615 768 1680 etiam
779 1618 857 1698 jure
874 1613 1111 1690 ecclesiastico,
1128 1615 1156 1678 si
1171 1616 1319 1680 sortibus
1331 1616 1582 1680 committantur

412 1743 510 1809 aeque
537 1724 641 1806 digni,
666 1725 769 1790 etiam
793 1725 829 1788 in
850 1742 930 1790 casn
955 1743 1022 1808 quo
1045 1724 1113 1788 duo
1137 1724 1233 1807 paria
1251 1724 1418 1789 haberent
1438 1729 1531 1802 vota,
1553 1731 1583 1788 et

411 1837 534 1897 neutra
543 1849 621 1915 pars
635 1831 835 1913 eligentium
845 1832 982 1896 cederet
993 1832 1075 1914 (cap.
1091 1833 1149 1895 tin.
1161 1831 1195 1896 h.
1209 1837 1245 1908 t.,
1258 1850 1330 1916 cap.
1343 1832 1394 1907 te,
1403 1832 1446 1896 de
1455 1831 1580 1910 Elaea).

412 1939 509 2005 Ratio
523 1945 585 2015 est,
604 1940 683 2023 quia
705 1939 824 2004 electio
838 1957 1063 2022 personarum
1085 1940 1121 2002 in
1142 1939 1290 2004 Ecclesia
1308 1958 1379 2004 non
1399 1938 1500 2004 debet
1515 1939 1582 2002 lteri

411 2065 501 2114 caca
520 2049 668 2125 fortuna,
690 2048 750 2113 sed
774 2067 817 2114 ex
840 2048 985 2124 delectu,
1009 2052 1044 2112 et
1065 2050 1164 2132 juxta
1181 2051 1349 2132 majorem
1367 2048 1584 2134 capacitatem

411 2156 455 2221 ad
468 2155 678 2236 dignitatem.

452 2263 578 2328 Tamen
591 2263 668 2328 lites
683 2265 756 2329 aliae
771 2266 987 2331 benetlciales
1003 2271 1038 2330 et
1051 2267 1286 2330 ecclesiasticae
1302 2285 1346 2330 ex
1366 2271 1487 2330 mutuo
1512 2283 1582 2349 par·
1677 2313 1678 2322 .

411 2372 497 2434 tium
511 2390 692 2450 consensu,
704 2379 738 2438 et
752 2375 933 2441 accedente
948 2377 1149 2442 auctoritate
1160 2375 1355 2459 superioris,
1366 2377 1512 2458 possunt
1525 2381 1583 2438 ter·
1677 2435 1678 2444 ,

410 2480 533 2545 minari
547 2499 609 2564 per
627 2487 746 2547 sortes.
1677 2551 1678 2566 .

452 2587 480 2668 6)
497 2587 612 2653 Sortes
626 2592 835 2657 consultata
854 2594 1057 2676 regulariter
1071 2599 1151 2658 sunt
1169 2593 1293 2658 illicita
1308 2595 1392 2675 (can.
1410 2595 1441 2670 7,
1458 2591 1580 2665 Sortes,

410 2693 460 2771 16,
478 2714 509 2778 q.
523 2697 564 2778 6).
578 2697 675 2762 Ratio
686 2704 748 2775 est,
766 2701 846 2783 quia
857 2720 918 2783 per
931 2701 1101 2766 illaslteus
1116 2707 1269 2766 tentatur
1282 2707 1316 2765 et
1327 2701 1478 2782 sortilegi
1486 2717 1582 2782 expo·
1677 2693 1678 2716 ¹

410 2807 498 2866 nunt
519 2822 555 2868 se
573 2806 724 2888 periculo
746 2825 801 2883 ne,
823 2808 893 2872 Deo
914 2811 1145 2892 permittente,
1166 2829 1187 2873 a
1206 2809 1339 2874 diabolo
1364 2809 1580 2892 decipiantur.
1677 2853 1678 2860 .

410 2910 537 2975 Dicitur
555 2937 570 2970 «
588 2914 833 2994 regulariter»,
852 2917 931 3000 quia
945 2916 1127 3001 aliquando
1151 2918 1224 2980 istae
1247 2922 1356 2981 sortes
1381 2915 1519 3000 speciali
1539 2917 1582 2978 in·
1677 2963 1678 2966 ,

411 3019 656 3086 stinctudivino
665 3023 1007 3106 adhibitaesunt:v.g.
1018 3025 1061 3090 ad
1070 3025 1300 3106 detegendum
1309 3023 1581 3096 furtumhchani,
1677 3025 1678 3088 1

409 3127 452 3190 ad
460 3127 700 3194 electionemS.
713 3132 870 3211 Matthia,
882 3138 945 3196 etc.
964 3133 997 3195 Si
1007 3139 1121 3197 tamen
1134 3135 1218 3198 liant
1232 3151 1274 3197 ex
1285 3133 1435 3209 levitate,
1448 3133 1583 3198 curiosi·
1677 3189 1678 3222 ,

409 3239 478 3298 tate
501 3241 535 3300 et
556 3236 717 3313 vanitate,
732 3239 860 3322 absque
880 3239 951 3305 ullo
973 3241 1178 3305 commercio
1194 3259 1272 3304 oum
1287 3239 1443 3304 damone
1462 3245 1498 3304 et
1515 3240 1581 3304 sine
1677 3307 1678 3312 ,

410 3343 487 3418 tide,
501 3362 571 3408 non
583 3350 699 3408 essent
713 3346 778 3409 nisi
789 3353 929 3429 peccata
938 3347 1095 3412 venialia.
1108 3348 1141 3411 Si
1151 3366 1320 3412 varocum
1331 3347 1409 3422 ilde,
1421 3348 1519 3431 quasi
1531 3365 1582 3412 ve-
1677 3403 1678 3426 ,

408 3451 491 3516 ritas
506 3452 637 3516 occulta
650 3453 714 3516 hoc
730 3453 832 3517 modo
847 3455 1134 3531 manifestaretur,
1151 3460 1233 3519 sunt
1245 3456 1396 3537 graviter
1409 3455 1544 3520 1111011111.

449 3561 475 3642 0)
492 3559 606 3624 Sortes
621 3560 834 3626 divinatoriae
843 3567 923 3626 sunt
929 3563 1297 3644 graviterillicitae,non
1306 3569 1439 3628 tantum
1448 3563 1580 3648 quando

408 3667 497 3729 iinnt
521 3685 583 3749 per
604 3685 801 3750 expressam
825 3669 1078 3735 invocationem
1104 3671 1280 3748 demonis,
1307 3671 1367 3736 sed
1393 3673 1498 3736 etiam
1525 3687 1581 3754 per

407 3775 523 3848 verba,
542 3775 753 3856 scripturam,
771 3781 830 3840 aut
842 3776 908 3842 alia
922 3778 1020 3858 signa
1034 3777 1163 3842 nullam
1178 3779 1430 3843 connexionem
1450 3797 1529 3842 cum
1548 3795 1580 3840 re

409 3879 541 3944 occulta
555 3886 589 3944 et
603 3886 727 3946 eventu
740 3883 855 3948 futuro
874 3884 1035 3948 habentia
1049 3885 1089 3966 (c.
1105 3887 1121 3948 1
1137 3886 1170 3948 11.
1192 3885 1241 3967 t).
1258 3885 1354 3950 Ratio
1377 3891 1439 3960 est,
1457 3886 1537 3970 quia
1549 3885 1579 3946 in

408 3987 482 4050 istis
498 3989 656 4066 sortibus,
677 3991 798 4055 saltem
819 3992 930 4066 tacite,
953 3992 1087 4057 damon
1110 3993 1232 4067 colitur
1253 3997 1417 4076 tanquam
1435 3992 1526 4056 Deus
1551 3997 1582 4054 et

407 4096 578 4161 revelator
585 4097 805 4163 occultorum.
813 4137 852 4145 -
862 4100 1030 4180 Sortilegi,
1043 4100 1259 4176 divinatores,
1272 4102 1313 4164 de
1321 4104 1399 4183 Jure
1410 4100 1578 4173 canonico,

409 4205 564 4300 sitclerici
577 4208 654 4283 sint,
672 4209 713 4271 ab
728 4207 839 4272 oilleio
854 4213 888 4271 et
902 4209 1067 4274 beneflcio
1083 4209 1206 4292 deponi
1220 4209 1355 4284 debent,
1374 4213 1408 4273 et
1421 4209 1458 4272 in
1471 4225 1582 4290 perpe

409 4317 508 4376 tuum
520 4331 691 4378 carcerem
706 4313 850 4391 detrudi,
866 4334 909 4378 ex
923 4334 996 4380 can.
1013 4315 1043 4390 1,
1059 4317 1089 4391 6,
1106 4319 1136 4391 6,
1153 4333 1256 4380 causa
1275 4316 1325 4392 16,
1342 4335 1375 4399 q.
1397 4317 1432 4392 63
1447 4316 1582 4396 insuper

408 4423 511 4484 euriae
529 4421 680 4488 seculari
695 4422 781 4486 tradi
802 4421 966 4487 solebant.
990 4423 1023 4486 Si
1039 4429 1258 4488 contumaces
1278 4424 1428 4499 luerunt,
1453 4438 1582 4488 excom-

408 4529 575 4593 municari
597 4529 816 4611 debent(can.
834 4531 883 4608 16,
904 4532 1075 4607 causare,
1098 4551 1130 4614 q.
1146 4532 1187 4612 6).
1204 4530 1331 4596 Deinde
1355 4529 1506 4611 sortilegi
1525 4545 1582 4592 seu

410 4635 628 4713 divinatores,
652 4643 721 4702 tam
749 4638 860 4702 elerici
880 4657 982 4721 quam
1003 4638 1089 4716 laici,
1113 4644 1194 4703 sunt
1215 4639 1376 4716 infames,
1400 4657 1443 4704 ex
1461 4655 1535 4701 can.
1552 4636 1580 4706 9,

410 4746 553 4823 causat-t,
567 4767 598 4830 q.
615 4748 645 4810 5.
665 4747 699 4809 Si
719 4745 893 4828 sortilegia
908 4748 1041 4830 sapiant
1057 4748 1227 4826 haeresim,
1251 4747 1403 4830 sortilegi
1423 4743 1582 4832 puniendi
