3418 5566
500 615 588 660 nram
608 613 734 669 ouusros
755 614 977 660 prosumnus.
1275 596 1333 683 377

161 733 363 817 privaretur,
379 730 434 797 vel
447 732 672 816 promotionis
686 731 769 797 alias
785 732 848 797 sibi
871 731 993 796 debitae
1008 748 1046 796 ao
1061 732 1253 815 promeritas
1275 749 1334 817 spe

161 846 326 926 perpetuo
340 859 455 906 carere
480 841 629 918 deberet,
645 840 744 925 eulpa
763 845 797 906 et
817 858 920 925 poena
938 844 1085 918 vacaret,
1111 839 1185 906 sive
1200 840 1333 919 offerat,

161 951 235 1015 sive
249 953 401 1034 aoooptet
415 948 578 1014 duellum.

203 1083 218 1116 »
228 1059 259 1122 d.
272 1057 431 1124 Exeusari
444 1062 600 1142 possunt,
615 1059 719 1124 etiam
731 1057 872 1123 honoris
884 1056 1003 1121 tuendi
1017 1055 1073 1122 vel
1087 1057 1247 1122 humana
1261 1057 1335 1123 vili-

160 1168 334 1250 pensionis
346 1167 493 1232 vitandae
508 1167 628 1248 gratia,
645 1164 796 1231 duellum
813 1169 1027 1250 eooeptantes
1038 1165 1093 1230 vel
1103 1166 1147 1231 ad
1159 1165 1243 1230 illud
1258 1185 1335 1250 pro-

160 1281 333 1351 vocantes,
361 1275 497 1360 quando
522 1282 615 1342 oerto
636 1275 748 1340 sciunt
767 1292 920 1357 pugnam
939 1292 1010 1339 non
1031 1292 1106 1338 esse
1128 1279 1333 1352 secuturam,

162 1387 279 1466 utpote
294 1383 336 1448 ab
350 1382 424 1448 aliis
438 1382 702 1467 impediendam.

203 1517 219 1550 s
242 1492 272 1555 3.
300 1493 372 1559 Non
395 1494 535 1558 incurrit
560 1491 802 1558 eeclesiastioas
826 1508 945 1575 prenae
975 1492 1017 1556 ab
1042 1489 1188 1556 Eoolesia
1218 1498 1337 1558 eontra

162 1599 350 1666 duellautes
363 1600 448 1666 letes
464 1600 533 1665 dux
546 1601 603 1666 vel
619 1600 772 1666 officialis
783 1598 912 1664 milities
929 1604 1107 1682 aooeptans
1128 1598 1280 1664 duellum
1293 1618 1336 1664 ex
1358 1647 1360 1652 ,

161 1708 257 1790 gravi
268 1713 362 1774 metu
373 1708 565 1774 emissionis
578 1710 679 1773 iamae
688 1707 745 1773 vel
760 1708 873 1773 offleii.

204 1841 219 1874 s
229 1816 259 1880 4.
275 1816 416 1881 Licitrun
432 1816 531 1880 estin
547 1821 634 1880 statu
651 1815 799 1881 hominis
810 1813 956 1879 naturali
971 1819 1146 1899 aooeptare
1161 1820 1195 1880 et
1210 1815 1334 1882 offerre

162 1922 314 1989 duellum
327 1924 370 1989 ad
384 1923 568 1988 servandas
582 1941 661 1987 oum
673 1923 804 1988 honore
812 1922 978 2000 fortunas,
989 1923 1126 2008 quando
1140 1925 1205 1990 alio
1221 1925 1334 1992 medio

163 2050 283 2099 eorum
291 2034 424 2115 jactura
434 2031 625 2115 propulsari
638 2031 766 2115 nequit.

203 2143 257 2206 »5.
275 2143 413 2207 Asserta
425 2140 562 2206 lieentia
575 2158 636 2224 pro
657 2145 745 2207 statu
761 2142 906 2208 naturali
921 2143 1082 2226 applioari
1099 2145 1202 2210 etiam
1224 2150 1338 2228 potest

162 2251 264 2317 statui
278 2251 423 2316 eivitatis
437 2250 525 2317 male
541 2250 715 2326 ordinate,
731 2251 767 2314 in
783 2269 850 2335 qua
861 2252 1025 2317 nimirum
1039 2252 1095 2317 vel
1110 2251 1332 2336 negligentia,

161 2359 217 2424 vol
230 2359 359 2425 melitis
372 2360 590 2441 magistratus
602 2359 735 2442 justitie
749 2365 865 2442 aperte
880 2359 1079 2442 denegatur.
1097 2385 1114 2419 »

201 2467 236 2530 P.
259 2467 426 2542 Ballerini,
448 2486 491 2532 ex
515 2484 577 2532 sua
599 2468 878 2550 interpretatione
904 2469 1063 2553 superius
1082 2469 1199 2546 relata,
1225 2470 1336 2553 potuit

161 2579 263 2644 etiam
284 2577 485 2643 oonoludere
506 2577 771 2661 disputationem
792 2597 863 2644 non
881 2580 987 2645 fuisse
1010 2580 1179 2646 sublatum
1201 2599 1244 2646 ex
1264 2580 1336 2647 illa·

160 2706 237 2752 rum
252 2686 523 2771 propositionum
543 2685 771 2762 damnatione,
794 2693 828 2752 et
842 2689 919 2753 ideo
940 2690 1059 2754 ambas
1080 2689 1267 2754 sententias
1284 2709 1336 2756 re-

160 2813 299 2860 manere
321 2793 524 2877 probabiles.
553 2792 637 2857 Nam
661 2795 698 2858 in
719 2813 800 2859 oasu
826 2797 1000 2879 proposito
1030 2797 1142 2877 agitur
1171 2799 1274 2862 etiam
1295 2798 1335 2862 de
1441 2873 1444 2882 ⁴

161 2902 344 2969 amissione
359 2902 630 2968 necessariorum
651 2903 813 2969 advitam
827 2905 1000 2989 propriam
1018 2909 1053 2970 et
1071 2907 1178 2971 totius
1200 2906 1336 2972 familie

163 3011 336 3076 mendam.

201 3118 234 3182 t⁰
247 3119 384 3196 Tamen,
398 3121 497 3203 juxta
507 3138 638 3197 omnes,
651 3125 855 3203 provocatus
869 3122 926 3204 qui
940 3122 1070 3187 motivo
1084 3122 1258 3204 religionis
1279 3141 1339 3187 no·

118 3271 121 3278 -
161 3226 407 3310 luitsusoipere
422 3226 585 3304 duellum,
608 3233 722 3311 potest
744 3234 895 3294 armatus
922 3229 965 3294 ad
985 3247 1047 3294 sua
1073 3233 1211 3311 negotia
1241 3247 1338 3313 pera·

162 3336 274 3416 gendo
287 3335 683 3420 aooedere,quantumad
697 3355 734 3402 se
748 3335 1000 3402 defendendum
1015 3344 1134 3403 eontra
1145 3339 1215 3402 vim
1227 3357 1248 3403 a
1261 3357 1338 3423 pro·

162 3447 305 3508 vocante
324 3443 537 3510 inferendam
551 3446 781 3510 necessarium
795 3450 858 3524 est,
882 3463 922 3512 ao
936 3447 964 3510 si
990 3453 1082 3511 esset
1099 3465 1178 3512 oum
1201 3447 1337 3512 inimico

161 3555 385 3633 pugnaturus,
398 3551 583 3617 dummodo
594 3571 664 3618 non
677 3553 817 3619 aooedat
829 3553 872 3618 ad
887 3553 1002 3619 looum
1016 3553 1118 3620 duelli
1129 3554 1335 3620 condictum.

163 3657 259 3724 Ratio
273 3664 336 3735 est,
352 3659 430 3743 qrria
444 3677 513 3726 non
525 3663 700 3727 teneretur
710 3679 774 3728 sua
786 3661 926 3744 negotia
939 3663 1134 3748 relinquere
1148 3681 1228 3728 oum
1244 3667 1337 3728 notu-

163 3769 221 3834 bili
232 3788 295 3836 suo
310 3770 446 3838 damno.

464 3982 481 4054 g
499 3984 533 4040 11.
547 3983 644 4042 Poeuae
657 3981 727 4042 lotar
741 3989 847 4044 contra
860 3983 1035 4046 duettontes.
1131 3946 1133 3952 ‚

378 4163 398 4212 1.
414 4161 506 4214 Poenae
519 4161 583 4215 latre
597 4163 696 4217 eontra
709 4163 868 4219 duellantes
882 4177 979 4220 eoram
992 4166 1123 4232 patrinis.

205 4311 238 4392 a)
250 4309 442 4376 Notandum
456 4313 609 4395 estquod
624 4317 754 4397 exjure
773 4316 863 4381 oivili
877 4318 1040 4394 Romano,
1058 4321 1158 4402 juxta
1175 4320 1340 4402 interpre-
1406 4337 1409 4344 ’

165 4418 330 4483 tationem
352 4418 659 4498 oriminalistarum,
684 4441 875 4504 provocans
903 4425 945 4491 ad
970 4425 1121 4491 duellum
1147 4426 1339 4510 puniendus

166 4529 240 4589 erat
259 4545 362 4608 poena
381 4525 526 4610 capitali,
549 4528 578 4590 si
599 4530 776 4595 oooidisset
795 4539 1029 4616 provocatum.
1055 4533 1088 4598 Si
1115 4551 1197 4599 vero
1221 4553 1341 4617 provo·

166 4639 262 4699 oatus
280 4635 507 4712 interieoisset
524 4643 777 4716 provocantem,
803 4641 919 4705 mitius
938 4647 1011 4706 erat
1033 4641 1236 4725 puniendus,
1262 4660 1340 4708 oum

165 4742 358 4825 provocatis
372 4759 508 4825 semper
518 4744 598 4825 jura
611 4745 758 4811 faveant.
777 4746 905 4830 injure
927 4749 1060 4827 Gallico,
1076 4749 1159 4814 nihil
1181 4750 1340 4814 statuitur
