<?xml version="1.0" encoding="UTF-8"?>
<!DOCTYPE html PUBLIC "-//W3C//DTD XHTML 1.0 Transitional//EN"
    "http://www.w3.org/TR/xhtml1/DTD/xhtml1-transitional.dtd">
<html xmlns="http://www.w3.org/1999/xhtml" xml:lang="en" lang="en">
 <head>
  <title>
</title>
<meta http-equiv="Content-Type" content="text/html;charset=utf-8" />
  <meta name='ocr-system' content='tesseract 3.04.00' />
  <meta name='ocr-capabilities' content='ocr_page ocr_carea ocr_par ocr_line ocrx_word'/>
</head>
<body>
  <div class='ocr_page' id='page_1' title='image "./juscanonicumjux01grangoog/juscanonicumjux01grangoog_0648.png"; bbox 0 0 3388 5582; ppageno 0'>
   <div class='ocr_carea' id='block_1_1' title="bbox 323 575 1568 796">
    <p class='ocr_par' dir='ltr' id='par_1_1' title="bbox 323 575 1568 796">
     <span class='ocr_line' id='line_1_1' title="bbox 383 575 1101 648; baseline -0.003 0"><span class='ocrx_word' id='word_1_1' title='bbox 383 575 443 648; x_wconf 74' lang='grc'>638</span> <span class='ocrx_word' id='word_1_2' title='bbox 846 591 896 646; x_wconf 83' lang='lat' dir='ltr'>tus</span> <span class='ocrx_word' id='word_1_3' title='bbox 919 595 1101 648; x_wconf 77' lang='lat' dir='ltr'>canbnrcmr.</span> 
     </span>
     <span class='ocr_line' id='line_1_2' title="bbox 323 713 1568 796; baseline -0.003 -20"><span class='ocrx_word' id='word_1_4' title='bbox 323 789 325 796; x_wconf 18' lang='lat' dir='ltr'>y</span> <span class='ocrx_word' id='word_1_5' title='bbox 384 719 479 791; x_wconf 87' lang='lat' dir='ltr'>prima</span> <span class='ocrx_word' id='word_1_6' title='bbox 498 714 627 789; x_wconf 88' lang='lat' dir='ltr'>pueritia</span> <span class='ocrx_word' id='word_1_7' title='bbox 648 728 683 770; x_wconf 91' lang='lat' dir='ltr'>ac</span> <span class='ocrx_word' id='word_1_8' title='bbox 706 713 924 786; x_wconf 84' lang='lat' dir='ltr'><strong>propemodum</strong></span> <span class='ocrx_word' id='word_1_9' title='bbox 948 732 967 774; x_wconf 91' lang='lat' dir='ltr'>a</span> <span class='ocrx_word' id='word_1_10' title='bbox 989 717 1100 775; x_wconf 87' lang='lat' dir='ltr'>teneris</span> <span class='ocrx_word' id='word_1_11' title='bbox 1123 715 1309 790; x_wconf 79' lang='lat' dir='ltr'>unguiculis,</span> <span class='ocrx_word' id='word_1_12' title='bbox 1330 731 1393 790; x_wconf 90' lang='lat' dir='ltr'>qua</span> <span class='ocrx_word' id='word_1_13' title='bbox 1411 717 1515 786; x_wconf 82' lang='lat' dir='ltr'>aetale,</span> <span class='ocrx_word' id='word_1_14' title='bbox 1538 719 1568 772; x_wconf 90' lang='lat' dir='ltr'>ut</span> 
     </span>
    </p>
   </div>
   <div class='ocr_carea' id='block_1_2' title="bbox 382 803 1567 970">
    <p class='ocr_par' dir='ltr' id='par_1_2' title="bbox 382 803 1567 970">
     <span class='ocr_line' id='line_1_3' title="bbox 382 803 1567 881; baseline -0.003 -16"><span class='ocrx_word' id='word_1_15' title='bbox 382 811 511 874; x_wconf 88' lang='lat' dir='ltr'>constat,</span> <span class='ocrx_word' id='word_1_16' title='bbox 541 803 661 862; x_wconf 87' lang='lat' dir='ltr'>uirtutis</span> <span class='ocrx_word' id='word_1_17' title='bbox 683 804 821 862; x_wconf 80' lang='lat' dir='ltr'>nutritii</span> <span class='ocrx_word' id='word_1_18' title='bbox 842 807 960 864; x_wconf 84' lang='lat' dir='ltr'>semina</span> <span class='ocrx_word' id='word_1_19' title='bbox 980 808 1124 866; x_wconf 79' lang='lat' dir='ltr'>tenaciter</span> <span class='ocrx_word' id='word_1_20' title='bbox 1149 807 1272 864; x_wconf 83' lang='lat' dir='ltr'>haerent.</span> <span class='ocrx_word' id='word_1_21' title='bbox 1292 809 1372 864; x_wconf 84' lang='lat' dir='ltr'>AEtas</span> <span class='ocrx_word' id='word_1_22' title='bbox 1390 805 1490 881; x_wconf 88' lang='lat' dir='ltr'>igitur</span> <span class='ocrx_word' id='word_1_23' title='bbox 1511 811 1567 862; x_wconf 85' lang='lat' dir='ltr'>tam</span> 
     </span>
     <span class='ocr_line' id='line_1_4' title="bbox 382 891 1454 970; baseline -0.003 -15"><span class='ocrx_word' id='word_1_24' title='bbox 382 893 533 964; x_wconf 79' lang='lat' dir='ltr'>flexibilis,</span> <span class='ocrx_word' id='word_1_25' title='bbox 547 893 573 951; x_wconf 91' lang='lat' dir='ltr'>si</span> <span class='ocrx_word' id='word_1_26' title='bbox 588 891 703 964; x_wconf 91' lang='lat' dir='ltr'>absque</span> <span class='ocrx_word' id='word_1_27' title='bbox 718 892 1034 967; x_wconf 85' lang='lat' dir='ltr'>religioneadolescat,</span> <span class='ocrx_word' id='word_1_28' title='bbox 1052 911 1125 954; x_wconf 87' lang='lat' dir='ltr'>sane</span> <span class='ocrx_word' id='word_1_29' title='bbox 1140 895 1251 970; x_wconf 89' lang='lat' dir='ltr'>ingens</span> <span class='ocrx_word' id='word_1_30' title='bbox 1266 895 1377 954; x_wconf 91' lang='lat' dir='ltr'>malurn</span> <span class='ocrx_word' id='word_1_31' title='bbox 1394 900 1454 954; x_wconf 90' lang='lat' dir='ltr'>est.</span> 
     </span>
    </p>
   </div>
   <div class='ocr_carea' id='block_1_3' title="bbox 383 983 1655 1149">
    <p class='ocr_par' dir='ltr' id='par_1_3' title="bbox 383 983 1655 1149">
     <span class='ocr_line' id='line_1_5' title="bbox 420 983 1655 1059; baseline -0.001 -16"><span class='ocrx_word' id='word_1_32' title='bbox 420 989 621 1044; x_wconf 82' lang='lat' dir='ltr'>Porroaulem</span> <span class='ocrx_word' id='word_1_33' title='bbox 636 983 666 1040; x_wconf 93' lang='lat' dir='ltr'>in</span> <span class='ocrx_word' id='word_1_34' title='bbox 682 983 834 1055; x_wconf 86' lang='lat' dir='ltr'>praedictis</span> <span class='ocrx_word' id='word_1_35' title='bbox 849 985 973 1056; x_wconf 88' lang='lat' dir='ltr'>scholis,</span> <span class='ocrx_word' id='word_1_36' title='bbox 992 991 1093 1059; x_wconf 87' lang='lat' dir='ltr'>utpote</span> <span class='ocrx_word' id='word_1_37' title='bbox 1114 985 1260 1058; x_wconf 79' lang='lat' dir='ltr'>seiunctis</span> <span class='ocrx_word' id='word_1_38' title='bbox 1279 983 1316 1042; x_wconf 88' lang='lat' dir='ltr'>ab</span> <span class='ocrx_word' id='word_1_39' title='bbox 1337 985 1484 1043; x_wconf 73' lang='lat' dir='ltr'>Ecclesiae</span> <span class='ocrx_word' id='word_1_40' title='bbox 1498 999 1568 1042; x_wconf 87' lang='lat' dir='ltr'>auc·</span> <span class='ocrx_word' id='word_1_41' title='bbox 1654 1043 1655 1058; x_wconf 59' lang='lat'>,</span> 
     </span>
     <span class='ocr_line' id='line_1_6' title="bbox 383 1067 1655 1149; baseline -0.003 -15"><span class='ocrx_word' id='word_1_42' title='bbox 383 1071 785 1144; x_wconf 87' lang='lat' dir='ltr'>toritate,indiscrimiaatim</span> <span class='ocrx_word' id='word_1_43' title='bbox 800 1074 934 1132; x_wconf 81' lang='lat' dir='ltr'>exomni</span> <span class='ocrx_word' id='word_1_44' title='bbox 957 1079 1039 1132; x_wconf 88' lang='lat' dir='ltr'>secta</span> <span class='ocrx_word' id='word_1_45' title='bbox 1058 1073 1196 1149; x_wconf 78' lang='lat' dir='ltr'>magistri</span> <span class='ocrx_word' id='word_1_46' title='bbox 1217 1073 1408 1143; x_wconf 79' lang='lat' dir='ltr'>adhibentur,</span> <span class='ocrx_word' id='word_1_47' title='bbox 1430 1079 1464 1130; x_wconf 88' lang='lat' dir='ltr'>et</span> <span class='ocrx_word' id='word_1_48' title='bbox 1483 1077 1567 1131; x_wconf 79' lang='lat' dir='ltr'>cate-</span> <span class='ocrx_word' id='word_1_49' title='bbox 1654 1067 1655 1072; x_wconf 72' lang='grc'>’</span> 
     </span>
    </p>
   </div>
   <div class='ocr_carea' id='block_1_4' title="bbox 381 1159 1569 4743">
    <p class='ocr_par' dir='ltr' id='par_1_4' title="bbox 381 1159 1569 1772">
     <span class='ocr_line' id='line_1_7' title="bbox 383 1159 1569 1236; baseline -0.003 -15"><span class='ocrx_word' id='word_1_50' title='bbox 383 1163 502 1236; x_wconf 91' lang='lat' dir='ltr'>roquin,</span> <span class='ocrx_word' id='word_1_51' title='bbox 522 1176 559 1218; x_wconf 91' lang='lat' dir='ltr'>ne</span> <span class='ocrx_word' id='word_1_52' title='bbox 581 1159 744 1232; x_wconf 88' lang='lat' dir='ltr'>perniciem</span> <span class='ocrx_word' id='word_1_53' title='bbox 763 1161 889 1219; x_wconf 86' lang='lat' dir='ltr'>aflerant</span> <span class='ocrx_word' id='word_1_54' title='bbox 905 1162 1056 1236; x_wconf 85' lang='lat' dir='ltr'>juventuti</span> <span class='ocrx_word' id='word_1_55' title='bbox 1077 1162 1160 1220; x_wconf 88' lang='lat' dir='ltr'>nulla</span> <span class='ocrx_word' id='word_1_56' title='bbox 1181 1161 1247 1236; x_wconf 89' lang='lat' dir='ltr'>lege</span> <span class='ocrx_word' id='word_1_57' title='bbox 1266 1168 1387 1220; x_wconf 89' lang='lat' dir='ltr'>cautum</span> <span class='ocrx_word' id='word_1_58' title='bbox 1403 1166 1464 1234; x_wconf 87' lang='lat' dir='ltr'>est,</span> <span class='ocrx_word' id='word_1_59' title='bbox 1482 1161 1526 1218; x_wconf 88' lang='lat' dir='ltr'>ita</span> <span class='ocrx_word' id='word_1_60' title='bbox 1539 1167 1569 1218; x_wconf 92' lang='lat' dir='ltr'>ut</span> 
     </span>
     <span class='ocr_line' id='line_1_8' title="bbox 381 1251 1566 1324; baseline -0.003 -14"><span class='ocrx_word' id='word_1_61' title='bbox 381 1253 511 1324; x_wconf 71' lang='lat' dir='ltr'>liberum</span> <span class='ocrx_word' id='word_1_62' title='bbox 534 1251 575 1308; x_wconf 87' lang='lat' dir='ltr'>sit</span> <span class='ocrx_word' id='word_1_63' title='bbox 594 1263 710 1308; x_wconf 91' lang='lat' dir='ltr'>errores</span> <span class='ocrx_word' id='word_1_64' title='bbox 732 1251 923 1309; x_wconf 76' lang='lat' dir='ltr'>elvitiorum</span> <span class='ocrx_word' id='word_1_65' title='bbox 945 1252 1062 1310; x_wconf 88' lang='lat' dir='ltr'>semina</span> <span class='ocrx_word' id='word_1_66' title='bbox 1083 1253 1194 1310; x_wconf 89' lang='lat' dir='ltr'>teneris</span> <span class='ocrx_word' id='word_1_67' title='bbox 1219 1251 1371 1310; x_wconf 89' lang='lat' dir='ltr'>mentibus</span> <span class='ocrx_word' id='word_1_68' title='bbox 1393 1251 1566 1310; x_wconf 80' lang='lat' dir='ltr'>infundere.</span> 
     </span>
     <span class='ocr_line' id='line_1_9' title="bbox 384 1337 1568 1415; baseline -0.004 -13"><span class='ocrx_word' id='word_1_69' title='bbox 384 1347 469 1402; x_wconf 78' lang='lat' dir='ltr'>Carta</span> <span class='ocrx_word' id='word_1_70' title='bbox 483 1342 554 1400; x_wconf 91' lang='lat' dir='ltr'>item</span> <span class='ocrx_word' id='word_1_71' title='bbox 567 1337 737 1412; x_wconf 85' lang='lat' dir='ltr'>corruptela</span> <span class='ocrx_word' id='word_1_72' title='bbox 751 1339 878 1413; x_wconf 92' lang='lat' dir='ltr'>insuper</span> <span class='ocrx_word' id='word_1_73' title='bbox 891 1355 928 1398; x_wconf 88' lang='lat' dir='ltr'>ex</span> <span class='ocrx_word' id='word_1_74' title='bbox 940 1340 997 1399; x_wconf 88' lang='lat' dir='ltr'>boc</span> <span class='ocrx_word' id='word_1_75' title='bbox 1008 1340 1170 1415; x_wconf 87' lang='lat' dir='ltr'>impendet,</span> <span class='ocrx_word' id='word_1_76' title='bbox 1180 1341 1262 1414; x_wconf 92' lang='lat' dir='ltr'>quod</span> <span class='ocrx_word' id='word_1_77' title='bbox 1273 1341 1304 1399; x_wconf 94' lang='lat' dir='ltr'>in</span> <span class='ocrx_word' id='word_1_78' title='bbox 1316 1341 1425 1400; x_wconf 91' lang='lat' dir='ltr'>iisdem</span> <span class='ocrx_word' id='word_1_79' title='bbox 1439 1341 1568 1408; x_wconf 71' lang='lat' dir='ltr'>scholis</span> 
     </span>
     <span class='ocr_line' id='line_1_10' title="bbox 383 1429 1566 1504; baseline -0.006 -11"><span class='ocrx_word' id='word_1_80' title='bbox 383 1441 436 1493; x_wconf 90' lang='lat' dir='ltr'>aut</span> <span class='ocrx_word' id='word_1_81' title='bbox 449 1433 554 1492; x_wconf 87' lang='lat' dir='ltr'>saltem</span> <span class='ocrx_word' id='word_1_82' title='bbox 566 1429 705 1503; x_wconf 89' lang='lat' dir='ltr'>pluribus</span> <span class='ocrx_word' id='word_1_83' title='bbox 719 1429 857 1500; x_wconf 87' lang='lat' dir='ltr'>istarum,</span> <span class='ocrx_word' id='word_1_84' title='bbox 872 1431 1029 1504; x_wconf 88' lang='lat' dir='ltr'>utriusque</span> <span class='ocrx_word' id='word_1_85' title='bbox 1038 1446 1130 1490; x_wconf 85' lang='lat' dir='ltr'>sexus</span> <span class='ocrx_word' id='word_1_86' title='bbox 1142 1431 1348 1491; x_wconf 88' lang='lat' dir='ltr'>adolescentes</span> <span class='ocrx_word' id='word_1_87' title='bbox 1362 1438 1394 1490; x_wconf 94' lang='lat' dir='ltr'>et</span> <span class='ocrx_word' id='word_1_88' title='bbox 1402 1429 1566 1490; x_wconf 85' lang='lat' dir='ltr'>audiendis</span> 
     </span>
     <span class='ocr_line' id='line_1_11' title="bbox 383 1519 1566 1595; baseline -0.006 -13"><span class='ocrx_word' id='word_1_89' title='bbox 383 1520 564 1582; x_wconf 88' lang='lat' dir='ltr'>lectionibus</span> <span class='ocrx_word' id='word_1_90' title='bbox 579 1521 610 1577; x_wconf 92' lang='lat' dir='ltr'>in</span> <span class='ocrx_word' id='word_1_91' title='bbox 629 1519 708 1576; x_wconf 91' lang='lat' dir='ltr'>idem</span> <span class='ocrx_word' id='word_1_92' title='bbox 719 1519 860 1578; x_wconf 85' lang='lat' dir='ltr'>conclave</span> <span class='ocrx_word' id='word_1_93' title='bbox 871 1527 1103 1595; x_wconf 81' lang='lat' dir='ltr'>congregantur,</span> <span class='ocrx_word' id='word_1_94' title='bbox 1121 1528 1151 1579; x_wconf 89' lang='lat' dir='ltr'>et</span> <span class='ocrx_word' id='word_1_95' title='bbox 1164 1521 1267 1581; x_wconf 88' lang='lat' dir='ltr'>sedere</span> <span class='ocrx_word' id='word_1_96' title='bbox 1278 1521 1309 1580; x_wconf 90' lang='lat' dir='ltr'>iu</span> <span class='ocrx_word' id='word_1_97' title='bbox 1320 1523 1425 1580; x_wconf 90' lang='lat' dir='ltr'>eodem</span> <span class='ocrx_word' id='word_1_98' title='bbox 1438 1534 1566 1579; x_wconf 85' lang='lat' dir='ltr'>scamno</span> 
     </span>
     <span class='ocr_line' id='line_1_12' title="bbox 383 1609 1567 1683; baseline -0.007 -11"><span class='ocrx_word' id='word_1_99' title='bbox 383 1610 510 1672; x_wconf 86' lang='lat' dir='ltr'>masculi</span> <span class='ocrx_word' id='word_1_100' title='bbox 535 1609 621 1683; x_wconf 89' lang='lat' dir='ltr'>juxta</span> <span class='ocrx_word' id='word_1_101' title='bbox 646 1609 775 1667; x_wconf 86' lang='lat' dir='ltr'>feminas</span> <span class='ocrx_word' id='word_1_102' title='bbox 799 1609 954 1682; x_wconf 84' lang='lat' dir='ltr'>jubentur.</span> <span class='ocrx_word' id='word_1_103' title='bbox 982 1613 1053 1679; x_wconf 82' lang='lat' dir='ltr'>Qua</span> <span class='ocrx_word' id='word_1_104' title='bbox 1082 1610 1184 1668; x_wconf 89' lang='lat' dir='ltr'>omnia</span> <span class='ocrx_word' id='word_1_105' title='bbox 1203 1610 1339 1671; x_wconf 88' lang='lat' dir='ltr'>efficiunt</span> <span class='ocrx_word' id='word_1_106' title='bbox 1363 1616 1396 1670; x_wconf 88' lang='lat' dir='ltr'>ut</span> <span class='ocrx_word' id='word_1_107' title='bbox 1417 1610 1567 1683; x_wconf 82' lang='lat' dir='ltr'>juventus</span> 
     </span>
     <span class='ocr_line' id='line_1_13' title="bbox 383 1697 1400 1772; baseline -0.004 -12"><span class='ocrx_word' id='word_1_108' title='bbox 383 1703 492 1760; x_wconf 86' lang='lat' dir='ltr'>misere</span> <span class='ocrx_word' id='word_1_109' title='bbox 506 1703 674 1772; x_wconf 85' lang='lat' dir='ltr'>exponatur</span> <span class='ocrx_word' id='word_1_110' title='bbox 688 1697 797 1756; x_wconf 90' lang='lat' dir='ltr'>damno</span> <span class='ocrx_word' id='word_1_111' title='bbox 812 1698 892 1756; x_wconf 88' lang='lat' dir='ltr'>circa</span> <span class='ocrx_word' id='word_1_112' title='bbox 906 1697 1007 1769; x_wconf 79' lang='lat' dir='ltr'>fidem,</span> <span class='ocrx_word' id='word_1_113' title='bbox 1019 1713 1054 1758; x_wconf 90' lang='lat' dir='ltr'>ac</span> <span class='ocrx_word' id='word_1_114' title='bbox 1070 1699 1400 1771; x_wconf 89' lang='lat' dir='ltr'>morespericlitentur.</span> 
     </span>
    </p>

    <p class='ocr_par' dir='ltr' id='par_1_5' title="bbox 383 1786 1567 3209">
     <span class='ocr_line' id='line_1_14' title="bbox 421 1786 1567 1861; baseline -0.006 -12"><span class='ocrx_word' id='word_1_115' title='bbox 421 1794 482 1849; x_wconf 86' lang='lat' dir='ltr'>lloc</span> <span class='ocrx_word' id='word_1_116' title='bbox 493 1795 593 1848; x_wconf 89' lang='lat' dir='ltr'>aulem</span> <span class='ocrx_word' id='word_1_117' title='bbox 604 1787 771 1861; x_wconf 88' lang='lat' dir='ltr'>periculum</span> <span class='ocrx_word' id='word_1_118' title='bbox 787 1787 991 1860; x_wconf 84' lang='lat' dir='ltr'>perversionis</span> <span class='ocrx_word' id='word_1_119' title='bbox 1005 1789 1067 1845; x_wconf 92' lang='lat' dir='ltr'>nisi</span> <span class='ocrx_word' id='word_1_120' title='bbox 1080 1803 1095 1845; x_wconf 89' lang='lat' dir='ltr'>e</span> <span class='ocrx_word' id='word_1_121' title='bbox 1107 1789 1245 1861; x_wconf 84' lang='lat' dir='ltr'>proximo</span> <span class='ocrx_word' id='word_1_122' title='bbox 1259 1795 1406 1847; x_wconf 88' lang='lat' dir='ltr'>remotum</span> <span class='ocrx_word' id='word_1_123' title='bbox 1417 1787 1483 1858; x_wconf 86' lang='lat' dir='ltr'>fiat,</span> <span class='ocrx_word' id='word_1_124' title='bbox 1496 1786 1567 1844; x_wconf 84' lang='lat' dir='ltr'>tales</span> 
     </span>
     <span class='ocr_line' id='line_1_15' title="bbox 385 1876 1566 1950; baseline -0.006 -11"><span class='ocrx_word' id='word_1_125' title='bbox 385 1880 495 1939; x_wconf 86' lang='lat' dir='ltr'>scholae</span> <span class='ocrx_word' id='word_1_126' title='bbox 511 1884 575 1936; x_wconf 90' lang='lat' dir='ltr'>tuta</span> <span class='ocrx_word' id='word_1_127' title='bbox 589 1876 775 1935; x_wconf 86' lang='lat' dir='ltr'>conscientia</span> <span class='ocrx_word' id='word_1_128' title='bbox 794 1878 977 1950; x_wconf 89' lang='lat' dir='ltr'>frequentari</span> <span class='ocrx_word' id='word_1_129' title='bbox 993 1883 1156 1950; x_wconf 87' lang='lat' dir='ltr'>nequeunt.</span> <span class='ocrx_word' id='word_1_130' title='bbox 1184 1878 1213 1935; x_wconf 94' lang='lat' dir='ltr'>ld</span> <span class='ocrx_word' id='word_1_131' title='bbox 1235 1879 1281 1936; x_wconf 86' lang='lat' dir='ltr'>vel</span> <span class='ocrx_word' id='word_1_132' title='bbox 1301 1880 1369 1950; x_wconf 88' lang='lat' dir='ltr'>ipsa</span> <span class='ocrx_word' id='word_1_133' title='bbox 1389 1879 1503 1938; x_wconf 88' lang='lat' dir='ltr'>clamat</span> <span class='ocrx_word' id='word_1_134' title='bbox 1523 1877 1566 1934; x_wconf 78' lang='lat' dir='ltr'>len</span> 
     </span>
     <span class='ocr_line' id='line_1_16' title="bbox 385 1967 1563 2039; baseline -0.005 -12"><span class='ocrx_word' id='word_1_135' title='bbox 385 1969 531 2029; x_wconf 90' lang='lat' dir='ltr'>naturalis</span> <span class='ocrx_word' id='word_1_136' title='bbox 554 1973 585 2026; x_wconf 86' lang='lat' dir='ltr'>et</span> <span class='ocrx_word' id='word_1_137' title='bbox 603 1967 715 2026; x_wconf 89' lang='lat' dir='ltr'>divina.</span> <span class='ocrx_word' id='word_1_138' title='bbox 740 1967 770 2025; x_wconf 91' lang='lat' dir='ltr'>ld</span> <span class='ocrx_word' id='word_1_139' title='bbox 794 1981 883 2039; x_wconf 91' lang='lat' dir='ltr'>porro</span> <span class='ocrx_word' id='word_1_140' title='bbox 909 1967 999 2026; x_wconf 87' lang='lat' dir='ltr'>claris</span> <span class='ocrx_word' id='word_1_141' title='bbox 1022 1967 1123 2026; x_wconf 89' lang='lat' dir='ltr'>vorbis</span> <span class='ocrx_word' id='word_1_142' title='bbox 1147 1971 1289 2026; x_wconf 85' lang='lat' dir='ltr'>Summus</span> <span class='ocrx_word' id='word_1_143' title='bbox 1311 1969 1449 2027; x_wconf 80' lang='lat' dir='ltr'>Pontifex</span> <span class='ocrx_word' id='word_1_144' title='bbox 1473 1967 1563 2027; x_wconf 85' lang='lat' dir='ltr'>edixit</span> 
     </span>
     <span class='ocr_line' id='line_1_17' title="bbox 384 2056 1563 2133; baseline -0.004 -16"><span class='ocrx_word' id='word_1_145' title='bbox 384 2057 578 2133; x_wconf 71' lang='lat' dir='ltr'>friburgensi</span> <span class='ocrx_word' id='word_1_146' title='bbox 597 2056 750 2129; x_wconf 91' lang='lat' dir='ltr'>quondam</span> <span class='ocrx_word' id='word_1_147' title='bbox 770 2056 1007 2130; x_wconf 88' lang='lat' dir='ltr'>archiepiscopo,</span> <span class='ocrx_word' id='word_1_148' title='bbox 1027 2057 1075 2114; x_wconf 90' lang='lat' dir='ltr'>die</span> <span class='ocrx_word' id='word_1_149' title='bbox 1097 2061 1130 2114; x_wconf 79' lang='lat' dir='ltr'>li</span> <span class='ocrx_word' id='word_1_150' title='bbox 1147 2056 1217 2130; x_wconf 84' lang='lat' dir='ltr'>julii</span> <span class='ocrx_word' id='word_1_151' title='bbox 1238 2060 1317 2127; x_wconf 76' lang='lat' dir='ltr'>litai,</span> <span class='ocrx_word' id='word_1_152' title='bbox 1336 2058 1379 2116; x_wconf 88' lang='lat' dir='ltr'>ita</span> <span class='ocrx_word' id='word_1_153' title='bbox 1399 2058 1563 2116; x_wconf 87' lang='lat' dir='ltr'>scribens:</span> 
     </span>
     <span class='ocr_line' id='line_1_18' title="bbox 386 2144 1566 2220; baseline 0 -18"><span class='ocrx_word' id='word_1_154' title='bbox 386 2168 401 2202; x_wconf 77' lang='lat' dir='ltr'>a</span> <span class='ocrx_word' id='word_1_155' title='bbox 418 2151 501 2207; x_wconf 86' lang='lat' dir='ltr'>Certa</span> <span class='ocrx_word' id='word_1_156' title='bbox 516 2147 648 2220; x_wconf 89' lang='lat' dir='ltr'>quidem,</span> <span class='ocrx_word' id='word_1_157' title='bbox 658 2145 708 2203; x_wconf 93' lang='lat' dir='ltr'>ubi</span> <span class='ocrx_word' id='word_1_158' title='bbox 719 2145 750 2202; x_wconf 94' lang='lat' dir='ltr'>in</span> <span class='ocrx_word' id='word_1_159' title='bbox 766 2144 1009 2219; x_wconf 88' lang='lat' dir='ltr'>quibuscumque</span> <span class='ocrx_word' id='word_1_160' title='bbox 1020 2145 1076 2203; x_wconf 89' lang='lat' dir='ltr'>loci</span> <span class='ocrx_word' id='word_1_161' title='bbox 1092 2145 1330 2220; x_wconf 88' lang='lat' dir='ltr'>regionibusque</span> <span class='ocrx_word' id='word_1_162' title='bbox 1343 2145 1566 2218; x_wconf 87' lang='lat' dir='ltr'>perniciosissi-</span> 
     </span>
     <span class='ocr_line' id='line_1_19' title="bbox 385 2233 1566 2310; baseline -0.004 -14"><span class='ocrx_word' id='word_1_163' title='bbox 385 2252 469 2296; x_wconf 92' lang='lat' dir='ltr'>mum</span> <span class='ocrx_word' id='word_1_164' title='bbox 483 2234 658 2310; x_wconf 76' lang='lat' dir='ltr'>hujusmodi</span> <span class='ocrx_word' id='word_1_165' title='bbox 668 2233 712 2291; x_wconf 90' lang='lat' dir='ltr'>rel</span> <span class='ocrx_word' id='word_1_166' title='bbox 724 2233 940 2306; x_wconf 83' lang='lat' dir='ltr'>susciperetur,</span> <span class='ocrx_word' id='word_1_167' title='bbox 951 2234 998 2292; x_wconf 82' lang='lat' dir='ltr'>rol</span> <span class='ocrx_word' id='word_1_168' title='bbox 1008 2235 1044 2293; x_wconf 89' lang='lat' dir='ltr'>ad</span> <span class='ocrx_word' id='word_1_169' title='bbox 1056 2235 1169 2292; x_wconf 84' lang='lat' dir='ltr'>exitum</span> <span class='ocrx_word' id='word_1_170' title='bbox 1178 2234 1391 2307; x_wconf 86' lang='lat' dir='ltr'>perduceretur</span> <span class='ocrx_word' id='word_1_171' title='bbox 1404 2235 1566 2296; x_wconf 89' lang='lat' dir='ltr'>consilium</span> 
     </span>
     <span class='ocr_line' id='line_1_20' title="bbox 385 2323 1565 2400; baseline -0.004 -15"><span class='ocrx_word' id='word_1_172' title='bbox 385 2325 552 2400; x_wconf 83' lang='lat' dir='ltr'>expellendi</span> <span class='ocrx_word' id='word_1_173' title='bbox 572 2339 591 2382; x_wconf 93' lang='lat' dir='ltr'>a</span> <span class='ocrx_word' id='word_1_174' title='bbox 611 2323 724 2381; x_wconf 86' lang='lat' dir='ltr'>scholis</span> <span class='ocrx_word' id='word_1_175' title='bbox 741 2323 881 2381; x_wconf 79' lang='lat' dir='ltr'>Ecclesiae</span> <span class='ocrx_word' id='word_1_176' title='bbox 903 2325 1123 2395; x_wconf 89' lang='lat' dir='ltr'>auctoritatem,</span> <span class='ocrx_word' id='word_1_177' title='bbox 1142 2325 1288 2398; x_wconf 85' lang='lat' dir='ltr'>juventus</span> <span class='ocrx_word' id='word_1_178' title='bbox 1305 2327 1414 2383; x_wconf 90' lang='lat' dir='ltr'>misere</span> <span class='ocrx_word' id='word_1_179' title='bbox 1437 2339 1565 2398; x_wconf 81' lang='lat' dir='ltr'>expone·</span> 
     </span>
     <span class='ocr_line' id='line_1_21' title="bbox 386 2411 1564 2480; baseline -0.003 -8"><span class='ocrx_word' id='word_1_180' title='bbox 386 2422 468 2474; x_wconf 89' lang='lat' dir='ltr'>retur</span> <span class='ocrx_word' id='word_1_181' title='bbox 479 2415 590 2472; x_wconf 91' lang='lat' dir='ltr'>damno</span> <span class='ocrx_word' id='word_1_182' title='bbox 602 2414 681 2470; x_wconf 90' lang='lat' dir='ltr'>circa</span> <span class='ocrx_word' id='word_1_183' title='bbox 691 2411 789 2480; x_wconf 83' lang='lat' dir='ltr'>fidem,</span> <span class='ocrx_word' id='word_1_184' title='bbox 804 2418 876 2470; x_wconf 86' lang='lat' dir='ltr'>tunc</span> <span class='ocrx_word' id='word_1_185' title='bbox 891 2413 1024 2472; x_wconf 86' lang='lat' dir='ltr'>Ecclesia</span> <span class='ocrx_word' id='word_1_186' title='bbox 1033 2427 1093 2471; x_wconf 91' lang='lat' dir='ltr'>non</span> <span class='ocrx_word' id='word_1_187' title='bbox 1105 2413 1333 2472; x_wconf 87' lang='lat' dir='ltr'>solumdeberet</span> <span class='ocrx_word' id='word_1_188' title='bbox 1342 2414 1564 2474; x_wconf 86' lang='lat' dir='ltr'>instantissimo</span> 
     </span>
     <span class='ocr_line' id='line_1_22' title="bbox 386 2501 1564 2577; baseline -0.004 -13"><span class='ocrx_word' id='word_1_189' title='bbox 386 2505 487 2564; x_wconf 88' lang='lat' dir='ltr'>studio</span> <span class='ocrx_word' id='word_1_190' title='bbox 501 2503 603 2562; x_wconf 91' lang='lat' dir='ltr'>omnia</span> <span class='ocrx_word' id='word_1_191' title='bbox 619 2501 732 2574; x_wconf 90' lang='lat' dir='ltr'>conari,</span> <span class='ocrx_word' id='word_1_192' title='bbox 750 2501 901 2574; x_wconf 92' lang='lat' dir='ltr'>nullisque</span> <span class='ocrx_word' id='word_1_193' title='bbox 923 2504 1004 2561; x_wconf 92' lang='lat' dir='ltr'>curis</span> <span class='ocrx_word' id='word_1_194' title='bbox 1023 2518 1154 2577; x_wconf 86' lang='lat' dir='ltr'>parcere,</span> <span class='ocrx_word' id='word_1_195' title='bbox 1175 2511 1209 2562; x_wconf 92' lang='lat' dir='ltr'>ut</span> <span class='ocrx_word' id='word_1_196' title='bbox 1226 2505 1329 2562; x_wconf 88' lang='lat' dir='ltr'>eadem</span> <span class='ocrx_word' id='word_1_197' title='bbox 1347 2503 1495 2575; x_wconf 84' lang='lat' dir='ltr'>juventus</span> <span class='ocrx_word' id='word_1_198' title='bbox 1515 2517 1564 2560; x_wconf 89' lang='lat' dir='ltr'>ne·</span> 
     </span>
     <span class='ocr_line' id='line_1_23' title="bbox 385 2591 1563 2666; baseline -0.006 -11"><span class='ocrx_word' id='word_1_199' title='bbox 385 2594 547 2656; x_wconf 88' lang='lat' dir='ltr'>cessariam</span> <span class='ocrx_word' id='word_1_200' title='bbox 569 2593 763 2652; x_wconf 84' lang='lat' dir='ltr'>christianam</span> <span class='ocrx_word' id='word_1_201' title='bbox 788 2591 1009 2651; x_wconf 88' lang='lat' dir='ltr'>institutionem</span> <span class='ocrx_word' id='word_1_202' title='bbox 1035 2598 1064 2652; x_wconf 88' lang='lat' dir='ltr'>al</span> <span class='ocrx_word' id='word_1_203' title='bbox 1085 2594 1294 2653; x_wconf 87' lang='lat' dir='ltr'>educationem</span> <span class='ocrx_word' id='word_1_204' title='bbox 1320 2593 1439 2666; x_wconf 90' lang='lat' dir='ltr'>habeat,</span> <span class='ocrx_word' id='word_1_205' title='bbox 1462 2607 1563 2654; x_wconf 83' lang='lat' dir='ltr'>verum</span> 
     </span>
     <span class='ocr_line' id='line_1_24' title="bbox 386 2681 1563 2761; baseline -0.007 -15"><span class='ocrx_word' id='word_1_206' title='bbox 386 2687 476 2746; x_wconf 89' lang='lat' dir='ltr'>etiam</span> <span class='ocrx_word' id='word_1_207' title='bbox 501 2691 657 2761; x_wconf 88' lang='lat' dir='ltr'>cogeretur</span> <span class='ocrx_word' id='word_1_208' title='bbox 684 2697 790 2742; x_wconf 90' lang='lat' dir='ltr'>omnes</span> <span class='ocrx_word' id='word_1_209' title='bbox 817 2683 920 2742; x_wconf 84' lang='lat' dir='ltr'>fideles</span> <span class='ocrx_word' id='word_1_210' title='bbox 948 2697 1084 2753; x_wconf 86' lang='lat' dir='ltr'>monere,</span> <span class='ocrx_word' id='word_1_211' title='bbox 1107 2685 1213 2758; x_wconf 89' lang='lat' dir='ltr'>eisque</span> <span class='ocrx_word' id='word_1_212' title='bbox 1239 2684 1391 2744; x_wconf 90' lang='lat' dir='ltr'>declarare</span> <span class='ocrx_word' id='word_1_213' title='bbox 1414 2681 1563 2759; x_wconf 82' lang='lat' dir='ltr'>ejusmodi</span> 
     </span>
     <span class='ocr_line' id='line_1_25' title="bbox 386 2773 1561 2847; baseline -0.005 -11"><span class='ocrx_word' id='word_1_214' title='bbox 386 2777 504 2836; x_wconf 90' lang='lat' dir='ltr'>scholas</span> <span class='ocrx_word' id='word_1_215' title='bbox 521 2775 660 2833; x_wconf 72' lang='lat' dir='ltr'>Ecclesia</span> <span class='ocrx_word' id='word_1_216' title='bbox 683 2773 835 2832; x_wconf 89' lang='lat' dir='ltr'>catholicae</span> <span class='ocrx_word' id='word_1_217' title='bbox 857 2773 999 2832; x_wconf 85' lang='lat' dir='ltr'>adversas</span> <span class='ocrx_word' id='word_1_218' title='bbox 1023 2773 1103 2832; x_wconf 91' lang='lat' dir='ltr'>baud</span> <span class='ocrx_word' id='word_1_219' title='bbox 1130 2775 1221 2847; x_wconf 85' lang='lat' dir='ltr'>posse</span> <span class='ocrx_word' id='word_1_220' title='bbox 1243 2775 1273 2832; x_wconf 93' lang='lat' dir='ltr'>in</span> <span class='ocrx_word' id='word_1_221' title='bbox 1295 2775 1485 2834; x_wconf 90' lang='lat' dir='ltr'>conscientia</span> <span class='ocrx_word' id='word_1_222' title='bbox 1509 2773 1561 2832; x_wconf 89' lang='lat' dir='ltr'>fre·</span> 
     </span>
     <span class='ocr_line' id='line_1_26' title="bbox 387 2863 1561 2942; baseline -0.007 -16"><span class='ocrx_word' id='word_1_223' title='bbox 387 2865 534 2942; x_wconf 87' lang='lat' dir='ltr'>quentari.</span> <span class='ocrx_word' id='word_1_224' title='bbox 557 2887 571 2916; x_wconf 75' lang='lat' dir='ltr'>a</span> <span class='ocrx_word' id='word_1_225' title='bbox 589 2867 624 2921; x_wconf 83' lang='lat' dir='ltr'>Et</span> <span class='ocrx_word' id='word_1_226' title='bbox 643 2864 707 2922; x_wconf 82' lang='lat' dir='ltr'>hac</span> <span class='ocrx_word' id='word_1_227' title='bbox 730 2863 863 2935; x_wconf 91' lang='lat' dir='ltr'>quidem,</span> <span class='ocrx_word' id='word_1_228' title='bbox 889 2869 990 2936; x_wconf 88' lang='lat' dir='ltr'>utpote</span> <span class='ocrx_word' id='word_1_229' title='bbox 1017 2863 1140 2922; x_wconf 87' lang='lat' dir='ltr'>fundata</span> <span class='ocrx_word' id='word_1_230' title='bbox 1156 2865 1224 2938; x_wconf 84' lang='lat' dir='ltr'>juro</span> <span class='ocrx_word' id='word_1_231' title='bbox 1244 2865 1375 2923; x_wconf 89' lang='lat' dir='ltr'>naturali</span> <span class='ocrx_word' id='word_1_232' title='bbox 1394 2881 1430 2923; x_wconf 89' lang='lat' dir='ltr'>ac</span> <span class='ocrx_word' id='word_1_233' title='bbox 1452 2864 1561 2929; x_wconf 85' lang='lat' dir='ltr'>divino,</span> 
     </span>
     <span class='ocr_line' id='line_1_27' title="bbox 387 2953 1562 3031; baseline -0.007 -17"><span class='ocrx_word' id='word_1_234' title='bbox 387 2955 525 3031; x_wconf 85' lang='lat' dir='ltr'>generale</span> <span class='ocrx_word' id='word_1_235' title='bbox 544 2953 693 3027; x_wconf 88' lang='lat' dir='ltr'>quoddam</span> <span class='ocrx_word' id='word_1_236' title='bbox 712 2953 871 3011; x_wconf 88' lang='lat' dir='ltr'>enuntiant</span> <span class='ocrx_word' id='word_1_237' title='bbox 885 2953 1076 3026; x_wconf 87' lang='lat' dir='ltr'>principiam,</span> <span class='ocrx_word' id='word_1_238' title='bbox 1093 2953 1214 3026; x_wconf 82' lang='lat' dir='ltr'>uimque</span> <span class='ocrx_word' id='word_1_239' title='bbox 1227 2954 1428 3014; x_wconf 87' lang='lat' dir='ltr'>universalem</span> <span class='ocrx_word' id='word_1_240' title='bbox 1443 2953 1562 3018; x_wconf 90' lang='lat' dir='ltr'>habent,</span> 
     </span>
     <span class='ocr_line' id='line_1_28' title="bbox 385 3040 1561 3118; baseline -0.004 -12"><span class='ocrx_word' id='word_1_241' title='bbox 385 3045 473 3106; x_wconf 90' lang='lat' dir='ltr'>etad</span> <span class='ocrx_word' id='word_1_242' title='bbox 495 3058 545 3104; x_wconf 89' lang='lat' dir='ltr'>eas</span> <span class='ocrx_word' id='word_1_243' title='bbox 565 3043 715 3116; x_wconf 90' lang='lat' dir='ltr'>pertineat</span> <span class='ocrx_word' id='word_1_244' title='bbox 733 3057 839 3100; x_wconf 91' lang='lat' dir='ltr'>omnes</span> <span class='ocrx_word' id='word_1_245' title='bbox 859 3043 1009 3116; x_wconf 77' lang='lat' dir='ltr'>regioneS,</span> <span class='ocrx_word' id='word_1_246' title='bbox 1031 3042 1082 3100; x_wconf 93' lang='lat' dir='ltr'>ubi</span> <span class='ocrx_word' id='word_1_247' title='bbox 1109 3043 1368 3115; x_wconf 89' lang='lat' dir='ltr'>perniciosissima</span> <span class='ocrx_word' id='word_1_248' title='bbox 1389 3040 1561 3118; x_wconf 74' lang='lat' dir='ltr'>huiusmodi</span> 
     </span>
     <span class='ocr_line' id='line_1_29' title="bbox 383 3129 1264 3209; baseline -0.003 -16"><span class='ocrx_word' id='word_1_249' title='bbox 383 3134 551 3209; x_wconf 79' lang='lat' dir='ltr'>juventutis</span> <span class='ocrx_word' id='word_1_250' title='bbox 563 3129 755 3191; x_wconf 81' lang='lat' dir='ltr'>instituenda</span> <span class='ocrx_word' id='word_1_251' title='bbox 769 3131 845 3189; x_wconf 90' lang='lat' dir='ltr'>ratio</span> <span class='ocrx_word' id='word_1_252' title='bbox 860 3130 1019 3189; x_wconf 76' lang='lat' dir='ltr'>infeliciter</span> <span class='ocrx_word' id='word_1_253' title='bbox 1033 3130 1150 3190; x_wconf 89' lang='lat' dir='ltr'>invecta</span> <span class='ocrx_word' id='word_1_254' title='bbox 1164 3133 1264 3192; x_wconf 89' lang='lat' dir='ltr'>luerit.</span> 
     </span>
    </p>

    <p class='ocr_par' dir='ltr' id='par_1_6' title="bbox 387 3220 1562 4743">
     <span class='ocr_line' id='line_1_30' title="bbox 422 3220 1562 3298; baseline -0.004 -14"><span class='ocrx_word' id='word_1_255' title='bbox 422 3228 544 3298; x_wconf 84' lang='lat' dir='ltr'>Oportet</span> <span class='ocrx_word' id='word_1_256' title='bbox 557 3223 650 3297; x_wconf 89' lang='lat' dir='ltr'>igitur</span> <span class='ocrx_word' id='word_1_257' title='bbox 665 3227 699 3279; x_wconf 92' lang='lat' dir='ltr'>ut</span> <span class='ocrx_word' id='word_1_258' title='bbox 713 3222 860 3294; x_wconf 83' lang='lat' dir='ltr'>praesules</span> <span class='ocrx_word' id='word_1_259' title='bbox 874 3220 1066 3292; x_wconf 86' lang='lat' dir='ltr'>amplissimi,</span> <span class='ocrx_word' id='word_1_260' title='bbox 1080 3236 1270 3296; x_wconf 89' lang='lat' dir='ltr'>quacumque</span> <span class='ocrx_word' id='word_1_261' title='bbox 1278 3225 1397 3296; x_wconf 89' lang='lat' dir='ltr'>possint</span> <span class='ocrx_word' id='word_1_262' title='bbox 1408 3239 1463 3298; x_wconf 89' lang='lat' dir='ltr'>ope</span> <span class='ocrx_word' id='word_1_263' title='bbox 1476 3231 1562 3296; x_wconf 85' lang='lat' dir='ltr'>atque</span> 
     </span>
     <span class='ocr_line' id='line_1_31' title="bbox 387 3309 1559 3388; baseline -0.003 -15"><span class='ocrx_word' id='word_1_264' title='bbox 387 3329 493 3388; x_wconf 91' lang='lat' dir='ltr'>opera,</span> <span class='ocrx_word' id='word_1_265' title='bbox 511 3312 710 3371; x_wconf 91' lang='lat' dir='ltr'>commissum</span> <span class='ocrx_word' id='word_1_266' title='bbox 731 3309 790 3368; x_wconf 90' lang='lat' dir='ltr'>sibi</span> <span class='ocrx_word' id='word_1_267' title='bbox 811 3322 933 3384; x_wconf 88' lang='lat' dir='ltr'>gregem</span> <span class='ocrx_word' id='word_1_268' title='bbox 954 3319 1075 3370; x_wconf 84' lang='lat' dir='ltr'>arceant</span> <span class='ocrx_word' id='word_1_269' title='bbox 1094 3311 1131 3369; x_wconf 89' lang='lat' dir='ltr'>ah</span> <span class='ocrx_word' id='word_1_270' title='bbox 1150 3314 1232 3371; x_wconf 92' lang='lat' dir='ltr'>omni</span> <span class='ocrx_word' id='word_1_271' title='bbox 1249 3315 1429 3388; x_wconf 80' lang='lat' dir='ltr'>contagione</span> <span class='ocrx_word' id='word_1_272' title='bbox 1445 3314 1559 3374; x_wconf 89' lang='lat' dir='ltr'>schola·</span> 
     </span>
     <span class='ocr_line' id='line_1_32' title="bbox 387 3401 1559 3475; baseline -0.002 -11"><span class='ocrx_word' id='word_1_273' title='bbox 387 3419 454 3464; x_wconf 90' lang='lat' dir='ltr'>rum</span> <span class='ocrx_word' id='word_1_274' title='bbox 472 3403 672 3475; x_wconf 90' lang='lat' dir='ltr'>publicarum.</span> <span class='ocrx_word' id='word_1_275' title='bbox 694 3403 745 3458; x_wconf 85' lang='lat' dir='ltr'>Est</span> <span class='ocrx_word' id='word_1_276' title='bbox 765 3406 866 3458; x_wconf 87' lang='lat' dir='ltr'>autem</span> <span class='ocrx_word' id='word_1_277' title='bbox 891 3401 927 3458; x_wconf 90' lang='lat' dir='ltr'>ad</span> <span class='ocrx_word' id='word_1_278' title='bbox 943 3401 1000 3459; x_wconf 91' lang='lat' dir='ltr'>hoc</span> <span class='ocrx_word' id='word_1_279' title='bbox 1015 3403 1149 3461; x_wconf 91' lang='lat' dir='ltr'>omnium</span> <span class='ocrx_word' id='word_1_280' title='bbox 1166 3418 1317 3462; x_wconf 90' lang='lat' dir='ltr'>consensu</span> <span class='ocrx_word' id='word_1_281' title='bbox 1332 3405 1373 3462; x_wconf 91' lang='lat' dir='ltr'>nil</span> <span class='ocrx_word' id='word_1_282' title='bbox 1386 3411 1445 3462; x_wconf 87' lang='lat' dir='ltr'>tam</span> <span class='ocrx_word' id='word_1_283' title='bbox 1460 3415 1559 3463; x_wconf 87' lang='lat' dir='ltr'>neces·</span> 
     </span>
     <span class='ocr_line' id='line_1_33' title="bbox 388 3487 1560 3566; baseline -0.003 -14"><span class='ocrx_word' id='word_1_284' title='bbox 388 3493 502 3552; x_wconf 88' lang='lat' dir='ltr'>sarium</span> <span class='ocrx_word' id='word_1_285' title='bbox 524 3506 614 3565; x_wconf 92' lang='lat' dir='ltr'>quam</span> <span class='ocrx_word' id='word_1_286' title='bbox 637 3495 671 3547; x_wconf 88' lang='lat' dir='ltr'>ut</span> <span class='ocrx_word' id='word_1_287' title='bbox 691 3488 830 3547; x_wconf 88' lang='lat' dir='ltr'>catholici</span> <span class='ocrx_word' id='word_1_288' title='bbox 849 3487 961 3561; x_wconf 90' lang='lat' dir='ltr'>ubique</span> <span class='ocrx_word' id='word_1_289' title='bbox 982 3489 1117 3549; x_wconf 90' lang='lat' dir='ltr'>locorum</span> <span class='ocrx_word' id='word_1_290' title='bbox 1137 3493 1272 3566; x_wconf 88' lang='lat' dir='ltr'>proprias</span> <span class='ocrx_word' id='word_1_291' title='bbox 1296 3493 1353 3552; x_wconf 89' lang='lat' dir='ltr'>sibi</span> <span class='ocrx_word' id='word_1_292' title='bbox 1373 3493 1494 3553; x_wconf 90' lang='lat' dir='ltr'>scholas</span> <span class='ocrx_word' id='word_1_293' title='bbox 1514 3491 1560 3549; x_wconf 88' lang='lat' dir='ltr'>ha-</span> 
     </span>
     <span class='ocr_line' id='line_1_34' title="bbox 387 3578 1558 3658; baseline -0.003 -18"><span class='ocrx_word' id='word_1_294' title='bbox 387 3583 487 3653; x_wconf 89' lang='lat' dir='ltr'>beant,</span> <span class='ocrx_word' id='word_1_295' title='bbox 503 3595 614 3655; x_wconf 88' lang='lat' dir='ltr'>easque</span> <span class='ocrx_word' id='word_1_296' title='bbox 630 3579 759 3654; x_wconf 92' lang='lat' dir='ltr'>publicis</span> <span class='ocrx_word' id='word_1_297' title='bbox 770 3578 972 3638; x_wconf 88' lang='lat' dir='ltr'>scholishaud</span> <span class='ocrx_word' id='word_1_298' title='bbox 987 3579 1157 3640; x_wconf 89' lang='lat' dir='ltr'>inferiores.</span> <span class='ocrx_word' id='word_1_299' title='bbox 1172 3582 1288 3644; x_wconf 80' lang='lat' dir='ltr'>Scholia</span> <span class='ocrx_word' id='word_1_300' title='bbox 1303 3598 1375 3658; x_wconf 92' lang='lat' dir='ltr'>ergo</span> <span class='ocrx_word' id='word_1_301' title='bbox 1395 3581 1558 3646; x_wconf 89' lang='lat' dir='ltr'>catholicis,</span> 
     </span>
     <span class='ocr_line' id='line_1_35' title="bbox 387 3667 1559 3752; baseline -0.005 -21"><span class='ocrx_word' id='word_1_302' title='bbox 387 3673 450 3731; x_wconf 82' lang='lat' dir='ltr'>sire</span> <span class='ocrx_word' id='word_1_303' title='bbox 462 3670 627 3730; x_wconf 88' lang='lat' dir='ltr'>condendis</span> <span class='ocrx_word' id='word_1_304' title='bbox 637 3669 688 3728; x_wconf 94' lang='lat' dir='ltr'>ubi</span> <span class='ocrx_word' id='word_1_305' title='bbox 698 3669 857 3752; x_wconf 90' lang='lat' dir='ltr'>defuerint,</span> <span class='ocrx_word' id='word_1_306' title='bbox 868 3669 931 3726; x_wconf 90' lang='lat' dir='ltr'>sive</span> <span class='ocrx_word' id='word_1_307' title='bbox 939 3669 1159 3741; x_wconf 88' lang='lat' dir='ltr'>amplificandis</span> <span class='ocrx_word' id='word_1_308' title='bbox 1168 3671 1367 3745; x_wconf 87' lang='lat' dir='ltr'>etperfectius</span> <span class='ocrx_word' id='word_1_309' title='bbox 1375 3667 1559 3731; x_wconf 90' lang='lat' dir='ltr'>instruendis</span> 
     </span>
     <span class='ocr_line' id='line_1_36' title="bbox 388 3753 1556 3836; baseline 0 -15"><span class='ocrx_word' id='word_1_310' title='bbox 388 3763 601 3836; x_wconf 88' lang='lat' dir='ltr'>parandisque,</span> <span class='ocrx_word' id='word_1_311' title='bbox 612 3767 646 3818; x_wconf 92' lang='lat' dir='ltr'>ut</span> <span class='ocrx_word' id='word_1_312' title='bbox 659 3760 691 3816; x_wconf 92' lang='lat' dir='ltr'>in</span> <span class='ocrx_word' id='word_1_313' title='bbox 700 3753 891 3817; x_wconf 88' lang='lat' dir='ltr'>institutione</span> <span class='ocrx_word' id='word_1_314' title='bbox 906 3773 939 3817; x_wconf 89' lang='lat' dir='ltr'>ac</span> <span class='ocrx_word' id='word_1_315' title='bbox 952 3759 1110 3831; x_wconf 88' lang='lat' dir='ltr'>disciplina</span> <span class='ocrx_word' id='word_1_316' title='bbox 1121 3759 1240 3822; x_wconf 89' lang='lat' dir='ltr'>scholas</span> <span class='ocrx_word' id='word_1_317' title='bbox 1252 3762 1556 3835; x_wconf 83' lang='lat' dir='ltr'>publioasadaequent</span> 
     </span>
     <span class='ocr_line' id='line_1_37' title="bbox 388 3850 1557 3924; baseline -0.003 -16"><span class='ocrx_word' id='word_1_318' title='bbox 388 3855 470 3911; x_wconf 73' lang='lat' dir='ltr'>«imni</span> <span class='ocrx_word' id='word_1_319' title='bbox 493 3867 565 3911; x_wconf 91' lang='lat' dir='ltr'>cura</span> <span class='ocrx_word' id='word_1_320' title='bbox 589 3851 832 3924; x_wconf 87' lang='lat' dir='ltr'>prospiciendum</span> <span class='ocrx_word' id='word_1_321' title='bbox 857 3853 912 3907; x_wconf 88' lang='lat' dir='ltr'>est.</span> <span class='ocrx_word' id='word_1_322' title='bbox 935 3853 976 3906; x_wconf 79' lang='lat' dir='ltr'>hc</span> <span class='ocrx_word' id='word_1_323' title='bbox 999 3855 1059 3906; x_wconf 91' lang='lat' dir='ltr'>tarn</span> <span class='ocrx_word' id='word_1_324' title='bbox 1085 3856 1189 3909; x_wconf 88' lang='lat' dir='ltr'>sancto</span> <span class='ocrx_word' id='word_1_325' title='bbox 1212 3853 1406 3924; x_wconf 87' lang='lat' dir='ltr'>exsequendo</span> <span class='ocrx_word' id='word_1_326' title='bbox 1424 3850 1557 3913; x_wconf 89' lang='lat' dir='ltr'>consilio,</span> 
     </span>
     <span class='ocr_line' id='line_1_38' title="bbox 389 3939 1555 4016; baseline -0.004 -14"><span class='ocrx_word' id='word_1_327' title='bbox 389 3952 509 4016; x_wconf 88' lang='lat' dir='ltr'>temque</span> <span class='ocrx_word' id='word_1_328' title='bbox 523 3943 694 4000; x_wconf 89' lang='lat' dir='ltr'>necessario</span> <span class='ocrx_word' id='word_1_329' title='bbox 710 3941 789 4001; x_wconf 92' lang='lat' dir='ltr'>haud</span> <span class='ocrx_word' id='word_1_330' title='bbox 805 3941 950 3999; x_wconf 85' lang='lat' dir='ltr'>inutiliter</span> <span class='ocrx_word' id='word_1_331' title='bbox 962 3939 1193 4012; x_wconf 88' lang='lat' dir='ltr'>adhibebuntur,</span> <span class='ocrx_word' id='word_1_332' title='bbox 1209 3943 1396 4016; x_wconf 88' lang='lat' dir='ltr'>slepiscopis</span> <span class='ocrx_word' id='word_1_333' title='bbox 1408 3943 1449 4001; x_wconf 92' lang='lat' dir='ltr'>ita</span> <span class='ocrx_word' id='word_1_334' title='bbox 1462 3943 1555 4000; x_wconf 88' lang='lat' dir='ltr'>risum</span> 
     </span>
     <span class='ocr_line' id='line_1_39' title="bbox 388 4023 1557 4108; baseline -0.007 -14"><span class='ocrx_word' id='word_1_335' title='bbox 388 4035 520 4105; x_wconf 70' lang='lat' dir='ltr'>iberita</span> <span class='ocrx_word' id='word_1_336' title='bbox 538 4032 826 4108; x_wconf 87' lang='lat' dir='ltr'>congregationibus</span> <span class='ocrx_word' id='word_1_337' title='bbox 841 4031 993 4104; x_wconf 89' lang='lat' dir='ltr'>religiosis</span> <span class='ocrx_word' id='word_1_338' title='bbox 1017 4030 1148 4102; x_wconf 90' lang='lat' dir='ltr'>sodales,</span> <span class='ocrx_word' id='word_1_339' title='bbox 1167 4023 1230 4091; x_wconf 85' lang='lat' dir='ltr'>sive</span> <span class='ocrx_word' id='word_1_340' title='bbox 1244 4033 1310 4103; x_wconf 87' lang='lat' dir='ltr'>viri,</span> <span class='ocrx_word' id='word_1_341' title='bbox 1328 4035 1391 4092; x_wconf 90' lang='lat' dir='ltr'>sire</span> <span class='ocrx_word' id='word_1_342' title='bbox 1410 4033 1557 4096; x_wconf 87' lang='lat' dir='ltr'>mulieres,</span> 
     </span>
     <span class='ocr_line' id='line_1_40' title="bbox 389 4121 1555 4198; baseline -0.01 -13"><span class='ocrx_word' id='word_1_343' title='bbox 389 4132 590 4198; x_wconf 86' lang='lat' dir='ltr'>sumptusque</span> <span class='ocrx_word' id='word_1_344' title='bbox 604 4130 687 4182; x_wconf 87' lang='lat' dir='ltr'>tanto</span> <span class='ocrx_word' id='word_1_345' title='bbox 697 4123 779 4196; x_wconf 93' lang='lat' dir='ltr'>operi</span> <span class='ocrx_word' id='word_1_346' title='bbox 795 4121 972 4198; x_wconf 86' lang='lat' dir='ltr'>necessarii,</span> <span class='ocrx_word' id='word_1_347' title='bbox 986 4127 1018 4180; x_wconf 91' lang='lat' dir='ltr'>ut</span> <span class='ocrx_word' id='word_1_348' title='bbox 1032 4137 1067 4180; x_wconf 91' lang='lat' dir='ltr'>eo</span> <span class='ocrx_word' id='word_1_349' title='bbox 1086 4123 1229 4181; x_wconf 89' lang='lat' dir='ltr'>libentius</span> <span class='ocrx_word' id='word_1_350' title='bbox 1248 4128 1337 4196; x_wconf 90' lang='lat' dir='ltr'>atque</span> <span class='ocrx_word' id='word_1_351' title='bbox 1358 4121 1555 4182; x_wconf 86' lang='lat' dir='ltr'>abundantius</span> 
     </span>
     <span class='ocr_line' id='line_1_41' title="bbox 388 4215 1556 4293; baseline -0.009 -15"><span class='ocrx_word' id='word_1_352' title='bbox 388 4217 651 4293; x_wconf 85' lang='lat' dir='ltr'>suppeditentura</span> <span class='ocrx_word' id='word_1_353' title='bbox 672 4215 824 4288; x_wconf 88' lang='lat' dir='ltr'>fidelihus,</span> <span class='ocrx_word' id='word_1_354' title='bbox 847 4222 1016 4288; x_wconf 89' lang='lat' dir='ltr'>opportuna</span> <span class='ocrx_word' id='word_1_355' title='bbox 1035 4215 1135 4274; x_wconf 87' lang='lat' dir='ltr'>oblata</span> <span class='ocrx_word' id='word_1_356' title='bbox 1153 4215 1321 4286; x_wconf 89' lang='lat' dir='ltr'>occasione,</span> <span class='ocrx_word' id='word_1_357' title='bbox 1343 4215 1407 4274; x_wconf 85' lang='lat' dir='ltr'>sire</span> <span class='ocrx_word' id='word_1_358' title='bbox 1426 4220 1556 4287; x_wconf 90' lang='lat' dir='ltr'>pastora-</span> 
     </span>
     <span class='ocr_line' id='line_1_42' title="bbox 388 4303 1555 4377; baseline -0.01 -11"><span class='ocrx_word' id='word_1_359' title='bbox 388 4309 469 4366; x_wconf 91' lang='lat' dir='ltr'>libus</span> <span class='ocrx_word' id='word_1_360' title='bbox 485 4305 602 4377; x_wconf 90' lang='lat' dir='ltr'>litteris,</span> <span class='ocrx_word' id='word_1_361' title='bbox 622 4305 686 4364; x_wconf 91' lang='lat' dir='ltr'>sive</span> <span class='ocrx_word' id='word_1_362' title='bbox 702 4304 910 4368; x_wconf 90' lang='lat' dir='ltr'>concionibus,</span> <span class='ocrx_word' id='word_1_363' title='bbox 927 4305 990 4362; x_wconf 85' lang='lat' dir='ltr'>sire</span> <span class='ocrx_word' id='word_1_364' title='bbox 1011 4303 1134 4376; x_wconf 88' lang='lat' dir='ltr'>privatis</span> <span class='ocrx_word' id='word_1_365' title='bbox 1148 4303 1318 4375; x_wconf 87' lang='lat' dir='ltr'>colloquiis,</span> <span class='ocrx_word' id='word_1_366' title='bbox 1341 4303 1420 4362; x_wconf 91' lang='lat' dir='ltr'>serio</span> <span class='ocrx_word' id='word_1_367' title='bbox 1440 4313 1555 4362; x_wconf 90' lang='lat' dir='ltr'>necesse</span> 
     </span>
     <span class='ocr_line' id='line_1_43' title="bbox 389 4387 1555 4472; baseline -0.009 -15"><span class='ocrx_word' id='word_1_368' title='bbox 389 4405 437 4458; x_wconf 90' lang='lat' dir='ltr'>est</span> <span class='ocrx_word' id='word_1_369' title='bbox 450 4403 483 4456; x_wconf 91' lang='lat' dir='ltr'>ut</span> <span class='ocrx_word' id='word_1_370' title='bbox 496 4397 554 4472; x_wconf 93' lang='lat' dir='ltr'>ipsi</span> <span class='ocrx_word' id='word_1_371' title='bbox 569 4397 801 4456; x_wconf 79' lang='lat' dir='ltr'>commonebant</span> <span class='ocrx_word' id='word_1_372' title='bbox 816 4409 881 4454; x_wconf 87' lang='lat' dir='ltr'>sese</span> <span class='ocrx_word' id='word_1_373' title='bbox 896 4393 995 4452; x_wconf 87' lang='lat' dir='ltr'>officio</span> <span class='ocrx_word' id='word_1_374' title='bbox 1010 4409 1067 4452; x_wconf 91' lang='lat' dir='ltr'>suo</span> <span class='ocrx_word' id='word_1_375' title='bbox 1082 4393 1211 4468; x_wconf 88' lang='lat' dir='ltr'>graviter</span> <span class='ocrx_word' id='word_1_376' title='bbox 1225 4393 1391 4464; x_wconf 88' lang='lat' dir='ltr'>defuturos,</span> <span class='ocrx_word' id='word_1_377' title='bbox 1405 4395 1465 4452; x_wconf 89' lang='lat' dir='ltr'>nisi</span> <span class='ocrx_word' id='word_1_378' title='bbox 1480 4387 1555 4452; x_wconf 89' lang='lat' dir='ltr'>omui</span> 
     </span>
     <span class='ocr_line' id='line_1_44' title="bbox 389 4483 1556 4562; baseline -0.008 -15"><span class='ocrx_word' id='word_1_379' title='bbox 389 4503 450 4561; x_wconf 92' lang='lat' dir='ltr'>qua</span> <span class='ocrx_word' id='word_1_380' title='bbox 469 4496 600 4562; x_wconf 89' lang='lat' dir='ltr'>possunt</span> <span class='ocrx_word' id='word_1_381' title='bbox 617 4502 690 4546; x_wconf 90' lang='lat' dir='ltr'>cura</span> <span class='ocrx_word' id='word_1_382' title='bbox 703 4487 900 4560; x_wconf 89' lang='lat' dir='ltr'>impensaque</span> <span class='ocrx_word' id='word_1_383' title='bbox 919 4483 1031 4542; x_wconf 88' lang='lat' dir='ltr'>scholis</span> <span class='ocrx_word' id='word_1_384' title='bbox 1053 4483 1207 4544; x_wconf 89' lang='lat' dir='ltr'>catholicis</span> <span class='ocrx_word' id='word_1_385' title='bbox 1232 4483 1425 4558; x_wconf 81' lang='lat' dir='ltr'>providerint.</span> <span class='ocrx_word' id='word_1_386' title='bbox 1443 4487 1484 4542; x_wconf 86' lang='lat' dir='ltr'>De</span> <span class='ocrx_word' id='word_1_387' title='bbox 1502 4492 1556 4555; x_wconf 87' lang='lat' dir='ltr'>qno</span> 
     </span>
     <span class='ocr_line' id='line_1_45' title="bbox 391 4571 1555 4651; baseline -0.008 -15"><span class='ocrx_word' id='word_1_388' title='bbox 391 4579 582 4651; x_wconf 89' lang='lat' dir='ltr'>potissimum</span> <span class='ocrx_word' id='word_1_389' title='bbox 597 4576 739 4636; x_wconf 90' lang='lat' dir='ltr'>monendi</span> <span class='ocrx_word' id='word_1_390' title='bbox 753 4582 841 4634; x_wconf 89' lang='lat' dir='ltr'>erunt</span> <span class='ocrx_word' id='word_1_391' title='bbox 856 4579 1004 4649; x_wconf 86' lang='lat' dir='ltr'>quotquot</span> <span class='ocrx_word' id='word_1_392' title='bbox 1018 4575 1095 4632; x_wconf 87' lang='lat' dir='ltr'>inter</span> <span class='ocrx_word' id='word_1_393' title='bbox 1108 4575 1270 4633; x_wconf 88' lang='lat' dir='ltr'>catholicos</span> <span class='ocrx_word' id='word_1_394' title='bbox 1287 4574 1405 4634; x_wconf 76' lang='lat' dir='ltr'>caeteris</span> <span class='ocrx_word' id='word_1_395' title='bbox 1420 4571 1555 4647; x_wconf 72' lang='lat' dir='ltr'>prostant</span> 
     </span>
     <span class='ocr_line' id='line_1_46' title="bbox 390 4665 1554 4743; baseline -0.003 -13"><span class='ocrx_word' id='word_1_396' title='bbox 390 4673 502 4731; x_wconf 84' lang='lat' dir='ltr'>divitiis</span> <span class='ocrx_word' id='word_1_397' title='bbox 517 4688 551 4730; x_wconf 89' lang='lat' dir='ltr'>ac</span> <span class='ocrx_word' id='word_1_398' title='bbox 567 4671 742 4730; x_wconf 86' lang='lat' dir='ltr'>auctoritate</span> <span class='ocrx_word' id='word_1_399' title='bbox 756 4669 836 4743; x_wconf 91' lang='lat' dir='ltr'>apud</span> <span class='ocrx_word' id='word_1_400' title='bbox 851 4669 995 4742; x_wconf 91' lang='lat' dir='ltr'>populum</span> <span class='ocrx_word' id='word_1_401' title='bbox 1016 4669 1130 4742; x_wconf 91' lang='lat' dir='ltr'>quique</span> <span class='ocrx_word' id='word_1_402' title='bbox 1149 4667 1281 4736; x_wconf 87' lang='lat' dir='ltr'>comitiis</span> <span class='ocrx_word' id='word_1_403' title='bbox 1297 4669 1428 4728; x_wconf 88' lang='lat' dir='ltr'>ferendis</span> <span class='ocrx_word' id='word_1_404' title='bbox 1444 4665 1554 4742; x_wconf 68' lang='lat' dir='ltr'>legibus</span> 
     </span>
    </p>
   </div>
   <div class='ocr_carea' id='block_1_5' title="bbox 391 4765 631 4841">
    <p class='ocr_par' dir='ltr' id='par_1_7' title="bbox 391 4765 631 4841">
     <span class='ocr_line' id='line_1_47' title="bbox 391 4765 631 4841; baseline -0.046 -8"><span class='ocrx_word' id='word_1_405' title='bbox 391 4776 464 4834; x_wconf 91' lang='lat' dir='ltr'>sunt</span> <span class='ocrx_word' id='word_1_406' title='bbox 477 4765 631 4841; x_wconf 87' lang='lat' dir='ltr'>adscripti.</span> 
     </span>
    </p>
   </div>
   <div class='ocr_carea' id='block_1_6' title="bbox 0 0 1704 5572">
    <p class='ocr_par' dir='ltr' id='par_1_8' title="bbox 0 0 1704 5572">
     <span class='ocr_line' id='line_1_48' title="bbox 0 0 1704 5572; baseline 0 0"><span class='ocrx_word' id='word_1_407' title='bbox 0 0 1704 5572; x_wconf 95' lang='lat' dir='ltr'> </span> 
     </span>
    </p>
   </div>
  </div>
 </body>
</html>
