3418 5566
541 623 628 670 uena
649 625 776 679 orrnrus
796 589 1018 672 nncnnranuu.
1306 609 1366 674 313
1452 643 1455 654 v

195 745 285 829 juria
311 743 391 808 ssdei
415 744 557 825 ejusque
581 741 730 824 periculo
754 741 931 827 loquitur:
959 744 995 808 in
1009 745 1073 810 hoc
1088 763 1169 810 casu
1184 747 1365 830 disputatio

196 849 280 956 nihil
294 854 346 916 est
356 849 446 914 aliud
462 867 565 932 quam
585 853 726 914 externa
741 853 776 914 et
787 848 964 916 laudabilis
981 852 1146 934 professio
1165 853 1254 918 fidei.

675 1091 810 1154 SECTIO
830 1093 881 1155 lll.
964 1145 967 1149 .

569 1255 617 1307 Dc
634 1255 732 1308 libris
746 1256 991 1310 hereticorum.

236 1415 330 1480 Nori.
347 1415 464 1481 llodus
475 1415 748 1480 communicandi
762 1432 841 1478 cum
854 1417 1022 1481 haereticis
1044 1419 1191 1484 maxime
1206 1419 1368 1502 periculo-

200 1543 269 1601 sus,
284 1524 363 1589 licet
373 1543 457 1608 pure
472 1523 641 1600 mentalis,
655 1523 811 1588 consistit
824 1526 860 1589 in
874 1524 1020 1590 lectione
1043 1544 1163 1592 eorum
1184 1527 1365 1594 librorum:

200 1651 305 1717 quare
319 1632 360 1698 de
375 1633 440 1698 hoc
453 1632 555 1696 modo
568 1630 808 1714 specialissime
823 1632 994 1716 agendum
1012 1638 1075 1697 est.

428 1854 480 1927 §1-
495 1853 661 1913 mohiditio
676 1853 792 1928 lependi
806 1853 898 1914 libror
915 1854 1135 1914 hereticorum.

238 2043 271 2125 a)
287 2041 352 2108 Oui
360 2049 675 2128 competotpotestas
679 2043 880 2128 prohibendi
886 2044 984 2108 libros
993 2044 1253 2109 hereticorum?
1267 2049 1299 2109 l⁰
1309 2045 1326 2109 l
1329 2063 1368 2109 us

198 2151 397 2234 prohibendi
409 2151 514 2217 libros
528 2152 766 2217 haereticorum
779 2153 942 2237 competit
953 2153 1130 2218 Ecclesiae:
1151 2159 1284 2219 constat
1308 2155 1369 2218 im-

198 2259 315 2342 primis
330 2279 372 2324 ex
386 2266 550 2344 perpetuo
570 2279 633 2323 usu
648 2259 738 2324 illius
753 2262 930 2344 potestatis
944 2282 951 2324 :
965 2266 1118 2344 tempore
1134 2261 1367 2345 apostolorum

198 2369 297 2434 multi
310 2367 385 2431 libri
394 2368 561 2432 combusti
568 2373 648 2432 sunt
656 2385 772 2432 coram
783 2369 952 2444 omnihus,
963 2373 1000 2432 ut
1011 2375 1105 2452 patet
1121 2370 1243 2434 exact.
1258 2375 1365 2452 apost.

199 2495 227 2540 c.
251 2495 318 2552 x1x;
338 2493 381 2538 ex
402 2474 537 2540 decreto
560 2475 691 2540 concilii
714 2474 838 2540 Nicaeni
858 2475 934 2538 libri
956 2476 1024 2539 Arii
1046 2477 1211 2558 inignem
1225 2478 1368 2559 projecti

200 2589 297 2660 sunt;
314 2585 494 2648 innumera
515 2589 595 2648 sunt
609 2584 675 2649 alia
694 2584 860 2669 exempla,
884 2585 988 2650 etiam
1008 2591 1086 2651 ante
1114 2586 1369 2667 evulgationem

198 2694 319 2758 indicis
329 2712 419 2759 anno
434 2693 617 2757 strafort.
632 2692 824 2759 iustissima
838 2699 890 2757 est
902 2695 974 2758 haec
988 2693 1141 2771 facultas,
1162 2712 1241 2758 oum
1256 2711 1370 2758 noces·
1478 2712 1480 2724 ·

154 2791 160 2800 ’
199 2802 287 2879 sario
307 2804 528 2865 connectatur
546 2803 625 2864 'cum
639 2803 806 2884 potestate
823 2800 966 2864 docendi
981 2818 1035 2872 res
1050 2801 1149 2865 fidei:
1180 2800 1252 2865 haec
1279 2800 1370 2864 enim

197 2913 348 2994 potestas
376 2908 487 2972 inanis
510 2907 608 2984 foret,
633 2908 749 2972 sinon
774 2906 964 2972 includeret
979 2910 1036 2990 jus
1061 2908 1244 2986 damnandi
1265 2907 1369 2971 libros

198 3034 333 3100 pravos.
351 3015 512 3079 Summus
537 3013 691 3080 Pontifex
711 3014 799 3079 hanc
824 3019 1029 3098 potestatem
1054 3019 1191 3079 exercet
1213 3033 1274 3098 pro
1300 3015 1371 3078 uni-

199 3143 297 3189 verso
312 3124 392 3188 orbe
408 3128 442 3187 et
456 3125 528 3188 sine
543 3123 611 3188 ulla
621 3121 834 3199 limitatione,
851 3124 1029 3206 episcopus
1039 3129 1154 3188 autern
1167 3124 1204 3186 in
1214 3141 1275 3187 sua
1291 3122 1372 3185 dioe-

199 3233 424 3308 oesitantum,
440 3237 565 3296 etcum
585 3231 698 3313 aliqua
708 3230 922 3306 limitatione,
942 3249 1020 3294 oum
1044 3250 1098 3296 res
1125 3229 1206 3295 fidei
1228 3231 1369 3295 delinire

199 3337 1372 3422 nonvaleatzundc,quandohicdamnatlibrospropterquasdampro-

201 3448 387 3533 positiones
398 3448 434 3512 in
449 3447 497 3510 eis
505 3451 681 3510 contentas
697 3445 849 3509 nondum
860 3445 901 3509 ab
912 3443 1059 3510 Ecclesia
1073 3445 1260 3520 damnatas,
1273 3443 1373 3509 dehet

201 3556 277 3621 illos
297 3555 402 3620 libros
412 3555 555 3620 Romam
567 3554 713 3627 mittere,
731 3556 769 3616 ut
783 3551 944 3616 Summus
965 3551 1121 3618 Pontifex
1135 3552 1301 3635 judicium
1317 3551 1373 3616 do-

202 3666 385 3731 cretorium
398 3664 526 3728 reddat.

241 3775 274 3838 2⁰
288 3773 365 3838 Haec
376 3776 527 3856 potestas
539 3770 739 3854 prohibendi
754 3770 858 3834 libros
869 3771 1078 3834 obhaeresim
1088 3768 1134 3835 ita
1148 3771 1283 3854 proprie
1295 3787 1373 3835 con-

202 3883 297 3948 venit
311 3881 477 3956 Ecclesiae,
494 3885 533 3944 ut
546 3899 587 3946 ea
600 3879 740 3944 minime
756 3878 962 3943 concedatur
976 3879 1117 3962 principi
1129 3878 1292 3954 soeculari,
1307 3879 1372 3942 nisi

204 3995 325 4072 agatur
344 3989 385 4054 de
400 3989 494 4054 libris
509 3991 566 4073 qui
585 3989 828 4071 impugnarent
847 3987 1002 4052 ordinem
1018 3991 1051 4051 et
1076 3989 1180 4050 finem
1203 3987 1373 4052 societatis

158 4165 163 4178 ,
203 4098 329 4163 civilis:
345 4116 423 4162 cum
435 4097 601 4180 judicium
621 4096 709 4161 circa
726 4095 830 4160 libros
851 4095 1079 4177 prohibendos
1099 4097 1142 4160 oh
1157 4096 1315 4159 heresim
1330 4095 1374 4157 sit

203 4208 239 4270 in
260 4206 401 4270 materia
413 4205 504 4282 fidoi,
522 4224 592 4270 non
607 4209 659 4269 est
673 4203 715 4267 de
731 4203 959 4285 competentia
970 4202 1034 4265 fori
1046 4200 1226 4266 saecularis.
1248 4201 1373 4265 Tamen
1414 4235 1417 4242 Δ

202 4313 360 4396 princeps
386 4312 543 4396 politicus
578 4315 695 4394 posset
728 4309 906 4392 prohibere
932 4307 1036 4373 libros
1062 4311 1134 4392 jam
1158 4309 1200 4372 ab
1228 4301 1374 4372 Ecclesia

205 4421 382 4485 damnatos
401 4439 408 4483 :
435 4425 469 4483 et
484 4420 548 4484 hoc
561 4417 774 4484 laudabiliter
793 4419 948 4482 fecerunt
963 4416 1063 4480 'multi
1083 4417 1251 4500 principes
1270 4416 1373 4479 chris-

203 4528 297 4593 tioni.

245 4637 275 4719 b)
291 4635 380 4718 Quot
394 4637 461 4700 sint
476 4654 601 4719 penora
618 4634 782 4698 illenim?
800 4637 831 4698 1⁰
845 4634 934 4697 libri
947 4630 1100 4697 nonnulli
1119 4631 1324 4696 damnantur
1338 4631 1372 4694 in

204 4745 319 4809 odium
327 4748 482 4822 auctoris,
498 4763 558 4808 seu
567 4749 705 4829 propter
714 4743 824 4809 solum
839 4748 1024 4817 auctorem,
1040 4747 1073 4804 et
1085 4745 1166 4804 sunt
1176 4740 1373 4824 scriptahae-
