3500 5552
525 665 612 710 risen
634 663 763 718 orturus
785 661 1006 710 oncasrsuuu.
1297 637 1356 699 515
1407 659 1410 668 ·

183 793 339 855 mentum
355 785 568 862 canonicum,
585 801 653 868 quo
668 783 743 866 quis
759 781 884 846 directe
905 780 1058 845 redditur
1070 777 1228 843 inhabilis
1243 779 1286 844 ad
1305 794 1357 840 or·
1388 829 1391 834 .
1415 846 1418 854 ,

183 897 280 961 dines
295 900 330 959 et
343 893 505 958 beneficia
513 891 602 956 licite
618 888 833 973 suscipienda
848 894 882 953 et
897 906 1016 954 eorum
1027 887 1218 951 functiones
1232 886 1358 951 obeun-

183 1006 280 1070 das.»
295 1005 431 1076 Verum,
454 1019 529 1085 quae
550 999 688 1064 brevius
707 1004 809 1063 antea
827 999 1021 1062 notavimus
1043 995 1130 1060 circa
1147 1000 1304 1059 naturam
1326 999 1361 1059 et

183 1113 387 1178 divisionem
408 1107 675 1190 irregularitatis,
695 1106 749 1170 lric
769 1105 871 1190 paulo
890 1105 1028 1168 uberius
1051 1109 1131 1167 sunt
1146 1101 1357 1180 declaranda,

183 1220 226 1286 ad
241 1218 486 1284 distinctiorem
500 1219 704 1298 conceptum
722 1211 980 1294 irregularitatis
996 1229 1037 1275 ex
1052 1210 1184 1275 delicto.

224 1329 253 1410 b)
264 1327 381 1411 ltaque
397 1326 428 1389 l·
443 1321 674 1405 irregularitas
689 1326 822 1386 nonest
834 1321 968 1404 proprie
983 1338 1096 1404 poena,
1114 1319 1186 1384 sive
1201 1318 1358 1402 positiva,

184 1439 255 1502 sive
270 1435 448 1519 privativa,
467 1431 588 1496 saltem
600 1431 687 1514 juris
702 1429 801 1513 plene
822 1429 972 1513 quesiti;
996 1427 1054 1492 sed
1075 1433 1127 1492 est
1141 1428 1254 1510 potius
1269 1425 1361 1492 inha-

184 1544 295 1608 bilitas
315 1543 358 1606 ob
372 1542 539 1605 honorem
564 1543 672 1602 status
687 1537 849 1602 clericalis
864 1536 1067 1614 introducta,
1089 1536 1250 1619 quianon
1266 1535 1363 1600 decet

184 1653 316 1735 aliquos
341 1649 555 1742 defectuosus
580 1651 614 1709 et
632 1645 832 1729 criminosos
851 1644 893 1709 ad
909 1644 1045 1708 ordines
1063 1643 1117 1707 vel
1134 1661 1253 1707 eornm
1268 1661 1363 1706 exer-

185 1759 303 1822 citium
322 1756 465 1820 admitti.
484 1754 574 1818 Licet
593 1751 775 1836 aliquando
796 1751 991 1834 imponatur
1013 1769 1074 1834 per
1093 1752 1234 1817 modum
1252 1769 1362 1834 purum

184 1868 219 1930 iu
245 1863 509 1930 vindicationem
537 1860 659 1936 delicti,
694 1866 809 1924 tamen
835 1877 905 1923 non
933 1865 1002 1923 tam
1027 1861 1062 1923 in
1087 1878 1226 1942 poenam
1250 1858 1363 1923 delicti

186 1973 382 2057 imponitur,
400 1989 503 2054 quam
523 1969 565 2035 ob
580 1970 749 2035 honorem
764 1973 872 2033 status
898 1967 1124 2032 ecclesiastici.
1140 1966 1216 2032 llaec
1235 1966 1364 2031 inhabi-

185 2082 262 2147 litas
291 2080 364 2146 solo
390 2081 467 2161 ,jure
490 2078 654 2143 canonico
684 2078 747 2141 fuit
770 2078 973 2153 introducta,
999 2095 1037 2142 ac
1059 2076 1202 2159 proinde
1224 2077 1362 2150 femina,

187 2209 262 2275 quae
281 2192 358 2272 jure
377 2187 493 2253 divino
517 2192 715 2252 removetur
736 2187 779 2252 ab
800 2186 974 2252 ordinibus
995 2185 1229 2270 suscipiendis,
1251 2187 1364 2269 potius

185 2300 328 2380 incapax
352 2314 455 2381 quam
480 2294 676 2376 irregularis
706 2295 836 2370 dicitur,
865 2313 944 2358 cum
973 2293 1205 2376 irregularitas
1229 2295 1364 2377 proprie

187 2407 312 2472 alliciat
335 2404 526 2487 subjectum
556 2404 597 2469 de
624 2423 660 2468 se
687 2421 794 2486 capax
821 2404 1054 2468 ordinationis
1085 2402 1128 2466 tt
1156 2421 1225 2468 non
1253 2401 1365 2467 solum

187 2515 318 2580 ratione
338 2511 480 2594 originis
498 2509 728 2592 irregularitas
749 2511 871 2575 dicitur
886 2511 1169 2595 impedimentum
1192 2536 1207 2569 «
1229 2511 1366 2575 canoni-

188 2639 305 2698 cum»,
328 2620 511 2718 sedetiam
532 2619 566 2682 in
587 2619 652 2684 hoo
672 2638 775 2684 sensu
796 2620 886 2704 quod
906 2639 975 2684 non
991 2621 1032 2684 ab
1055 2620 1194 2684 homine
1219 2638 1278 2684 seu
1303 2639 1366 2704 per

184 2729 308 2812 judicis
332 2728 548 2803 sententiam,
566 2728 625 2792 sed
646 2729 755 2811 ajuro
770 2730 943 2793 communi
957 2729 1141 2811 indigitur;
1163 2729 1256 2794 nulla
1273 2731 1365 2794 enim

188 2837 253 2902 alin
265 2835 506 2917 irregularitas,
524 2852 625 2918 quam
639 2853 714 2918 quae
726 2837 804 2918 jure
820 2836 992 2900 communi
1008 2835 1177 2918 reperitur
1192 2855 1363 2919 expressa.

226 2945 259 3010 2⁰
284 2941 517 3024 lrregularitas
545 2941 670 3007 directe
695 2948 729 3007 et
752 2962 813 3026 per
835 2963 871 3008 se
892 2942 1035 3028 impedit
1054 2943 1180 3008 licitam
1206 2946 1365 3010 ordinum

189 3052 440 3135 susceptionem
463 3054 497 3114 et
515 3067 628 3126 usum,
650 3055 684 3114 et
705 3051 752 3114 sic
770 3050 884 3115 dillert
902 3051 1101 3128 aoensuris,
1119 3071 1194 3136 quae
1209 3071 1270 3135 per
1284 3056 1366 3118 acci-

190 3161 273 3226 dens
291 3165 326 3224 et
347 3162 489 3224 eatenus
508 3157 700 3240 impediunt
714 3157 974 3234 ordinationem,
992 3164 1160 3242 quatenus
1174 3161 1366 3242 subjectum

189 3269 323 3351 privant
344 3265 480 3349 passivo
505 3282 568 3327 usu
592 3269 894 3328 sacramentorum.
920 3263 1010 3328 Finis
1031 3266 1123 3329 enim
1141 3284 1294 3332 censura,
1315 3274 1368 3335 est

190 3373 383 3440 emendatio
393 3371 634 3455 delinquentis,
646 3375 681 3435 et
694 3370 728 3436 id
741 3389 880 3455 prorsus
896 3372 1097 3437 adversatur
1109 3374 1367 3456 irregularitatis

190 3487 332 3548 naturae.

231 3591 348 3675 ltaque
373 3591 548 3673 speciatim
571 3589 685 3655 differt
708 3591 741 3654 1ο
762 3590 805 3655 ab
824 3594 1178 3672 excommunicatione,
1202 3597 1281 3680 quia
1296 3598 1369 3681 ipsa

193 3698 318 3762 directe
332 3697 474 3780 impedit
489 3699 741 3781 susceptionem
756 3699 894 3776 ordinis,
917 3705 1085 3784 quatenus
1108 3703 1183 3767 talis
1199 3711 1266 3783 est;
1287 3707 1368 3771 dum

100 3835 106 3844 ·
194 3805 499 3872 excommunicatio
514 3803 603 3868 illius
619 3807 870 3889 susceptionem
886 3812 1019 3873 tantum
1034 3810 1185 3893 impedit,
1199 3821 1368 3898 quatenus

194 3918 246 3980 est
268 3911 425 3997 quaedam
446 3912 708 3978 communicatio
732 3932 811 3979 cum
826 3915 994 3981 fidelibus.
1018 3918 1137 3983 liili'ert
1150 3921 1182 3984 2⁰
1196 3939 1217 3986 a
1230 3942 1367 4008 snspen-

193 4024 295 4100 sione,
313 4022 392 4105 quia
406 4021 586 4104 suspensio
600 4023 712 4104 privat
731 4041 795 4088 usu
818 4023 947 4089 ordinis
967 4030 1111 4104 tantum,
1136 4034 1171 4093 et
1190 4029 1267 4096 ideo
1289 4035 1370 4099 solis

193 4129 323 4194 clericis
335 4135 480 4212 aptatur,
494 4129 575 4194 dum
589 4130 821 4212 irregularitas
834 4137 904 4196 tam
916 4132 1045 4199 clericis
1061 4155 1163 4219 quem
1174 4138 1267 4205 laicis
1282 4161 1372 4208 com·
1399 4110 1403 4118 ⁴

193 4238 307 4302 munis
331 4243 392 4303 est.
418 4238 537 4303 Differt
552 4240 583 4303 3⁰
607 4240 649 4304 ab
671 4241 857 4317 interdicto,
877 4244 958 4326 quia
978 4249 1052 4308 esto
1077 4246 1295 4314 interdictum
1316 4252 1373 4317 ali-

194 4345 331 4429 quando
351 4345 515 4429 impediat
539 4347 667 4412 ordinis
687 4349 949 4431 susceptionem,
971 4370 1041 4417 non
1062 4357 1176 4418 tamen
1201 4363 1370 4440 quatenus

194 4453 278 4518 ordo
295 4459 359 4531 est,
381 4454 616 4538 sedquatenus
633 4462 886 4522 sacramentum
906 4462 940 4522 et
961 4459 1115 4525 divinum
1129 4464 1368 4532 ministerium.

193 4559 344 4627 'landem
360 4561 392 4623 l·
407 4560 521 4626 differt
535 4581 556 4628 a
570 4562 774 4648 depositione
788 4547 822 4628 et
835 4565 1091 4650 depredatione,
1109 4574 1182 4633 tum
1198 4573 1277 4657 quia
1291 4582 1372 4640 sunt

194 4669 237 4732 ab
259 4667 411 4746 homine,
435 4671 516 4735 dum
539 4671 769 4754 irregularitas
791 4679 844 4738 est
866 4677 994 4757 ajure,
1015 4680 1088 4739 tum
1104 4679 1183 4764 quia
1203 4679 1269 4746 illae
1292 4691 1372 4750 sunt

196 4793 332 4859 semper
344 4796 467 4860 poenae,
484 4785 519 4844 et
533 4780 764 4862 irregularitas
778 4783 813 4846 in
828 4800 864 4846 se
879 4801 950 4847 non
965 4787 1017 4846 est
1030 4803 1143 4865 poena.
