3412 5570
504 527 591 580 clean
615 533 744 588 ournrus
765 516 986 580 adunaremus.
1021 477 1026 492 Ι
1279 517 1339 582 399

162 655 201 714 ut
214 654 331 734 raptus
345 652 531 715 constituat
539 650 669 714 crimen
685 650 826 714 diversae
842 645 966 731 speciei
990 664 1011 712 a
1034 647 1177 730 simplici
1198 648 1341 715 fornica-

161 757 265 835 tione,
281 758 457 823 sufficiunt
470 758 544 822 islae
561 757 785 824 conditiones.

99 855 100 859 ¹
202 867 267 933 Sed
281 867 317 930 in
333 869 408 932 foro
423 872 565 932 externo
580 867 765 950 requiritur
781 867 814 930 3ο
834 865 1014 932 diversitas
1037 865 1114 942 loci,
1138 884 1199 931 seu
1213 871 1252 930 ut
1267 883 1341 948 per-

164 992 249 1040 sona
266 979 363 1058 rapta
384 974 582 1040 traducatur
606 975 647 1039 de
668 975 743 1040 loco
766 976 804 1038 in
819 974 945 1066 locum*
957 973 1132 1039 moraliter
1149 973 1340 1048 diversum;

162 1101 243 1146 nam
261 1081 290 1146 si
303 1083 476 1148 violenter
489 1084 678 1149 abducatur
693 1083 806 1149 solum
822 1082 863 1148 de
878 1082 1034 1148 cubiculo
1050 1100 1113 1148 suo
1127 1081 1163 1146 in
1176 1080 1279 1158 aliud,
1295 1081 1343 1144 ita

163 1190 346 1268 abducens,
366 1210 438 1256 nou
452 1197 581 1276 raptus,
608 1191 668 1258 sed
688 1192 797 1276 stupri
814 1190 967 1268 violenti,
981 1208 1101 1275 paenas
1118 1190 1269 1255 incurrit.
1293 1189 1343 1252 Ita

162 1315 249 1362 com.
263 1299 327 1360 bb.
341 1297 491 1364 Tandem
500 1299 533 1362 l·
545 1297 667 1364 dicitur
682 1323 697 1358 «
710 1316 866 1383 persone
877 1299 1031 1364 honestae
1048 1323 1078 1375 a,
1094 1295 1342 1383 quiameretrix

163 1425 234 1472 non
246 1408 465 1491 praesumitur
478 1407 550 1472 vim
560 1409 643 1492 pati,
654 1407 722 1472 nisi
735 1409 908 1490 probetur.
920 1408 1038 1472 Differt
1047 1427 1068 1472 a
1078 1413 1195 1490 stupro
1207 1391 1342 1491 proprie

164 1515 263 1592 dicto,
273 1516 353 1599 quia
362 1516 405 1580 ad
415 1517 583 1608 rationem
591 1515 802 1600 raptusnihil
811 1517 943 1581 confert
958 1520 1066 1581 status
1078 1515 1213 1579 feminae
1225 1519 1340 1597 rapte,

165 1621 350 1689 dummodo
358 1623 431 1689 haec
441 1643 512 1690 non
525 1625 569 1689 sit
579 1625 744 1689 meretrix
753 1625 897 1690 notoria.
909 1624 1038 1689 Deinde
1051 1626 1179 1706 raptus,
1190 1628 1228 1686 ut
1242 1621 1343 1706 pluri-

164 1749 270 1808 mum,
286 1733 326 1796 flt
337 1750 379 1798 aa
390 1733 582 1799 intentione
604 1738 643 1796 ut
662 1733 738 1817 quis
755 1732 905 1816 puellam
919 1749 1065 1797 uxorem
1079 1731 1191 1796 diicat.

487 1917 518 1968 Π.
532 1918 624 1970 Poenae
637 1915 750 1969 statute
763 1915 862 1968 eontra
874 1914 1009 1978 raptores.

206 2061 239 2143 a)
253 2056 300 2126 De
313 2061 389 2144 jure
399 2059 489 2126 civili
503 2062 656 2146 antiquo,
670 2065 824 2144 raptores
835 2059 872 2126 in
887 2066 987 2144 raptu
1006 2059 1209 2143 deprehensi
1224 2050 1341 2144 eisque

167 2168 369 2234 auxiliantes
391 2171 434 2234 ab
451 2171 557 2254 ipsius
582 2175 687 2252 raptae
710 2169 864 2252 cognatis
887 2170 1028 2253 impune
1047 2168 1153 2233 occidi
1166 2173 1339 2253 poterant;

169 2281 248 2360 post
260 2283 395 2360 raptum
410 2278 611 2364 deprehensi
632 2279 841 2361 jubebantur
855 2277 976 2342 ultimo
1005 2275 1169 2360 supplicio
1190 2277 1288 2354 aissoi,
1308 2280 1343 2340 et

165 2404 285 2450 eorum
299 2387 389 2451 bona
407 2387 650 2453 addicebantur
663 2391 779 2471 rapte.
792 2385 830 2450 ln
843 2389 922 2470 jure
941 2385 1036 2462 Gall,
1052 2403 1124 2452 non
1137 2385 1259 2467 agitur,
1276 2383 1342 2448 nisi

165 2492 208 2558 de
228 2493 418 2576 raptoribus
431 2513 615 2576 puerorum
636 2499 710 2578 (art.
727 2495 787 2560 alt
811 2493 940 2560 Codicis
965 2494 1083 2577 prem),
1098 2492 1155 2558 vel
1169 2494 1341 2558 minorum

167 2603 240 2684 (art.
256 2603 326 2680 334,
339 2603 408 2684 337)
426 2624 433 2666 :
451 2604 572 2686 quovis
594 2603 725 2669 motivo
740 2607 777 2666 et
790 2603 859 2666 tine
875 2603 935 2667 flat
947 2601 1024 2666 talis
1042 2606 1169 2685 raptus,
1185 2600 1343 2684 plectitur

166 2711 277 2792 prunis
301 2709 500 2776 reclusionis
528 2709 584 2776 vel
610 2710 830 2776 damnatione
859 2710 902 2774 ad
929 2708 1086 2773 triremes
1116 2708 1160 2772 ad
1193 2712 1338 2791 tempus.

167 2818 285 2894 Quoad
292 2823 428 2902 raptum
436 2817 570 2901 proprie
586 2803 715 2883 dictum
726 2836 787 2882 seu
796 2817 945 2882 libidinis
956 2816 1132 2900 explendae
1147 2833 1260 2892 causa,
1272 2833 1342 2880 uon

167 2931 248 2990 sunt
269 2925 341 2990 aliae
356 2945 479 3009 poenae,
495 2932 618 3008 praeter
637 2926 795 3009 superius
815 2931 1031 3008 enumeratas
1054 2931 1173 2990 contra
1188 2923 1263 2988 illos
1284 2924 1341 3008 qui

169 3035 241 3100 vim
254 3035 407 3099 inferunt
418 3034 629 3100 mulieribus.

208 3145 237 3226 i)
257 3145 337 3209 lure
357 3144 522 3209 canonico
540 3143 662 3209 actuali
682 3161 743 3208 scu
763 3143 951 3209 novissimo
973 3141 1159 3208 Tridentini
1177 3142 1273 3224 (sess.
1289 3139 1340 3220 ul,

166 3271 195 3319 c.
216 3255 250 3331 6,
272 3254 314 3318 de
337 3255 438 3338 besl,
460 3260 626 3320 statutum
645 3259 712 3331 est,
733 3257 766 3318 1ο
784 3259 824 3318 ut
839 3255 930 3320 inter
948 3257 1120 3337 raptorem
1144 3257 1178 3316 et
1196 3256 1339 3336 raptam,

169 3361 319 3444 quandiu
339 3363 413 3427 haec
439 3363 474 3425 iu
497 3361 587 3426 illius
611 3367 779 3446 potestate
806 3362 983 3438 manserit,
1004 3360 1260 3425 matrimonium
1285 3377 1342 3423 ne-

170 3473 272 3554 queat
281 3470 358 3534 iniri
373 3470 495 3547 valide,
513 3469 635 3535 saltem
648 3471 784 3555 quando
799 3475 917 3554 raptus
929 3471 968 3534 sst
978 3468 1188 3534 matrimonii
1198 3467 1341 3532 ineundi

167 3594 280 3642 causa.
298 3577 363 3642 Sed
378 3578 494 3643 dehoc
508 3583 622 3643 actum
637 3585 689 3644 est
702 3575 738 3642 in
750 3580 807 3644 lib.
827 3579 878 3642 IV.

206 3687 239 3749 2⁰
256 3685 383 3752 Deinde
395 3707 437 3752 ex
452 3688 573 3762 eodem
586 3689 704 3754 concil.
720 3689 755 3772 (l.
770 3690 820 3772 a),
839 3694 955 3773 raptor
967 3689 1067 3755 etalii
1080 3688 1137 3773 qui
1148 3686 1340 3764 consilium,

168 3794 332 3860 auxilium
347 3801 382 3860 et
395 3798 548 3861 favorem
564 3797 675 3862 eidem
686 3799 850 3880 praebent,
867 3798 942 3881 ipso
954 3800 1032 3881 jure
1049 3803 1130 3861 sunt
1143 3815 1340 3864 excommu-

168 3905 270 3969 nicati
284 3908 318 3968 et
332 3904 487 3982 infames,
507 3923 546 3969 ae
567 3907 722 3970 omnium
745 3905 949 3988 dignitatum
972 3906 1166 3989 incapacem
1184 3907 1212 3970 si
1231 3905 1343 3970 clerici

166 4013 304 4090 fuerint,
322 4013 514 4098 deproprio
528 4014 637 4096 gradu
662 4033 724 4080 seu
747 4019 837 4079 slatu
861 4015 1006 4080 clericali
1020 4014 1246 4098 deponuntur.
1267 4013 1343 4077 llaec

169 4125 284 4185 tamen
310 4122 615 4187 excommunicatio
642 4139 713 4188 non
741 4127 794 4186 est
816 4127 991 4188 reservata
1020 4123 1052 4186 S.
1075 4121 1244 4196 Pontifici3
1272 4121 1342 4184 imo

166 4228 296 4293 nemini
315 4232 518 4294 reservatur.

207 4338 239 4400 3⁰
260 4335 410 4402 Tandem
424 4337 545 4402 eadem
556 4335 643 4404 Trid.
667 4357 741 4422 syn.
758 4338 890 4418 statuit,
921 4339 1011 4424 quod
1031 4344 1148 4422 raptor
1162 4337 1343 4402 mulierem

167 4451 302 4528 raptam
328 4446 500 4524 decenter,
530 4447 668 4512 arbitrio
688 4446 828 4531 judicis,
853 4448 971 4513 dotare
1001 4448 1140 4524 debeat,
1167 4444 1288 4510 saltem
1314 4445 1342 4508 si

168 4555 291 4620 mulier
303 4555 409 4620 invite
423 4554 525 4619 luerit
538 4555 693 4631 abducta,
705 4561 740 4620 et
751 4555 833 4620 alias
848 4557 892 4620 sit
906 4555 1072 4639 suijuris:
1087 4573 1168 4619 nam
1182 4554 1210 4618 si
1220 4553 1344 4619 mulier

86 4723 93 4735 .
169 4667 261 4730 esset
275 4665 338 4728 sub
356 4667 525 4747 potestate
540 4668 720 4747 parentum
736 4663 961 4740 valeriorum,
978 4663 1079 4728 ethis
1093 4662 1208 4726 invitis
1222 4662 1342 4728 volens
