3514 5564
566 556 650 604 crasa
671 554 805 612 suenrus
826 555 1043 604 sacraremus.
1332 530 1388 602 let

187 709 188 714 =
224 671 479 738 declaratoriam
491 674 656 751 oriminis;
673 692 748 758 quae
767 674 948 741 declaratio
964 693 1033 740 non
1048 679 1101 738 est
1115 671 1305 738 necessaria
1318 690 1390 738 res-

222 786 322 864 pectu
342 783 491 848 secunde
513 783 690 860 nubentis3
725 802 804 850 eum
834 784 984 850 secundo
1019 783 1148 848 nubere
1175 782 1310 848 nonsit
1334 781 1392 846 de-

221 888 338 955 lictum
352 892 402 973 (l).
421 890 482 974 (lta
492 893 551 974 jus
562 891 665 956 civile·
675 892 880 977 antiquum.)
1219 887 1222 896 '

651 1315 952 1392 tantillus

476 1517 514 1561 DE
535 1517 812 1563 nisenusarloutuus
832 1516 1118 1562 utrallloutatlsus

207 1866 212 1874 ’
258 1847 341 1912 Cum
354 1849 395 1914 dc
405 1849 468 1913 hac
479 1848 632 1925 materia,
645 1847 730 1912 scitu
738 1849 886 1914 maxime
897 1848 1098 1921 necessaria,
1110 1845 1224 1910 nullus
1236 1848 1389 1930 specialis

218 1957 339 2040 injure
355 1958 471 2024 titulus
487 1961 620 2036 existat,
637 1959 759 2022 merito
774 1957 867 2022 illam
882 1957 924 2021 ad
936 1957 1040 2019 tinem
1054 1956 1159 2038 huJus
1178 1954 1253 2019 lihri
1273 1957 1386 2038 rejeci.

217 2063 256 2127 Et
266 2067 420 2148 quamvis
430 2085 526 2132 more
542 2085 619 2132 meo
634 2066 801 2132 succincta
815 2063 1007 2149 procedam,
1025 2063 1117 2128 nolui
1134 2068 1250 2128 tamen
1260 2063 1389 2148 aliquid

218 2193 261 2238 ex
278 2177 477 2240 necessariis
494 2175 670 2265 omissum.
691 2173 826 2252 Fusam,
842 2173 1011 2256 variisque
1036 2171 1201 2254 exemplis
1221 2170 1388 2236 illustrem

174 2303 178 2308 ·
218 2283 452 2348 tractationem
466 2284 600 2367 scripsit
612 2281 760 2365 Pyrrhus
770 2279 935 2345 Corradus
943 2279 978 2342 in
991 2279 1087 2362 praxi
1096 2279 1388 2362 dispensationum

216 2389 475 2470 apostolicarum
488 2390 546 2454 lib.
563 2387 617 2453 vll
634 2392 669 2455 et
682 2387 762 2465 Vlll,
781 2406 843 2471 per
864 2392 937 2463 tet,
963 2386 1020 2450 ubi
1040 2386 1081 2450 de
1102 2384 1251 2468 dispens.
1274 2385 1388 2450 matri-

215 2497 388 2562 monialib.
406 2498 502 2563 docte
517 2497 706 2564 secundum
721 2495 848 2579 stylum
865 2493 970 2558 Guriae
993 2493 1250 2575 Romanaeagit.
1276 2491 1388 2557 Videri

216 2605 318 2670 etiam
332 2613 476 2689 possunt
490 2607 655 2684 moderni,
673 2625 752 2671 eum
767 2608 961 2689 sequentes,
973 2601 1177 2667 Reiff.hiein
1188 2600 1385 2686 appendice,

215 2710 389 2792 Sohmalz„
404 2715 454 2778 tit.
471 2715 512 2779 dc
525 2713 688 2790 Matrem,
706 2717 813 2787 contr.
829 2711 877 2792 §l
892 2715 1010 2794 etseq.
1027 2711 1080 2794 (d).

246 2883 280 2948 (l)
290 2883 331 2934 Αιι
343 2885 432 2936 vidue
446 2899 480 2937 ex
494 2885 619 2936 defuncto
633 2885 727 2936 marito
742 2883 859 2950 gravidas
873 2881 943 2934 licite
958 2883 1050 2932 ineant
1063 2882 1194 2934 secundas
1206 2883 1314 2948 nuptias
1324 2887 1386 2936 ante

214 2964 327 3024 partum,
342 2961 399 3012 tuse
413 2963 555 3023 examinat,
566 2965 691 3026 tenetque
706 2961 855 3026 negativam
864 2959 893 3010 in
905 2959 959 3010 suis
971 2959 1204 3023 disquisitionibus
1226 2960 1289 3010 etin
1303 2960 1386 3012 Theo·

213 3035 284 3100 legis
299 3038 399 3090 Amori.

244 3113 279 3175 (t)
292 3113 339 3164 llic
354 3115 425 3165 varia
436 3114 533 3165 reterre
544 3128 642 3180 genere
659 3113 888 3178 dispensationum
904 3114 1016 3177 oportet,
1029 3114 1060 3162 ut
1073 3111 1221 3162 innotescat
1232 3113 1386 3165 terminale·

213 3189 256 3254 gia
269 3203 330 3254 qua
352 3193 469 3242 materies
488 3191 715 3256 dispensationum
732 3189 838 3254 propria
854 3188 909 3239 sit:

245 3269 271 3316 ¹⁰
286 3266 451 3331 Dispensatio
469 3280 549 3331 quam
572 3269 668 3318 vocant
680 3279 728 3330 pro
747 3265 805 3330 soro
828 3265 999 3326 intercessu
1016 3277 1063 3329 pro
1084 3265 1142 3328 sore
1157 3262 1314 3315 cmucieutiae
1327 3267 1384 3329 (seu

213 3341 292 3392 etiam
310 3357 359 3406 pro
372 3345 430 3408 soro
443 3342 516 3408 petel,
530 3357 561 3394 ea
575 3345 615 3394 est
625 3355 686 3406 quae
696 3341 794 3407 potitur
805 3340 871 3391 lictis
888 3339 1050 3402 nominibus,
1067 3351 1180 3404 quaque
1195 3337 1275 3390 allicit
1290 3344 1320 3391 ut
1333 3342 1386 3393 im·

212 3418 395 3483 pedimentum
409 3420 443 3469 sit
454 3420 596 3471 sublatum.

244 3493 391 3560 opponitur
405 3496 595 3560 dispensationi
608 3508 668 3560 qun
686 3495 781 3546 dicitur
791 3508 840 3560 pro
850 3495 909 3558 foro
920 3495 1035 3554 eoteme,
1046 3505 1149 3556 seupre
1161 3492 1220 3556 sero
1230 3490 1292 3556 lori,
1305 3495 1384 3557 utque

212 3571 310 3634 petitur
328 3572 460 3636 expressis
475 3576 609 3623 oratorum
630 3570 798 3631 nominibus,
814 3569 946 3633 efficitque
964 3571 994 3619 ut
1009 3567 1208 3618 matrimonium
1224 3568 1311 3619 aalide
1325 3583 1385 3620 con-

212 3646 281 3696 trahi
292 3650 318 3697 at
330 3648 416 3698 valido
429 3653 592 3699 contractum
608 3661 665 3699 esse
679 3647 785 3712 probari
794 3647 877 3712 pessit
888 3658 977 3696 coram
990 3643 1079 3709 judice
1091 3643 1276 3694 ecclesiastico.

243 3725 268 3772 2⁰
284 3723 447 3788 dispensatio
463 3725 523 3776 dats
540 3725 635 3776 dicitur
650 3724 682 3774 in
692 3726 778 3789 soemo
793 3722 916 3788 pretiosa,
934 3720 1041 3785 quondo
1059 3720 1179 3784 superior
1194 3720 1384 3773 ecclesiasticus

211 3803 319 3864 rogatus
333 3801 383 3852 luit
395 3805 480 3865 utper
493 3815 521 3852 se
536 3803 622 3866 ipsum
635 3800 860 3865 dispensationem
875 3797 1023 3848 oratoribus
1036 3797 1132 3848 directe
1143 3795 1264 3860 applicet.
1280 3795 1308 3847 Si
1322 3811 1383 3848 vero

212 3875 321 3928 facultas
336 3877 506 3943 dispensandi
525 3879 601 3929 alteri
618 3877 806 3936 committatur,
824 3873 985 3938 dispensatio
1001 3871 1097 3923 dicitur
1111 3885 1236 3922 concessa
1251 3873 1279 3923 iu
1297 3876 1383 3939 semaa

211 3954 391 4004 commissoris.
408 3956 470 4006 Haec
486 3953 689 4019 dispensationis
705 3951 845 4017 applicatio
860 3950 911 4002 diei
926 3949 994 4000 solet
1005 3947 1164 4014 fulminatio,
1178 3961 1238 4012 quae
1252 3953 1292 4000 est
1309 3963 1383 4000 exse·

211 4031 282 4080 cutio
296 4031 384 4081 stricte
403 4035 515 4095 sumpta.
532 4031 640 4090 Tamen,
660 4032 689 4079 ut
709 4028 843 4078 videbitur
861 4027 927 4090 §ru
942 4025 1077 4075 exsecutio
1092 4024 1171 4076 latius
1184 4025 1306 4087 sumitur,
1322 4038 1384 4088 qua.

211 4110 289 4156 tanus
309 4106 491 4170 complectitur
509 4105 713 4157 verificalienem
730 4117 848 4168 precum,
868 4101 1060 4166 obligationum
1080 4099 1287 4163 impositionem,
1298 4099 1383 4150 tulmi-

211 4183 346 4232 natienem
357 4183 440 4247 ipsam
454 4182 658 4246 dispensationis
675 4181 825 4231 attendam
845 4178 1051 4244 acceptationem
1068 4177 1160 4241 gratiae
1179 4175 1383 4241 dispensationis

211 4270 244 4308 ex
257 4262 331 4322 parte
345 4263 490 4310 oratorum.

241 4335 269 4383 3ο
283 4335 364 4384 llatur
378 4335 405 4384 iu
416 4337 501 4399 formo
517 4333 661 4398 ordinario,
680 4347 741 4384 cum
756 4335 828 4383 certa
847 4331 968 4396 pecunie
982 4344 1087 4381 summa
1103 4343 1150 4379 seu
1168 4331 1228 4378 taxa
1243 4327 1295 4392 (vel
1310 4341 1380 4378 eem-

210 4410 343 4476 penende)
358 4409 485 4462 solvenda
499 4411 541 4460 sit.
556 4411 583 4461 Si
594 4423 658 4461 vero
670 4413 731 4460 taxa
741 4408 861 4473 pecunie
873 4421 928 4458 nen
940 4407 1063 4472 exigitur,
1076 4405 1172 4456 dicitur
1182 4403 1209 4454 iu
1220 4406 1306 4468 sermo
1314 4419 1381 4470 poa-

209 4505 308 4557 poem.
