3508 5568
362 584 382 648 8
820 602 872 648 rus
893 603 1074 648 onnonroou.
1100 583 1103 591 ’

362 718 540 794 colligatur;
564 724 597 776 ut
618 719 644 776 si
668 719 698 776 in
727 721 884 792 praesentia
908 719 1029 778 testium
1061 722 1097 779 ed
1125 721 1280 795 sponsalia
1302 729 1538 782 convocatorum

363 807 462 882 puelia
486 813 619 882 acceptet
648 808 891 880 promissionem,
917 809 988 882 quia
1016 810 1084 870 talis
1109 812 1275 884 acceptatio
1303 817 1445 872 censetur
1474 813 1537 870 tieri

364 896 464 956 animo
479 897 602 956 ineundi
618 897 781 970 sponsalia.
807 901 864 956 Nec
886 903 972 972 urget
994 899 1105 972 paritas
1127 916 1145 960 a
1166 901 1356 959 matrimonio
1373 920 1380 958 ι
1397 902 1539 976 quiahoc

364 1003 400 1046 ex
416 993 522 1046 natura
536 1003 594 1046 sua
607 993 654 1046 est
667 987 840 1061 conjunctio
855 987 910 1046 riri
925 995 955 1046 ot
973 989 1119 1060 mulieris,
1138 991 1272 1064 adeoque
1289 992 1440 1065 reciproce
1461 993 1536 1050 obii-

363 1078 511 1152 gatorium
528 1095 537 1136 :
552 1083 674 1136 econtra
689 1077 848 1150 promissio
872 1079 1053 1137 matrimonii
1074 1085 1171 1153 potest
1194 1095 1273 1150 esse,
1289 1081 1334 1139 uel
1358 1081 1537 1154 sponsalitia

365 1169 516 1242 utrinque,
532 1166 579 1225 vel
593 1183 672 1226 mere
687 1167 820 1225 liberalis
835 1173 864 1226 et
878 1169 1019 1242 gratuita.
1070 1170 1073 1176 '

403 1363 502 1448 Resp.
516 1366 545 1428 6.
563 1363 756 1428 Consensus
775 1363 992 1444 sponsalitias
1008 1365 1108 1429 debet
1123 1385 1198 1431 esse
1211 1368 1327 1434 libera
1345 1369 1535 1444 coactione,

364 1473 444 1554 quia
452 1471 590 1535 libertas
598 1471 781 1555 requiritur
790 1471 834 1535 od
842 1473 1069 1536 substantiam
1077 1475 1319 1540 actushumani
1330 1476 1538 1540 moralisbn

363 1597 444 1643 vero
461 1579 630 1662 sponsalia
648 1583 741 1643 metu
761 1579 856 1659 gravi
871 1580 1000 1661 injusto
1015 1583 1148 1645 extorio
1161 1581 1322 1646 valeant?
1336 1583 1536 1648 Controver-

311 1763 314 1768 Δ
365 1693 441 1750 tunt
455 1687 519 1750 uu.
536 1687 776 1769 uagantium,
791 1685 922 1764 Cavea,
939 1688 1065 1770 leym,
1081 1687 1242 1763 Schmier‚
1260 1689 1354 1764 Wex,
1373 1695 1408 1752 et
1422 1691 1537 1773 plures

363 1791 1538 1876 aiii;sedcumSylv.,Less.,Perez,Pirb.,Sohmalz.,ataiiis,subscribo

364 1903 541 1969 sententiae
557 1901 738 1966 afiirmanti
761 1899 932 1984 sponsalia
947 1903 1039 1964 metu
1061 1905 1194 1966 extorta
1217 1901 1330 1968 valere
1352 1903 1426 1987 ipso
1447 1907 1535 1986 jure.

364 2011 461 2075 Proh.
479 2011 520 2072 1⁰.
538 2009 628 2073 Talia
642 2008 813 2091 sponsalia
826 2007 942 2071 valent
951 2011 1029 2090 jure
1050 2007 1206 2083 naturali,
1233 2010 1311 2093 quia
1335 2017 1447 2074 metus
1469 2031 1538 2075 non

173 2103 174 2112 ἵ
249 2117 251 2120 ’
365 2118 451 2183 tollit
464 2118 695 2182 voluntarium
708 2115 924 2199 simpliciter;
943 2116 1059 2181 valent
1082 2115 1184 2180 etiam
1206 2121 1284 2200 jure
1308 2119 1455 2202 positivo
1479 2120 1539 2182 bu·
1664 2112 1668 2121 “

363 2245 477 2302 mano,
493 2227 572 2312 quia
590 2225 709 2290 nullibi
729 2227 903 2292 irritantur
915 2246 1088 2310 expresse,
1104 2246 1216 2312 neque
1234 2227 1334 2292 tacite
1354 2227 1391 2290 in
1408 2247 1480 2312 cap.
1499 2229 1537 2292 tt

363 2339 398 2398 et
410 2337 448 2398 lb
460 2336 492 2398 h.
509 2335 559 2398 tit.
573 2356 580 2412 ;
602 2353 682 2399 nam
695 2329 774 2416 jura
788 2335 853 2398 ista
869 2335 910 2399 de
925 2335 1145 2401 matrimonio
1165 2336 1351 2418 loquentia,
1371 2354 1451 2400 oum
1472 2335 1540 2398 sint

234 2482 238 2489 -
364 2441 492 2518 odiosa,
519 2447 554 2506 et
574 2443 661 2525 juris
681 2442 844 2508 naturalis
867 2443 1081 2520 correctoria,
1106 2463 1175 2510 non
1200 2444 1326 2508 debent
1346 2444 1474 2527 porrigi
1495 2443 1537 2506 od

364 2550 544 2633 sponsalia.
566 2551 662 2616 Prob.
679 2551 722 2614 2⁰.
750 2551 926 2633 sponsalia
946 2552 1012 2616 ista
1036 2570 1105 2615 non
1132 2551 1286 2616 officiunt
1308 2551 1537 2624 matrimonio,

336 2717 339 2724 .
365 2659 528 2742 quianon
543 2658 717 2740 obligant:
736 2678 847 2743 neque
863 2665 944 2723 sunt
959 2660 1015 2724 vio
1030 2659 1072 2724 ad
1087 2659 1343 2724 matrimonium
1358 2663 1463 2734 metu,
1479 2659 1539 2722 sed

362 2772 506 2850 purgato
523 2773 627 2844 metu,
652 2772 772 2850 sponte
788 2768 995 2844 ineundum;
1021 2786 1133 2852 neque
1157 2771 1282 2832 nocent
1297 2765 1385 2850 parti
1408 2771 1540 2830 metum

363 2893 484 2958 passm,
501 2875 561 2940 sed
574 2876 688 2958 potius
702 2879 855 2958 prosunt,
871 2875 950 2958 quia
963 2876 997 2940 in
1013 2876 1151 2940 arbitrio
1165 2879 1240 2957 ejus
1257 2879 1319 2952 est,
1335 2878 1384 2950 ut,
1400 2874 1455 2938 vel
1470 2892 1540 2938 rea-

363 2985 544 3049 cindantur
554 2986 696 3068 probato
711 2990 817 3061 metu,
833 2985 888 3049 vel
901 2987 928 3048 si
944 2986 1066 3050 deinde
1081 2985 1262 3050 commoda
1278 2988 1466 3068 appareant
1478 2982 1536 3058 illi,

364 3111 442 3175 pars
458 3097 588 3156 metum
608 3093 782 3166 incutiens¹
798 3096 954 3158 teneatur
974 3093 1023 3156 eis
1045 3097 1135 3157 stare
1154 3113 1160 3155 :
1178 3111 1289 3175 neque
1314 3111 1357 3154 ex
1377 3093 1442 3156 aiio
1464 3091 1539 3155 tun-

365 3201 524 3266 damento
541 3200 616 3266 talis
630 3202 771 3267 irritatio
788 3204 928 3278 eruitur,
943 3221 1036 3284 ergo.
1061 3203 1165 3268 Porro
1179 3219 1257 3284 pars
1272 3205 1403 3264 metum
1426 3219 1537 3283 passa,

365 3309 391 3371 si
408 3315 570 3390 urgeatur
582 3309 624 3373 ad
646 3310 793 3391 nuptias,
810 3311 914 3374 habet
935 3310 1170 3393 exceptionem
1194 3309 1287 3392 quod
1299 3315 1408 3372 metus
1422 3327 1537 3386 causo,

364 3419 390 3498 (ᾗ
401 3418 427 3492 l,
442 3417 523 3480 last.
535 3417 576 3480 de
585 3418 736 3501 e.cccpt.);
749 3417 869 3481 sivero
881 3417 1070 3482 seliberare
1083 3416 1155 3480 vult
1164 3417 1206 3481 ab
1218 3415 1423 3497 obligatione
1436 3434 1536 3498 spon-

364 3525 497 3602 salium,
514 3526 615 3590 babet
629 3525 799 3590 actionem
825 3527 918 3607 quod
929 3535 1038 3590 metris
1052 3544 1155 3588 causo
1168 3501 1265 3606 'tlibi
1286 3529 1321 3590 et
1343 3523 1397 3600 tx,
1414 3527 1429 3602 ᾖ
1448 3526 1478 3596 3,
1499 3523 1536 3587 u.

368 3633 467 3712 Quod
479 3642 587 3696 metus
602 3635 727 3715 causa);
744 3633 772 3696 si
790 3633 926 3696 tandem
943 3637 1063 3715 sponte
1073 3633 1246 3696 renuntiet
1259 3631 1461 3714 exceptioni,
1478 3649 1538 3694 seu

365 3741 487 3805 actioni
508 3741 601 3824 quod
622 3749 731 3804 metus
751 3759 865 3818 carisa,
885 3745 965 3804 tunc
987 3744 1100 3804 metus
1121 3745 1297 3824 purgatur,
1314 3745 1349 3803 et
1369 3739 1540 3826 sponsalia

364 3849 515 3915 evadunt
530 3849 629 3931 plene
644 3849 760 3924 libera,
776 3848 962 3930 obligantis
978 3849 1135 3932 utrinque
1152 3849 1334 3914 efficaciter
1347 3847 1389 3913 ad
1404 3849 1539 3931 nuptias

364 3959 541 4023 ineundas.
556 3957 670 4040 Neque
684 3957 859 4022 ratitlcatio
879 3959 954 4032 ista,
982 3976 1041 4022 seu
1066 3958 1272 4022 renuntiatio
1297 3957 1438 4022 aetionis
1460 3956 1540 4020 facit

363 4085 454 4131 nova
464 4065 645 4149 sponsalia,
660 4083 739 4129 oum
750 4065 792 4129 ab
806 4063 913 4129 altera
925 4070 1021 4148 parte
1032 4068 1315 4148 nonacceptetur,
1329 4065 1389 4130 sed
1400 4063 1539 4147 praecise

364 4179 417 4239 est
439 4172 598 4250 conditio,
621 4192 688 4256 qua
708 4172 829 4256 posita,
857 4173 951 4255 prior
972 4191 1161 4237 consensus
1187 4177 1391 4254 acceptatus,
1420 4171 1477 4253 qui
1497 4189 1540 4234 ex

361 4300 464 4346 causo
478 4285 590 4344 metus
604 4281 714 4363 potuit
728 4279 903 4353 infirmari,
920 4280 959 4342 fit
971 4280 1091 4343 ssrmus
1117 4285 1151 4364 et
1170 4279 1352 4344 efficaciter
1377 4276 1541 4358 obligato-

363 4389 433 4453 rius
449 4409 455 4465 ;
473 4389 560 4454 sicut
573 4387 693 4452 accidit
706 4388 741 4450 in
757 4387 830 4451 aliis
845 4387 975 4451 actibus
986 4393 1081 4452 metu
1092 4387 1210 4469 gestis,
1224 4386 1306 4450 dum
1321 4404 1398 4469 pars
1408 4389 1539 4449 metum

363 4515 464 4581 passa
483 4498 656 4560 renuntiat
670 4497 791 4561 actioni
816 4500 940 4569 metus,
964 4495 1110 4561 volendo
1134 4501 1224 4561 stare
1250 4499 1425 4560 contractu
1443 4494 1537 4577 prius

364 4606 458 4669 inito.
484 4605 530 4667 Ex
546 4623 612 4688 quo
636 4605 843 4689 dissipantur
858 4623 899 4670 ea
922 4606 1037 4670 omnia
1057 4625 1132 4692 quae
1150 4605 1366 4690 perlongum
1381 4602 1535 4668 etlatum

366 4715 464 4778 affert
481 4711 515 4778 P.
532 4713 627 4778 Werr.
