3508 5568
540 658 543 666 ,
568 611 655 658 nisan
677 613 812 668 ouranos
833 611 1052 658 aaanarnaruu.
1287 584 1289 591 ’
1382 596 1401 658 9
1477 624 1482 632 ·

262 733 348 790 Dices
366 737 421 789 :.l⁰
436 733 506 805 Gap.
523 735 550 801 t,
565 733 610 792 Ea
630 733 751 802 titteris,
774 730 809 790 dc
823 745 922 804 cporm
939 731 1022 803 imp„
1037 730 1192 804 sponsalia
1210 737 1290 789 metu
1316 736 1402 806 gesta

226 823 368 880 dicuntur
382 821 521 880 invalida.
538 828 567 880 2⁰
579 822 767 895 Dispositum
781 821 817 879 de
832 819 1033 888 matrimonio,
1058 825 1198 878 censetur
1219 821 1401 893 dispositum

226 910 472 984 desponsalibus
488 913 517 983 (l.
533 915 603 982 ltvl,
620 912 651 970 tl.
662 911 693 968 b.
705 911 752 984 t.);
768 925 841 986 ergo
855 910 933 970 sient
941 910 1177 981 matrimonium,
1191 911 1232 968 ita
1246 911 1401 983 sponsalia

226 1007 307 1059 metu
322 1007 408 1075 gesta
422 1017 481 1060 non
497 1003 606 1060 valent.
623 1007 652 1060 3⁰
666 1005 739 1061 Pars
747 1007 860 1061 metum
871 1015 961 1074 passa
975 1001 1103 1060 multum
1115 1005 1289 1075 gravaretur
1306 1021 1313 1058 :
1330 1017 1399 1060 narn

225 1091 414 1149 contraheret
426 1091 673 1166 impedimentum
692 1091 820 1164 publicae
834 1091 1017 1161 honestatis,
1040 1098 1069 1150 et
1086 1092 1116 1148 in
1132 1105 1205 1150 casu
1225 1105 1286 1166 quo
1301 1097 1400 1150 metus

226 1180 344 1251 probari
359 1194 419 1239 neu
435 1187 548 1254 posset,
563 1181 609 1239 vel
626 1181 719 1254 judex
735 1179 957 1239 ecclesiasticus
981 1195 1018 1238 eu
1040 1180 1154 1238 malitia
1174 1180 1266 1238 nollet
1288 1181 1400 1239 rescin-

224 1267 294 1325 dere
305 1261 469 1341 sponsalia,
485 1274 642 1344 cogeretur
655 1271 692 1328 ad
708 1269 830 1342 nuptias
844 1269 1003 1327 ineundas.
1022 1271 1109 1342 uesp.
1133 1269 1169 1326 ad
1194 1274 1217 1325 t.
1241 1267 1400 1341 Sponsalia

225 1357 266 1415 ibi
278 1358 322 1416 vel
338 1363 422 1417 erant
432 1359 539 1431 valida,
554 1365 584 1416 et
595 1375 631 1418 eu
644 1373 738 1418 eausa
752 1365 850 1417 metus
864 1358 1004 1428 rescissa,
1021 1359 1046 1416 si
1061 1357 1162 1430 puella
1172 1356 1264 1416 nollet
1278 1371 1401 1438 exspec-

226 1455 287 1506 tare
302 1463 427 1522 puerum
441 1469 448 1506 ε
463 1449 508 1508 vel
524 1456 609 1508 erant
623 1450 706 1509 nulla
720 1465 755 1508 ex
769 1449 887 1508 delectu
904 1463 1087 1518 consensus,
1107 1447 1179 1520 quia
1202 1447 1303 1520 puella
1326 1461 1401 1504 uun-

225 1555 314 1612 quam
330 1556 399 1598 eum
414 1541 519 1612 voluit,
536 1556 591 1599 nec
606 1542 670 1598 vult
684 1541 825 1600 invirum
845 1538 964 1598 hebere.
983 1541 1025 1596 ltu
1049 1537 1161 1612 quibus
1186 1538 1285 1596 verbis
1310 1541 1400 1610 patet,

182 1625 184 1634 ’
225 1630 398 1690 dissensum
411 1621 517 1703 puellae
532 1633 627 1692 fuisse
642 1647 703 1690 non
718 1635 835 1690 tantum
850 1632 880 1689 in
895 1630 1081 1690 traductione
1102 1630 1134 1688 in
1156 1630 1278 1688 domum
1303 1628 1399 1703 pueri,

226 1721 276 1778 sed
293 1721 382 1783 etiam
394 1723 425 1780 in
440 1723 508 1797 ipsa
521 1722 763 1796 desponsatione.
780 1721 822 1780 bd
838 1727 865 1780 t.
888 1720 943 1779 Ubi
964 1721 1084 1779 diversa
1104 1725 1151 1778 est
1170 1721 1247 1778 ratio
1272 1735 1399 1792 sponsa-

226 1810 297 1868 lium
322 1818 352 1870 et
378 1814 569 1883 matrimonii,
596 1813 716 1872 diversa
735 1818 783 1871 est
805 1811 988 1884 dispositio:
1009 1811 1058 1868 bic
1083 1815 1182 1870 autem
1208 1810 1328 1868 diversa
1354 1815 1401 1868 est

226 1903 300 1961 ratio
324 1923 331 1960 z
354 1918 421 1962 narn
443 1903 668 1962 matrimonium
688 1918 724 1960 ex
748 1907 857 1960 natura
878 1915 934 1960 sna
957 1905 1004 1958 est
1018 1889 1195 1971 insolubile,
1218 1906 1248 1958 et
1269 1899 1337 1958 ideo
1349 1900 1400 1974 jus

224 1992 290 2056 uult
317 1992 390 2050 illud
413 2008 482 2051 esse
506 1997 707 2066 spontaneum
728 2011 734 2048 z
756 1996 877 2049 econtra
900 1990 1055 2064 sponsalia
1078 1990 1116 2048 ob
1141 1995 1253 2048 metum
1276 1996 1305 2048 et
1326 1991 1401 2049 alias

226 2081 327 2154 plures
342 2097 452 2140 causas
467 2081 593 2140 dissolvi
608 2085 748 2155 possunt.
772 2080 815 2138 Ad
831 2084 857 2138 3.
875 2083 946 2154 Neg.
962 2084 1059 2137 antec.
1078 2079 1122 2136 Ad
1137 2078 1222 2151 prob.
1238 2094 1318 2151 resp.
1342 2082 1400 2136 lm-

226 2171 393 2244 pedirnenta
409 2187 426 2230 a
435 2171 502 2244 jure
517 2171 687 2229 introducta
702 2186 762 2228 non
778 2176 915 2245 gravant,
930 2174 965 2227 ut
983 2175 1062 2242 patet
1076 2169 1108 2227 in
1123 2169 1268 2228 affinitate
1284 2173 1349 2228 orta
1364 2185 1399 2227 ex

225 2262 332 2334 copula
347 2261 458 2319 illicita.
475 2261 607 2320 Alterum
622 2275 795 2334 gravamen,
817 2261 844 2318 si
865 2260 1023 2328 accideret,
1039 2274 1091 2333 per
1106 2259 1247 2318 accidens
1262 2273 1295 2318 se
1310 2259 1400 2318 babe-

224 2356 269 2408 ret
283 2351 371 2408 etiem
385 2351 415 2408 iu
437 2351 586 2408 sententia
605 2351 843 2410 adversariorum
860 2369 867 2407 :
888 2363 958 2408 narn
979 2349 1005 2406 si
1017 2363 1087 2422 pars
1102 2353 1215 2406 metum
1231 2363 1323 2421 passa
1337 2363 1397 2405 non

224 2447 326 2512 posset
340 2441 464 2513 probare
475 2447 598 2510 metum,
611 2440 658 2498 rel
672 2441 698 2499 si
710 2439 804 2514 judex
818 2455 854 2496 ex
867 2439 979 2498 malitia
998 2439 1190 2512 probationes
1211 2453 1271 2496 non
1292 2437 1398 2496 admit-

223 2537 308 2601 teret,
323 2532 371 2589 vel
386 2530 497 2606 injuste
511 2529 720 2602 pronuntiaret
735 2529 889 2602 sponsalia
903 2543 971 2586 esse
986 2527 1093 2598 valida,
1113 2543 1181 2600 pars
1200 2528 1257 2587 ista
1280 2529 1312 2586 in
1334 2529 1399 2586 loro

223 2628 354 2692 externo,
370 2620 430 2679 nisi
446 2621 617 2694 appellaret,
633 2625 791 2695 cogeretur
805 2621 842 2678 ad
857 2620 979 2693 nuptias
988 2640 997 2693 3
1014 2621 1065 2680 sed
1082 2619 1128 2678 hae
1143 2620 1174 2678 in
1190 2619 1255 2677 ioro
1271 2619 1398 2691 interno,

223 2717 321 2770 stante
336 2718 428 2780 metu,
445 2727 504 2769 non
525 2711 658 2768 ualerent
681 2711 861 2783 inutraque
886 2709 1045 2768 sententia.
1070 2713 1111 2766 Ex
1135 2710 1183 2769 bis
1203 2714 1294 2783 patet,
1318 2711 1399 2782 quod

223 2807 321 2860 metus
338 2797 533 2872 sponsalibus
549 2799 704 2858 immixtus
718 2800 802 2858 nullo
817 2799 906 2857 modo
921 2798 1068 2858 influatin
1082 2799 1316 2869 matrimonium,
1328 2798 1400 2870 quia

223 2889 279 2948 boc
298 2905 359 2948 non
375 2889 460 2948 aliter
478 2889 566 2959 valet,
587 2889 646 2946 nisi
669 2895 750 2947 metu
773 2893 901 2962 purgato
924 2902 976 2961 per
996 2888 1250 2948 renuntiationem
1270 2887 1399 2948 aetionis

223 2978 300 3054 quod
313 2985 410 3039 emtas
426 2993 528 3038 causo.
1214 2976 1217 2982 '

264 3144 363 3228 Resp.
388 3145 417 3207 l.
442 3142 617 3227 sponsalia
637 3142 848 3208 clandestina
870 3149 951 3209 sunt
970 3144 1092 3221 valida,
1108 3149 1143 3210 et
1157 3163 1219 3228 per
1233 3163 1269 3210 se
1282 3144 1397 3209 licita:

225 3271 304 3338 nam
315 3251 433 3316 nullibi
444 3253 628 3326 irritantur,
641 3251 697 3316 vel
710 3251 944 3335 probibentur,
959 3257 1121 3335 tauquam
1137 3250 1251 3317 illicita
1268 3269 1398 3335 :neque

225 3361 367 3424 suntvia
376 3360 419 3424 ad
427 3361 683 3425 matrimonium
693 3360 952 3436 clandestinum,
962 3360 1021 3424 sed
1031 3359 1205 3443 publicum
1215 3377 1329 3424 coram
1342 3379 1400 3443 pa-

224 3470 327 3534 roc-bo
342 3473 376 3532 et
392 3469 533 3533 testibus
553 3468 751 3533 ineundum.
770 3467 964 3533 Consultius
982 3471 1099 3532 autem
1118 3468 1206 3530 flunt
1228 3468 1400 3551 sponsalia

223 3579 485 3661 publica'coram
501 3579 655 3656 testibus,
672 3583 710 3643 ut
732 3578 829 3645 tecue
849 3578 985 3662 probari
1000 3578 1156 3660 possint:
1175 3595 1273 3642 secus
1295 3578 1400 3642 confi-

224 3687 343 3752 cienda
357 3687 421 3750 erit
436 3687 599 3770 scriptura
609 3705 712 3770 super
726 3685 792 3750 illis
800 3687 981 3752 contractis
993 3685 1049 3768 (l);
1065 3684 1317 3768 epistolarem,
1334 3684 1398 3749 nisi

225 3793 267 3857 sit
281 3796 483 3870 confessam,
500 3813 569 3860 non
582 3796 722 3878 probat;
741 3795 789 3858 uti
804 3813 867 3858 neo
876 3793 1190 3869 litteraeamatoriae,
1204 3811 1279 3877 quae
1291 3791 1399 3858 solam

224 3904 524 3988 praeumptionem
540 3903 581 3967 de
596 3922 632 3967 se
644 3903 758 3968 levem
769 3904 907 3968 iaciunt.

718 4023 725 4050 r

441 4088 482 4138 lli.
497 4089 550 4151 Aa,
563 4088 592 4140 et
603 4099 666 4152 quae
676 4089 759 4153 pacta
770 4087 855 4152 aditet
869 4087 978 4151 possint
989 4086 1183 4151 sponsalibus?

263 4231 363 4316 Resp.
380 4235 409 4296 l.
426 4233 539 4298 Arrbo
554 4234 595 4332 de
613 4239 757 4319 utroque
769 4238 847 4318 jure
860 4235 949 4300 licite
964 4235 1146 4318 apponitur
1160 4233 1375 4318 sponsalibus
1390 4255 1396 4297 :

223 4359 304 4406 narn
321 4343 398 4424 jure
422 4360 495 4406 can.
522 4340 641 4406 nullibi
660 4343 861 4425 reprobatur
886 4363 893 4406 ε
913 4345 991 4426 jure
1009 4361 1092 4407 vero
1116 4341 1205 4406 civili
1229 4341 1261 4424 (l.
1284 4339 1338 4416 lll,
1361 4339 1397 4413 V,

223 4467 251 4513 c.
270 4449 334 4513 hoc
346 4448 407 4530 tit.)
421 4467 582 4531 expresse
596 4450 804 4533 permittitur
825 4451 1001 4516 arrharum
1022 4449 1229 4515 constitutio.

258 4653 290 4720 (tl
306 4654 332 4706 S.
350 4655 480 4732 congreg.
498 4655 588 4718 Cone,
603 4655 631 4706 in
648 4655 773 4722 Placent,
788 4659 816 4708 31
830 4657 887 4723 jan.
910 4659 980 4720 188⁰,
997 4656 1113 4708 declarat
1135 4654 1252 4708 invalida
1266 4655 1399 4721 sponsalia

226 4731 326 4797 absque
339 4731 445 4798 publica
461 4731 590 4796 scriptura
600 4733 734 4800 'celebrata
747 4733 774 4782 in
788 4734 920 4798 llispania
