3388 5582
412 637 472 704 tot
868 659 919 707 sus
937 660 1117 707 csuourcou.
1230 641 1233 646 '

412 777 468 842 vel
483 755 747 842 secrisvestibus
758 777 934 854 indutum;
950 779 1033 844 item
1043 779 1146 844 etiam
1152 779 1326 863 percussio
1341 779 1377 843 in
1387 797 1458 857 ore,
1470 780 1577 845 oeulo

411 887 676 963 iaoie,oonsetur
688 887 833 967 gratior
848 887 1059 971 Quapropter
1073 905 1116 950 ex
1125 887 1253 970 judicio
1270 885 1490 970 prudentium
1503 888 1591 952 detl-
1670 923 1671 970 t

411 994 476 1060 uiri
493 994 594 1060 debet
606 1013 650 1059 an
663 994 837 1078 pereussio
850 995 954 1059 luerit
967 994 1064 1072 levis,
1080 996 1195 1078 gravis
1210 995 1264 1060 vel
1278 997 1438 1060 enormis.
1670 981 1671 988 ἵ

452 1101 481 1182 b)
502 1101 551 1166 bd
573 1103 798 1184 quaestionem
820 1102 1029 1187 propositam
1056 1102 1284 1186 respondetur
1313 1102 1425 1186 quod,
1451 1103 1592 1170 seclusa
1670 1107 1671 1190 ξ

412 1208 547 1293 speciali
559 1207 783 1290 delegatione,
800 1211 893 1275 solus
908 1210 1063 1276 Pontifex
1077 1211 1251 1277 Romanus
1265 1214 1378 1294 potest
1389 1211 1587 1287 absolvere,
1670 1213 1671 1298 p

411 1333 490 1381 cum
508 1317 581 1381 baec
603 1318 908 1382 excommunicatio
933 1318 977 1382 sit
1000 1323 1184 1384 reservata.
1211 1317 1276 1383 Sed
1305 1319 1463 1406 spectatis
1481 1321 1590 1384 variis

413 1422 694 1506 delegationibus,
713 1424 785 1489 baec
801 1425 939 1490 stabiliri
952 1430 1097 1510 possunt
1114 1446 1121 1489 :

453 1532 485 1594 1⁰
504 1531 652 1616 deputas
671 1551 693 1596 a
713 1533 817 1597 latere
843 1537 956 1616 polest
978 1533 1154 1599 absolvere
1178 1551 1431 1620 aquarumque
1450 1553 1592 1620 pereus-

414 1639 520 1715 sione,
535 1640 639 1705 etiam
652 1641 785 1724 publica
799 1645 834 1706 et
847 1642 978 1708 enormi
993 1641 1032 1724 (o.
1049 1642 1107 1706 Ad
1119 1645 1348 1720 eminentiam,
1362 1645 1396 1710 b.
1414 1647 1463 1724 t).

455 1750 602 1834 Lepotus
620 1752 741 1815 missus
758 1769 779 1817 a
796 1749 886 1833 Papa
903 1750 938 1814 in
957 1749 1107 1834 aliquam
1120 1750 1331 1834 provinciam
1351 1748 1464 1836 potest
1484 1754 1591 1818 edam

416 1857 592 1924 absolvere
612 1877 632 1924 a
651 1876 864 1944 quacumque
884 1860 1124 1944 percussione:
1139 1862 1273 1925 constat
1292 1877 1336 1924 ex
1354 1878 1425 1945 cap.
1442 1861 1589 1945 penult..
1670 1853 1671 1898 l

416 1965 458 2030 de
476 1965 597 2048 Officio
614 1967 727 2052 lopati.
1670 2047 1671 2058 ἵ

456 2075 489 2138 i·
510 2074 670 2161 Episcopi
701 2084 735 2141 ct
760 2075 927 2142 ordinarii
951 2076 1129 2142 absolvere
1166 2081 1325 2160 possunt,
1355 2077 1384 2141 si
1411 2079 1591 2161 percussio

417 2183 546 2248 occulta
560 2185 672 2260 fuerit,
689 2204 732 2250 ex
745 2185 859 2251 laeult.
876 2203 970 2252 cono.
986 2184 1087 2262 Trid,
1100 2204 1127 2249 s.
1139 2186 1189 2260 bt,
1204 2203 1276 2268 oap.
1287 2184 1413 2261 Liceat,
1430 2187 1473 2251 de
1485 2187 1589 2269 Rei),

419 2292 604 2358 dummodo
623 2311 694 2358 uon
713 2298 835 2376 agatur
853 2295 895 2359 de
912 2293 1067 2377 personis
1092 2295 1128 2357 in
1150 2293 1313 2375 dignitate
1336 2295 1533 2359 constitutis
1555 2311 1592 2358 ao

417 2402 453 2464 in
473 2405 535 2464 art.
553 2401 584 2476 b,
601 2402 632 2464 l·
654 2405 749 2478 sect,
762 2405 869 2466 const.
888 2400 1087 2486 Apostolicae
1102 2401 1202 2468 Sedis
1220 2401 1491 2484 comprehensim
1509 2402 1593 2466 item

418 2509 447 2572 si
466 2509 546 2572 levis
575 2513 719 2586 tantum,
749 2510 881 2574 etiamsi
909 2509 1044 2593 publica
1070 2511 1124 2585 sit,
1153 2529 1197 2573 ex
1223 2509 1397 2574 communi
1421 2511 1593 2574 sententia

419 2633 493 2700 quae
507 2615 670 2681 fundatur
683 2616 718 2680 in
730 2635 759 2682 c.
773 2617 938 2695 Pervenit,
950 2617 984 2680 b.
999 2621 1037 2694 t.;
1048 2617 1131 2680 item
1144 2617 1284 2681 siluerit
1297 2617 1387 2681 iacta
1400 2636 1421 2681 a
1433 2616 1589 2690 muliere,

421 2725 576 2807 quamvis
602 2723 736 2806 publica
763 2728 797 2788 et
818 2722 978 2801 enormis,
1005 2725 1106 2807 juxta
1125 2741 1345 2788 communem
1372 2725 1590 2796 senteutiam,

421 2849 496 2915 quae
510 2831 629 2896 nititur
642 2849 670 2895 o.
684 2830 853 2910 Mulieres,
865 2832 899 2895 b.
912 2835 950 2907 t.;
966 2832 996 2895 si
1007 2831 1180 2914 percussio
1196 2832 1285 2895 laeta
1298 2831 1400 2896 tuerit
1413 2831 1455 2896 ab
1470 2832 1521 2896 eis
1537 2829 1592 2914 qui

419 2937 639 3020 eollegialiter
645 2939 776 3014 vivunt,
787 2942 915 3022 utputa
926 2937 1055 3003 clericis
1068 2939 1104 3002 in
1112 2939 1306 3014 seminario,
1318 2938 1505 3003 dummodo
1519 2953 1592 3021 per-

420 3049 534 3114 cussio
553 3067 623 3114 non
642 3049 686 3112 sit
707 3047 808 3132 plane
828 3047 977 3112 enormis
995 3067 1002 3110 :
1019 3049 1150 3112 eruitur
1166 3066 1209 3112 ex
1225 3065 1254 3112 c.
1271 3046 1439 3127 Quoniam
1459 3046 1502 3111 de
1524 3046 1592 3108 aito

422 3167 455 3221 et
477 3158 604 3222 honest.
627 3157 750 3238 cleric.;
769 3157 797 3222 si
816 3157 990 3240 percussio
1009 3156 1112 3220 fuerit
1128 3158 1217 3222 iacto
1236 3158 1278 3221 ab
1301 3175 1342 3220 eo
1362 3156 1420 3239 qui
1441 3156 1594 3220 nondum

422 3265 610 3348 pubertatis
633 3283 762 3330 annum
781 3265 941 3347 attigerit,
962 3265 1042 3330 licet
1053 3265 1232 3349 pubertate
1254 3265 1387 3347 adepta,
1408 3263 1591 3328 absolutio-

423 3391 504 3438 nem
516 3371 674 3456 imploret
688 3374 727 3455 (c.
744 3372 856 3452 Pueri,
870 3372 904 3436 b.
921 3372 980 3455 t.);
999 3372 1146 3458 denique
1162 3373 1295 3455 quoties
1313 3370 1488 3454 percussio
1508 3373 1593 3436 iaoto

424 3485 476 3546 est
492 3481 534 3546 ab
551 3499 592 3546 eo
606 3483 665 3567 qui
678 3499 798 3565 reapse
814 3479 999 3566 impeditur
1014 3481 1196 3566 quominus
1211 3479 1437 3564 personaliter
1451 3481 1591 3544 Romam

422 3589 654 3674 protloiscatur
667 3591 967 3676 adimpetrandam
974 3589 1225 3655 absolutionem
1235 3590 1277 3652 ab
1291 3585 1589 3672 apostolicasede;

424 3699 504 3782 quia
519 3717 598 3763 cum
613 3699 725 3764 taliter
735 3699 906 3784 impeditis
917 3700 1096 3784 episeopus
1106 3696 1283 3763 absolvere
1304 3701 1418 3780 potest
1432 3697 1473 3762 ab
1488 3693 1590 3761 omni-
1670 3783 1671 3786 Ἴ

425 3807 488 3870 bus
503 3807 666 3884 censuris,
678 3799 834 3893 utsupra
847 3808 1005 3873 diximus.
1023 3807 1090 3872 Sed
1110 3812 1191 3870 tuno
1205 3804 1373 3871 absolutio
1391 3805 1491 3870 datur
1506 3803 1591 3867 adso·
1670 3863 1671 3866 ,

415 3913 505 3994 iate,
515 3915 570 3979 vel
579 3916 627 3979 od
638 3914 968 3994 recircidcntiom,vel
982 3915 1031 3979 od
1041 3913 1195 3997 effectum
1203 3916 1347 3988 tantum,
1360 3929 1422 3996 pro
1433 3911 1590 3996 qualitate
1670 3969 1671 3994 ,

424 4025 460 4084 ct
472 4022 581 4102 gradu
601 4022 846 4106 impedimenti.
1670 4077 1671 4122 p

465 4129 658 4196 Notandum
674 4137 826 4208 osteum
838 4131 1065 4196 communiori
1081 4129 1261 4206 sententia,
1277 4128 1369 4212 quod
1383 4129 1419 4192 in
1434 4128 1537 4192 dubio
1552 4143 1591 4190 an
1670 4123 1671 4202 l

424 4239 597 4323 percussio
609 4238 652 4303 sit
666 4237 752 4303 levis
766 4237 823 4303 vel
840 4239 965 4319 gravis,
982 4238 1171 4322 reputanda
1185 4243 1238 4301 est
1252 4237 1377 4318 gravis,
1404 4253 1446 4299 ex
1464 4240 1588 4300 extrav.

423 4347 598 4424 Perlcctis;
609 4344 841 4430 quianolesia
854 4345 928 4409 vult
940 4345 1057 4410 tollere
1073 4363 1212 4410 omnem
1224 4343 1368 4409 laedendi
1380 4344 1589 4408 occasionem
1670 4331 1671 4400 l

377 4493 380 4501 ·
427 4460 461 4520 et
477 4453 742 4520 excusationem.
