3412 5570
358 537 419 606 teo
701 555 705 566 ·
817 559 870 608 rus
891 557 1073 608 oenomaus.

360 675 1530 766 doctrinam,quotiescumqueagiturdeusuranonsoluta(Schmalz.‚

358 789 392 854 h.
407 795 429 854 t.
449 810 483 858 n.
496 789 557 854 990
572 795 606 858 et
621 791 718 876 serp).

401 897 517 974 Quoad
530 898 718 962 secundum
734 915 795 962 seu
808 897 1036 974 antichresim,
1052 897 1125 962 haec
1138 897 1203 960 fuit
1221 896 1402 980 reprobata
1421 912 1535 960 acon-

359 1005 436 1070 cilio
450 1006 668 1070 Lateranensi
685 1008 748 1070 suh
765 1006 859 1071 Alex.
876 1005 929 1081 ΙΙΙ,
946 1010 985 1070 ut
1003 1023 1107 1070 usura
1121 1005 1267 1088 palliata.
1284 1003 1423 1079 Deinde,
1441 1021 1535 1088 space

360 1118 430 1178 tata
444 1115 494 1179 rai
507 1121 639 1192 natura,
653 1114 815 1181 estetiam
825 1114 1048 1198 reprobanda,
1060 1114 1139 1198 quia
1151 1131 1194 1178 ex
1206 1131 1275 1178 una
1284 1117 1379 1194 parte
1387 1111 1537 1178 creditor

359 1223 487 1306 recepit
497 1227 625 1288 sortem
636 1223 816 1306 integram,
832 1227 867 1288 et
879 1222 1039 1288 exaltare
1049 1221 1254 1289 tructumrei
1265 1221 1437 1304 frugiferae
1448 1219 1537 1286 ultra

359 1333 637 1416 sortemaccepit.
834 1329 839 1339 ’

400 1441 430 1522 b)
444 1439 642 1505 Contractus
655 1439 825 1520 modatra,
840 1444 879 1503 ut
893 1440 1010 1504 dicunt
1020 1439 1169 1523 Hispani.
1186 1439 1249 1504 Per
1269 1437 1366 1502 illum
1384 1443 1539 1502 contrac-

361 1557 435 1615 tum
448 1550 580 1635 aliquis,
602 1551 747 1634 pecunia
763 1549 932 1632 indigens,
951 1567 1083 1615 merces
1102 1549 1232 1616 credito
1252 1549 1345 1624 emit,
1369 1553 1403 1611 et
1419 1547 1538 1612 statim

362 1676 420 1723 eas
435 1658 554 1724 vendit
568 1659 679 1724 eidem
698 1659 880 1724 mercatori
898 1657 1009 1723 viliori
1024 1659 1143 1742 pretio,
1161 1657 1221 1722 sed
1238 1658 1418 1720 numerata
1437 1671 1539 1738 pecu-

362 1767 428 1830 nia.
445 1765 502 1830 Est
517 1785 599 1848 ergo
613 1773 772 1830 mutuum
786 1764 963 1849 palliatum
975 1783 1055 1830 cum
1070 1763 1230 1841 auctario,
1245 1762 1373 1827 etnihil
1385 1761 1476 1826 aliud
1488 1762 1538 1824 in-

363 1873 508 1940 tendunt
523 1877 773 1940 contrahentes.
798 1875 908 1952 Quare
927 1874 1107 1939 damnatus
1125 1877 1178 1936 est
1198 1871 1254 1936 ille
1279 1876 1473 1939 contractus
1493 1871 1537 1935 ab

363 1981 560 2048 Innocentio
574 1983 628 2060 ΙΙΙ,
639 2001 735 2070 prop.
746 1985 786 2049 tu
799 2005 806 2048 ε
820 1983 1046 2049 «Contractus
1061 1983 1217 2048 mohatra
1230 1982 1342 2046 licitus
1358 1986 1420 2056 est,
1434 1980 1540 2045 etiam

361 2095 519 2173 respectu
540 2091 695 2174 ejusdem
709 2109 876 2176 personae,
893 2096 928 2156 et
943 2109 1022 2155 cum
1042 2095 1217 2156 contractu
1237 2087 1539 2155 retrovenditionis

361 2199 487 2282 praevie
506 2199 590 2264 inito
612 2217 690 2263 cum
709 2199 898 2265 intentione
918 2199 1012 2264 lucri.
1030 2223 1046 2258 s

402 2311 429 2388 c)
446 2307 564 2371 Trinus
579 2315 779 2372 contractus.
802 2307 860 2371 Est
880 2313 1073 2374 contractus
1103 2307 1275 2371 societatis
1300 2307 1356 2370 cui
1381 2305 1541 2388 adjicitur

362 2414 487 2498 duplex
497 2419 690 2480 contractus
705 2415 978 2493 assecurationis,
997 2413 1052 2480 vel
1065 2420 1259 2481 contractus
1276 2413 1540 2479 assecurationis

362 2529 396 2587 et
409 2523 615 2587 venditionis
635 2525 775 2607 majoris
789 2523 874 2589 lucri
887 2525 1006 2590 incerti
1020 2542 1083 2607 pro
1098 2524 1230 2588 minore
1245 2527 1338 2588 certo
1356 2543 1364 2585 ε
1380 2541 1414 2586 v.
1431 2540 1464 2603 g.
1480 2520 1541 2585 ali-

363 2631 438 2713 quis
457 2632 560 2696 tradit
573 2633 764 2709 mercatori,
787 2637 822 2697 et
842 2651 921 2697 cum
937 2651 978 2698 eo
999 2633 1196 2697 societatem
1215 2631 1287 2707 init,
1301 2633 1336 2694 vi
1350 2633 1449 2713 qu‘us
1463 2647 1541 2713 par-

362 2742 467 2823 ticeps
480 2741 519 2804 ut
529 2740 712 2819 lucrorum,
725 2761 800 2825 quae
808 2745 907 2826 juxta
917 2760 1013 2825 spem
1029 2747 1130 2806 erunt
1142 2743 1180 2806 tt
1190 2759 1223 2824 p.
1233 2741 1295 2824 ‘lsi
1306 2739 1367 2804 sed
1379 2744 1540 2802 metuens

363 2867 406 2912 ne
418 2849 558 2932 capitale
569 2855 695 2933 pereat,
707 2850 887 2916 mercatori
898 2851 1091 2933 promittit5
1100 2869 1132 2933 p.
1143 2851 1195 2928 ‘le
1208 2847 1340 2912 utillud
1353 2851 1538 2922 assecurat,

365 2963 399 3022 et
409 2958 457 3022 sic
469 2975 539 3022 non
553 2958 698 3041 amplius
709 2963 822 3044 sperat
836 2959 902 3023 nisi
911 2959 950 3023 iti
963 2978 996 3042 p.
1010 2959 1060 3039 ‘'lo·
1073 2957 1223 3022 Tandem
1238 2955 1318 3039 quia
1327 2955 1375 3018 illi
1385 2953 1540 3019 redditus

363 3067 474 3131 adhuc
489 3073 569 3132 sunt
580 3069 710 3144 incerti,
725 3067 844 3132 vendit
858 3069 1037 3133 mercatori
1051 3067 1184 3132 lucrum
1198 3065 1280 3129 illud
1296 3065 1464 3130 incertum
1475 3081 1541 3146 pro

362 3176 486 3240 minori
501 3181 605 3252 certo,
615 3195 677 3240 seu
692 3176 793 3241 tradit
807 3176 872 3242 alia
885 3177 934 3260 tp
944 3177 997 3260 *Ἴος
1008 3181 1046 3241 ut
1057 3180 1227 3240 mercator
1241 3177 1415 3240 assecurat
1428 3173 1448 3235 6
1462 3189 1540 3255 quae

364 3289 558 3367 supersunt.
585 3283 638 3349 Sic
652 3285 875 3366 obstringitur
898 3289 1067 3349 mercator
1085 3284 1128 3350 ad
1141 3281 1351 3350 reddendam
1370 3281 1541 3361 integram

365 3399 503 3469 sortem,
520 3411 598 3457 cum
610 3393 761 3458 auctario
775 3393 795 3457 c
808 3412 841 3477 p.
855 3395 907 3475 Ἴ..

404 3500 546 3577 Quando
562 3506 631 3564 tres
649 3506 842 3566 contractus
856 3503 1019 3566 ineuntur
1033 3500 1134 3566 simul
1149 3519 1228 3565 cum
1244 3500 1365 3566 eedem
1378 3517 1539 3584 persona,

365 3607 514 3672 smaltis
528 3609 763 3694 reprobantur,
780 3615 819 3674 ut
833 3628 938 3674 usura
949 3609 1087 3693 palliata
1099 3630 1106 3673 :
1118 3608 1175 3674 alii
1190 3615 1307 3674 tamen
1321 3609 1450 3672 trinum
1459 3625 1542 3671 con-

366 3720 644 3798 tractumputant
652 3715 843 3780 immunem
855 3717 897 3780 ab
909 3735 1024 3792 usura,
1043 3719 1206 3800 quianon
1221 3735 1341 3799 reapse
1362 3715 1490 3779 recedit
1504 3715 1541 3780 in
1610 3801 1612 3804 Ι
1700 3725 1701 3731 ’

364 3830 534 3900 mutuum,
552 3824 611 3888 sed
627 3829 882 3890 estcontractus
896 3824 1036 3890 alterius
1050 3825 1185 3909 speciei.
1199 3823 1303 3888 Multo
1316 3825 1426 3905 magis
1440 3841 1542 3887 excu-

365 3936 460 3994 satur
472 3931 514 3995 ab
530 3931 659 3996 eisdem
673 3933 878 4009 auctoribus,
906 3939 943 3997 ut
967 3934 1129 3998 immunis
1157 3934 1200 3996 ab
1224 3949 1340 4008 usura,
1363 3932 1392 3995 si
1406 3932 1542 3996 ineatur

365 4040 567 4114 successive,
584 4039 640 4103 vei
654 4041 757 4104 etiam
770 4058 849 4104 cum
865 4040 1009 4106 diversis
1023 4042 1189 4123 personis.

405 4149 440 4231 d)
462 4149 605 4214 Pactum
627 4150 830 4230 mummola,
854 4169 922 4235 quo
944 4151 1066 4235 aliquis
1089 4152 1153 4216 sibi
1178 4151 1260 4236 quid
1282 4153 1474 4215 reservaret
1501 4149 1541 4212 ti·

365 4257 437 4322 tulo
450 4256 666 4338 gratitudinis
680 4257 736 4322 vel
749 4258 1009 4334 benevolentiae,
1023 4258 1219 4324 habendum
1229 4264 1281 4323 est
1290 4277 1352 4342 pro
1365 4256 1540 4332 usurario;

365 4385 456 4442 nam,
470 4367 505 4430 vi
518 4366 695 4450 pactionis,
711 4368 796 4450 petit
810 4368 936 4452 aliquid
953 4367 1017 4433 sibi
1032 4369 1196 4451 praestari,
1212 4372 1251 4431 ut
1265 4367 1428 4431 debitum.
1445 4366 1540 4432 Unde

365 4471 438 4536 lnn.
454 4472 496 4536 ΙΙΙ
512 4473 686 4538 damnavit
700 4481 902 4557 sequentem
915 4476 1185 4558 propositionem
1202 4495 1209 4540 :
1230 4501 1245 4533 α
1261 4473 1370 4539 Usura
1388 4493 1457 4539 non
1477 4479 1541 4550 est,

367 4582 449 4646 dum
464 4581 552 4646 ultra
569 4587 698 4647 sortem
721 4583 847 4667 aliquid
869 4583 1027 4665 exigitur,
1052 4588 1215 4667 tanquam
1235 4601 1277 4648 ex
1301 4583 1544 4651 benevolentia

254 4723 258 4730 ·
367 4694 402 4753 et
411 4689 617 4770 gratitudine
633 4691 796 4756 debitum.
808 4717 823 4750 n
834 4692 961 4758 Tamen
971 4693 1000 4756 si
1016 4693 1090 4777 quis
1100 4696 1232 4775 peteret
1245 4691 1372 4778 aliquid
1383 4693 1446 4757 sibi
1459 4711 1545 4777 pree-
