3418 5566
553 623 641 670 maan
662 621 790 678 omarus
809 618 1033 687 naeaaraaruu.
1325 597 1384 662 389
1409 583 1412 592 ’

213 737 315 817 Alias,
331 738 451 806 eleetio
465 740 554 806 inter
569 738 825 805 matrimonium
841 741 876 802 et
894 736 1104 802 dotationem
1118 739 1170 802 eet
1189 755 1295 820 penes
1313 741 1384 799 etu-

212 852 396 930 pratorem‚
412 849 477 913 nisi
493 849 582 914 adsit
594 848 777 933 promissio
795 849 1014 926 matrimonii,
1035 850 1074 912 ut
1092 846 1220 912 ‹liotum
1242 848 1314 920 est;
1329 843 1386 909 vel

212 957 468 1021 matrimonium
484 958 529 1022 sit
542 956 681 1022 unicum
693 959 846 1023 medium
855 954 1060 1022 resarciendi
1075 955 1250 1019 damnum.

253 1063 286 1128 Si
302 1083 371 1130 non
383 1069 510 1149 posset,
525 1066 569 1130 ob
583 1065 744 1147 inopiam,
766 1066 949 1132 defloratur
962 1063 1077 1129 dotem
1089 1065 1264 1146 praestare,
1284 1061 1386 1144 suin-

212 1174 522 1256 eituriustigationi
536 1173 592 1238 vel
602 1175 791 1240 detruditur
808 1176 845 1238 in
860 1173 1106 1240 monasterium
1135 1178 1194 1238 aut
1215 1188 1387 1236 eareerem
1446 1224 1449 1249 ,
1496 1262 1498 1273 Ι

191 1369 193 1372 ¹
212 1283 297 1366 (aap.
314 1283 329 1346 l
345 1283 417 1366 huj.
435 1284 483 1365 t).
499 1283 575 1348 latae
589 1301 700 1367 poenae
712 1283 976 1368 imponebantur
987 1284 1023 1348 in
1041 1283 1140 1346 terrie
1155 1279 1388 1363 temporaliter

214 1389 375 1473 subjectis
395 1388 550 1456 Eoelesiae
579 1389 757 1467 Romanae3
781 1391 863 1455 item
891 1392 926 1455 in
950 1390 1048 1454 terris
1072 1388 1206 1472 imperii
1227 1386 1383 1462 Romani,

147 1508 149 1518 '
213 1498 349 1584 quando
364 1516 467 1564 eausa
480 1499 516 1562 in
527 1498 685 1563 tribunali
700 1497 926 1564 ecelesiastica
942 1502 1014 1562 erat
1025 1496 1219 1581 judicanda.

253 1609 286 1690 d)
300 1608 425 1689 Quibus
433 1609 467 1673 in
478 1609 607 1673 casibus
617 1609 666 1673 ad
671 1609 759 1674 nibil
771 1617 927 1700 teneatur
933 1607 1128 1692 stuprator?
1140 1607 1171 1670 l⁰
1182 1605 1216 1668 Si
1226 1602 1341 1688 puella
1350 1603 1386 1666 in

214 1717 265 1780 eui
280 1714 511 1793 violationem,
532 1716 626 1783 nulla
643 1717 892 1782 interveniente
911 1717 945 1780 vi
962 1719 1022 1780 aut
1039 1714 1170 1792 fraudo,
1195 1707 1255 1779 aut
1274 1715 1380 1788 metu,

214 1828 334 1908 sponte
348 1824 392 1889 ad
405 1824 439 1888 id
451 1842 487 1889 se
503 1823 689 1900 offerendo,
705 1825 879 1888 consensit
895 1845 902 1886 ε
920 1825 999 1908 quia
1013 1842 1041 1888 e.
1058 1824 1087 1900 l,
1101 1824 1121 1888 t
1137 1824 1171 1886 h.
1190 1826 1212 1884 t.
1230 1819 1382 1902 obligant

213 1931 309 1996 illum
318 1931 375 2015 qui
383 1931 552 2012 virginem
563 1956 578 1988 a
588 1931 722 1997 seduxit
731 1929 787 1996 vol
797 1933 929 2014 derepit
940 1949 1095 2014 »;porro,
1112 1929 1274 1994 innostro
1288 1947 1380 2003 casu,

213 2039 351 2105 nonfuit
360 2034 559 2106 seduetn'vel
573 2041 722 2124 derepta.
733 2041 830 2106 Ratio
840 2045 901 2117 est,
913 2040 993 2124 quia
1002 2039 1164 2122 obligatio
1172 2037 1317 2103 dueeudi
1327 2036 1384 2101 vel

214 2148 351 2213 dotandi
368 2147 479 2214 solum
498 2147 636 2215 inducta
650 2155 702 2215 est
720 2151 757 2214 in
776 2149 1090 2234 compensationem
1109 2148 1244 2231 injuria
1264 2145 1381 2222 illatae;
1433 2185 1436 2194 ,

213 2257 274 2322 sed
289 2258 409 2322 scienti
421 2261 456 2322 et
469 2259 694 2324 consentienti
710 2277 779 2323 non
793 2259 832 2322 ilt
847 2259 982 2341 injuria.
1003 2257 1070 2322 Neo
1092 2257 1218 2340 injuria
1238 2253 1384 2338 parenti-

213 2365 276 2430 bus
287 2365 422 2431 videtur
436 2365 595 2447 irrogata,
611 2384 689 2431 oum
704 2371 862 2450 parentes
878 2368 936 2449 jus
957 2383 1027 2429 non
1040 2366 1191 2430 habeant
1206 2363 1242 2427 in
1259 2377 1383 2444 eorpus

211 2473 354 2554 virginis
370 2479 550 2557 stupratae;
566 2473 622 2538 alii
633 2479 747 2538 tamen
757 2475 965 2541 eontrarium
976 2473 1129 2538 sentinat
1139 2470 1246 2555 (Apud
1256 2469 1381 2551 stig,

213 2581 233 2646 l.
251 2601 291 2676 o,
310 2603 343 2647 n.
360 2584 430 2661 614,
448 2589 482 2648 at
496 2584 651 2668 superius
666 2583 697 2661 l,
709 2585 749 2666 b).

251 2690 345 2767 lade,
371 2692 428 2775 qui
453 2693 678 2768 suasionibus,
706 2691 887 2770 blanditiis,
915 2697 978 2758 ete.
1007 2691 1142 2755 induxit
1163 2688 1312 2773 puellam
1339 2687 1382 2752 ad
1439 2735 1445 2752 ,

210 2816 417 2863 eonsensum
433 2799 469 2862 in
486 2804 652 2882 stuprum,
672 2798 880 2882 probabilius
899 2817 969 2863 non
991 2802 1136 2874 tenetur,
1163 2795 1284 2860 saltem
1303 2799 1383 2859 ante

91 2989 95 2996 Ι
211 2907 416 2972 sententiam
425 2906 559 2989 judicis,
573 2907 688 2971 dotare
702 2906 893 2971 autduoere
908 2905 1021 2970 illam:
1038 2905 1124 2969 ratio
1140 2911 1201 2980 est,
1224 2903 1383 2986 quiapro-

210 3031 278 3090 oes,
296 3013 484 3090 suasiones,
500 3031 655 3090 munera,
678 3017 740 3077 ete.
761 3014 832 3078 vim
847 3031 917 3078 non
931 3014 1083 3077 inierunt
1107 3029 1170 3075 neo
1190 3007 1384 3074 involunta-

211 3123 300 3185 rium
315 3121 453 3196 faoiuut,
470 3121 572 3186 etiam
582 3121 738 3185 mixtum.
749 3121 853 3186 Sonus
868 3121 1029 3198 tamen,si
1039 3137 1158 3202 praees
1170 3118 1316 3182 tuissent
1327 3115 1383 3180 ad-

211 3228 325 3292 hibitae
340 3247 361 3293 a
374 3229 525 3304 domino,
541 3230 726 3312 superiore,
743 3247 804 3294 seu
826 3228 1017 3310 generatim
1047 3246 1066 3291 a
1091 3243 1238 3310 persona
1258 3225 1312 3288 oui
1334 3223 1384 3287 ie-

211 3334 305 3399 mina
315 3334 491 3400 sollicitata
500 3354 572 3401 non
586 3335 790 3401 audatiaeile
802 3335 991 3410 dissentire,
1002 3334 1056 3398 vel
1065 3329 1382 3416 otiamprababilius

187 3521 191 3528 p
213 3442 241 3506 ai
255 3442 400 3507 fuissent
412 3443 511 3508 valde
526 3443 751 3526 importunae:
769 3461 836 3527 quo
853 3460 935 3508 essu
955 3446 1126 3524 stuprator
1145 3444 1262 3523 posset
1280 3439 1383 3504 etiam

212 3550 320 3614 teneri
333 3550 375 3614 ad
389 3551 644 3615 matrimonium
658 3550 702 3628 (S.
719 3551 800 3632 big„
827 3551 848 3614 l.
875 3570 914 3625 a,
929 3569 962 3613 n.
981 3549 1062 3632 ota),
1078 3548 1210 3613 sublata
1223 3545 1383 3612 facultate

213 3657 359 3740 eligendi
373 3660 462 3724 inter
476 3659 686 3724 dotationem
702 3664 736 3724 et
749 3661 1015 3725 matrimonium.

251 3769 284 3832 Ψ
297 3769 390 3833 Alter
401 3787 501 3835 oasue
516 3774 578 3846 eat,
594 3770 729 3853 quando
748 3769 882 3844 mulier,
899 3774 976 3854 post
989 3769 1254 3852 corruptionem,
1270 3767 1384 3832 viram

213 3880 287 3960 ejus
300 3878 504 3943 conditionis
520 3879 660 3952 invenit,
677 3897 716 3944 ao
732 3879 759 3942 si
773 3879 895 3943 fuisset
908 3880 1017 3961 virgo.
1033 3877 1072 3942 ln
1085 3879 1150 3944 boe
1163 3896 1255 3953 casu,
1283 3875 1385 3940 dello-

212 3989 305 4050 ratur
319 3985 471 4067 virginis,
489 3985 609 4050 saltem
630 3991 708 4052 ante
730 3986 947 4061 sententiam,
970 4004 1040 4050 non
1060 3990 1197 4050 tenetur
1218 3983 1385 4049 adullam

214 4093 479 4158 satisfactionem
494 4095 550 4160 vel
563 4095 889 4176 compensationem,
911 4095 990 4178 quia
1010 4093 1143 4158 nullum
1162 4092 1326 4158 damnum
1350 4091 1386 4154 in

212 4201 311 4264 bouis
325 4202 470 4266 fortunat
484 4213 585 4284 passa
595 4206 647 4266 eet
659 4202 831 4278 deflorata,
849 4207 883 4266 et
893 4201 1073 4282 ¹virginitas
1088 4202 1132 4266 eit
1146 4198 1383 4283 irreparabilis.

213 4309 351 4382 Tamen,
367 4309 395 4372 si
409 4315 505 4392 pater
520 4310 634 4375 dotem
648 4329 775 4392 augere
790 4310 939 4384 deberet,
955 4310 1110 4394 utpoasit
1124 4308 1229 4374 tiliam
1241 4309 1276 4371 in
1288 4325 1385 4390 aequa

214 4416 303 4480 bono
324 4415 541 4481 matrimonio
563 4417 739 4495 collocare,
758 4421 857 4502 juxta
872 4418 999 4502 plures,
1024 4421 1195 4501 stuprator
1213 4419 1389 4480 teneretur

214 4523 340 4606 aliquid
360 4523 446 4606 patri
465 4525 662 4600 restituere;
681 4521 741 4590 sed
762 4525 819 4590 alii
838 4525 975 4608 plurimi
993 4529 1130 4605 negant,
1153 4525 1232 4608 quia
1250 4523 1319 4588 fllia
1337 4527 1388 4588 est

214 4631 418 4710 virginitatis
432 4649 503 4695 sura
517 4632 668 4709 domina,-
681 4638 715 4697 et
724 4632 920 4715 nuptiarum
931 4635 1100 4715 jacturam
1110 4633 1179 4714 pati
1189 4631 1320 4708 volans,
1328 4648 1389 4713 po-

215 4742 292 4813 test,
311 4739 414 4804 etiam
429 4739 597 4804 renitente
616 4745 722 4823 patre,
754 4759 843 4814 aum,
876 4741 981 4804 invita
998 4745 1104 4823 patre,
1125 4741 1255 4828 nubere
1282 4739 1390 4824 possit
