3508 5568
546 549 634 602 crass
654 549 792 609 coluros
813 547 1037 602 occurramus.
1273 573 1278 584 ·
1342 537 1383 604 ¹19

206 671 290 738 salia
316 677 352 740 et
375 671 633 738 matrimonium
662 675 855 756 sequuntur
881 676 1039 738 naturam
1066 670 1212 738 aliorum
1232 675 1382 739 contrac-

207 784 317 861 tuum,
340 798 453 866 neque
469 785 694 846 numerantur
712 780 802 845 inter
819 778 895 845 illos
914 784 1010 846 actus
1030 779 1204 864 legitimos
1225 781 1282 866 qui
1303 799 1381 848 con·

208 887 372 954 ditionem
390 889 461 954 non
475 888 653 972 recipiunt,
669 906 732 954 nac
752 886 853 964 diem,
871 905 915 952 ex
927 907 1000 969 reg.
1026 907 1120 966 ism,
1141 890 1178 954 u.
1204 893 1239 956 et
1256 907 1328 973 reg.
1351 909 1380 966 s,

206 997 242 1060 in
257 997 305 1073 6⁰;
330 1013 412 1079 ergo
433 996 512 1063 iniri
532 1001 678 1081 possunt
695 997 763 1062 snb
775 996 982 1074 conditione,
1004 997 1070 1063 nisi
1089 997 1281 1081 specialiter
1304 997 1381 1066 talis

206 1105 354 1171 conditio
369 1107 478 1189 ajuro
491 1106 703 1189 reprobetur.
786 1163 788 1168 .
829 1183 830 1188 η

246 1213 345 1298 Resp.
357 1213 387 1280 i.
401 1213 554 1279 Conditio
567 1214 714 1281 honesta
729 1213 769 1279 de
781 1213 898 1282 tuturo
910 1214 1121 1298 contingenti
1137 1215 1314 1302 suspendit
1326 1233 1382 1281 va·

205 1320 315 1388 torem
329 1321 601 1408 desponsationis
616 1342 625 1386 :
638 1323 686 1388 ita
699 1339 823 1388 comm.
837 1341 881 1387 ex
894 1341 922 1387 c.
936 1323 967 1400 3,
981 1323 1002 1388 b
1015 1323 1330 1404 h.=t.‚1.xovl1,§s‚
1344 1324 1380 1388 u.

206 1431 248 1496 de
267 1431 303 1497 V.
323 1431 385 1510 O.;
404 1449 484 1496 nam
497 1436 619 1496 natura
631 1429 735 1513 hujus
748 1429 953 1496 conditionis
968 1435 1022 1496 cst
1035 1429 1245 1515 suspendere
1255 1433 1384 1514 ohliga-

205 1541 334 1606 tionem
347 1545 454 1615 actus,
471 1539 580 1606 donec
593 1540 668 1623 ipsa
681 1539 831 1605 conditio
846 1539 986 1604 existat.
1004 1539 1038 1604 si
1061 1543 1177 1605 tamen
1198 1543 1275 1624 ejus
1296 1541 1383 1606 oxis-

206 1649 312 1714 tentia
339 1647 549 1732 culpabiliter
571 1649 615 1715 ab
636 1647 742 1712 altero
765 1647 1004 1730 impediretur,
1030 1647 1179 1714 conditio
1200 1649 1385 1716 haberetur

204 1775 266 1840 pro
279 1755 420 1840 impleta
436 1755 469 1835 (l.
487 1755 590 1834 GLlll,
610 1756 646 1820 ll.
662 1755 704 1820 de
717 1755 756 1822 Η.
772 1756 827 1838 d),
845 1756 895 1819 uti
913 1755 1067 1850 etiam'in
1082 1775 1163 1822 casu
1183 1775 1251 1841 quo
1270 1758 1312 1823 ab
1327 1756 1384 1824 illa

204 1867 431 1932 recederetur.
447 1867 538 1932 Licet
548 1871 665 1931 autem
678 1866 715 1930 in
730 1864 957 1949 sponsalibus,
975 1869 1093 1947 utpote
1108 1870 1232 1932 natura
1250 1884 1313 1932 sua
1331 1885 1384 1934 so·

203 1974 373 2053 lubilibue,
389 1976 539 2043 conditio
554 1975 596 2040 de
610 1981 732 2040 mutuo
744 1992 919 2040 consensu
931 1972 1059 2058 apponi
1072 1957 1180 2057 possit
1194 1978 1272 2058 post
1283 1992 1384 2060 spon-

205 2083 288 2149 salia
307 2089 491 2163 contracta,
515 2090 631 2151 tamen
652 2084 882 2161 matrimonio,
907 2086 1024 2166 utpote
1047 2102 1090 2147 ex
1111 2087 1234 2150 natura
1256 2101 1319 2150 sua
1336 2083 1383 2150 in-

204 2192 349 2269 solubili,
366 2194 489 2278 apponi
500 2193 629 2278 nequit,
646 2193 712 2258 nisi
725 2192 847 2276 inipso
859 2195 1037 2258 contractu
1050 2192 1304 2258 matrimoniali.

243 2300 343 2386 Resp.
373 2299 403 2366 3.
428 2301 680 2368 Matrimonium
698 2301 874 2385 purittcata
889 2300 1092 2380 conditione
1117 2301 1301 2384 perficitur,
1320 2319 1380 2367 seu

203 2412 325 2477 transit
338 2411 374 2476 in
396 2411 590 2476 absolutum
614 2411 741 2495 ubsque
764 2428 855 2476 novo
879 2427 1073 2475 consensu:
1090 2411 1137 2473 ita
1154 2408 1241 2487 lnn.,
1262 2409 1379 2492 Fagn„

204 2519 323 2586 Sanch.
342 2523 376 2584 et
387 2517 444 2584 alii
454 2524 572 2584 contra
580 2519 710 2596 Solum,
728 2516 877 2593 covarr„
889 2517 1041 2594 Barbos,
1054 2521 1131 2592 etc,
1148 2535 1295 2601 quornm
1306 2535 1383 2582 sen·

203 2629 321 2705 tentia,
334 2625 413 2694 licet
432 2626 516 2691 mihi
535 2627 692 2692 videatur
715 2625 829 2690 minus
850 2623 1043 2708 probabilis,
1070 2631 1122 2690 est
1143 2630 1258 2690 tamen
1279 2624 1384 2690 tutior

174 2743 177 2752 ’
203 2740 238 2801 et
253 2735 427 2802 suadenda
440 2735 476 2800 in
489 2735 586 2818 praxi
601 2735 644 2800 ad
657 2734 826 2800 tollendos
840 2751 961 2798 omnes
978 2733 1165 2817 scrupulos.
1187 2733 1283 2798 Proh.
1308 2751 1379 2814 arg.
1402 2771 1407 2782 ι
1467 2771 1471 2782 ·

203 2845 347 2912 aliorum
360 2849 606 2921 contractuum,
626 2844 695 2928 qui,
723 2843 900 2927 purificata
914 2841 1120 2918 conditione,
1148 2845 1327 2907 transeunt
1347 2842 1382 2906 in

204 2951 378 3017 absolutos
404 2953 533 3035 absque
556 2969 647 3016 novo
660 2968 830 3016 consensu
845 2950 878 3032 (l.
894 2948 962 3028 Vll,
976 2949 1013 3012 ff.
1030 2949 1072 3013 de
1088 2948 1249 3014 Controb.
1266 2957 1381 3034 empt,

203 3059 278 3138 all,
294 3062 330 3126 u.
349 3061 535 3146 Ooipotior
550 3061 584 3124 in
592 3061 753 3145 pipern),
770 3061 910 3125 utisunt
926 3059 1098 3142 sponsalia
1113 3059 1154 3140 (c.
1171 3059 1200 3134 l,
1220 3057 1261 3122 dc
1272 3057 1383 3142 Spon'-

202 3169 278 3244 sot,
291 3167 327 3233 iu
341 3169 396 3250 6⁰),
407 3169 486 3253 quia
497 3186 687 3234 consensus
697 3169 790 3250 prior
799 3165 975 3232 moraliter
984 3169 1192 3248 perseverat,
1204 3165 1291 3229 sicut
1302 3183 1381 3230 con-

203 3294 325 3344 sensus
339 3275 532 3361 principalis
544 3275 776 3342 contrahentis
794 3295 855 3359 per
872 3279 1149 3359 procuratorem
1172 3290 1254 3353 ergo
1270 3273 1382 3357 posita

202 3385 408 3462 conditione,
434 3367 622 3450 consensus
638 3381 908 3448 matrimoniales
923 3383 1011 3447 ssunt
1032 3379 1178 3447 absoluti
1200 3384 1235 3445 et
1258 3380 1381 3444 eodem

203 3498 379 3558 momento
404 3493 581 3560 consscitur
609 3496 862 3558 sacramentum
887 3489 1116 3566 matrimonii,
1139 3487 1329 3572 praesertim
1352 3487 1380 3550 si

202 3601 351 3667 conditio
366 3601 499 3667 notorie
518 3602 642 3666 existat
660 3607 762 3684 atqua
781 3600 974 3664 innotescat
994 3597 1142 3682 parocho
1165 3603 1199 3662 et
1223 3597 1377 3662 testibus.

204 3709 301 3787 Quod
329 3711 357 3774 si
379 3712 559 3777 existentia
584 3709 787 3776 conditionis
808 3727 879 3774 non
901 3708 945 3770 sit
966 3708 1110 3784 notoria,
1138 3704 1263 3772 docent
1284 3705 1378 3782 Nau,

203 3819 352 3903 uoaug,
370 3819 504 3896 Sanch.‚
528 3820 630 3902 Fagn.
653 3819 768 3895 etalii,
788 3837 831 3883 cx
847 3817 984 3883 decreto
1000 3817 1032 3881 S.
1050 3817 1099 3881 Pii
1113 3815 1140 3880 V
1152 3821 1186 3881 et
1197 3815 1300 3880 Clem.
1311 3813 1378 3892 Vll,

203 3947 274 3992 non
295 3947 370 3994 esse
391 3947 477 4012 opus
500 3934 539 3994 ut
559 3928 707 4013 parocho
735 3932 769 3992 et
792 3927 935 3991 testibus
962 3926 1201 3991 manifestetur
1227 3922 1379 4009 impletio

201 4034 423 4116 conditionis,
444 4037 523 4121 quia
536 4037 608 4102 heac
622 4035 860 4101 retrotrahitur
874 4034 918 4100 ad
936 4038 1072 4117 tempus
1086 4033 1247 4099 celebrati
1261 4031 1377 4097 matri-

201 4145 308 4211 monii
322 4163 438 4212 corsm
450 4146 598 4230 parocho
614 4150 649 4209 et
664 4144 823 4220 testibus,
842 4147 876 4208 et
889 4143 1084 4208 Tridentino
1098 4139 1219 4206 satissst
1233 4157 1275 4205 eo
1288 4138 1379 4224 quod

189 4253 457 4338 ¹matrimonium
469 4253 559 4318 istud
574 4253 618 4318 sit
631 4249 826 4335 probabile,
841 4268 955 4334 neque
970 4249 1211 4315 contrahentes
1229 4244 1379 4312 adalind

200 4360 382 4426 convolare
396 4361 539 4444 possint,
558 4360 666 4426 donec
682 4359 883 4424 discutiatur
895 4376 999 4422 causa
1011 4355 1133 4440 prioris
1156 4353 1376 4420 matrimonii.

201 4469 239 4535 ln
253 4470 350 4554 praxi
365 4475 480 4535 tamen
495 4469 647 4536 securius
662 4474 714 4534 est
728 4474 768 4533 ut
779 4467 932 4554 impletio
953 4465 1158 4531 conditionis
1181 4463 1391 4528 manifeste·'

202 4584 259 4643 tur
284 4580 431 4663 parocho
461 4582 496 4644 et
518 4579 682 4655 testibus,
709 4578 789 4662 qnia
808 4575 845 4640 hi
868 4573 1041 4640 tcstisscari
1068 4592 1137 4639 non
1159 4577 1302 4656 possent
1335 4571 1377 4635 de

201 4688 419 4757 matrimonio
434 4685 592 4753 absoluto
605 4687 742 4772 (haym,
764 4683 874 4767 tingi,
899 4683 1062 4760 Schmier,
1082 4682 1171 4765 etc).
1187 4679 1235 4746 llx
1258 4684 1379 4746 nostra
