<?xml version="1.0" encoding="UTF-8"?>
<!DOCTYPE html PUBLIC "-//W3C//DTD XHTML 1.0 Transitional//EN"
    "http://www.w3.org/TR/xhtml1/DTD/xhtml1-transitional.dtd">
<html xmlns="http://www.w3.org/1999/xhtml" xml:lang="en" lang="en">
 <head>
  <title>
</title>
<meta http-equiv="Content-Type" content="text/html;charset=utf-8" />
  <meta name='ocr-system' content='tesseract 3.04.00' />
  <meta name='ocr-capabilities' content='ocr_page ocr_carea ocr_par ocr_line ocrx_word'/>
</head>
<body>
  <div class='ocr_page' id='page_1' title='image "./juscanonicumjux01grangoog/juscanonicumjux01grangoog_0266.png"; bbox 0 0 3482 5560; ppageno 0'>
   <div class='ocr_carea' id='block_1_1' title="bbox 311 540 1561 766">
    <p class='ocr_par' dir='ltr' id='par_1_1' title="bbox 311 540 1561 766">
     <span class='ocr_line' id='line_1_1' title="bbox 311 540 1101 614; baseline 0 -3"><span class='ocrx_word' id='word_1_1' title='bbox 311 593 314 600; x_wconf 81' lang='lat'><em>-</em></span> <span class='ocrx_word' id='word_1_2' title='bbox 386 548 445 612; x_wconf 74' lang='lat' dir='ltr'>iat</span> <span class='ocrx_word' id='word_1_3' title='bbox 843 567 892 613; x_wconf 78' lang='lat' dir='ltr'>aas</span> <span class='ocrx_word' id='word_1_4' title='bbox 914 540 1101 614; x_wconf 77' lang='lat' dir='ltr'>erroreum.¹</span> 
     </span>
     <span class='ocr_line' id='line_1_2' title="bbox 388 680 1561 766; baseline 0.004 -21"><span class='ocrx_word' id='word_1_5' title='bbox 388 680 606 764; x_wconf 88' lang='lat' dir='ltr'>quisitioncm</span> <span class='ocrx_word' id='word_1_6' title='bbox 618 682 799 766; x_wconf 79' lang='lat' dir='ltr'>specialem</span> <span class='ocrx_word' id='word_1_7' title='bbox 811 690 929 749; x_wconf 89' lang='lat' dir='ltr'>contra</span> <span class='ocrx_word' id='word_1_8' title='bbox 944 684 1182 749; x_wconf 89' lang='lat' dir='ltr'>denuntiatum</span> <span class='ocrx_word' id='word_1_9' title='bbox 1198 703 1205 746; x_wconf 93' lang='lat'><strong>:</strong></span> <span class='ocrx_word' id='word_1_10' title='bbox 1222 683 1270 748; x_wconf 89' lang='lat' dir='ltr'>ita</span> <span class='ocrx_word' id='word_1_11' title='bbox 1288 683 1391 748; x_wconf 89' lang='lat' dir='ltr'>etiam</span> <span class='ocrx_word' id='word_1_12' title='bbox 1407 686 1465 766; x_wconf 85' lang='lat' dir='ltr'>jus</span> <span class='ocrx_word' id='word_1_13' title='bbox 1489 685 1561 750; x_wconf 89' lang='lat' dir='ltr'>Gal-</span> 
     </span>
    </p>
   </div>
   <div class='ocr_carea' id='block_1_2' title="bbox 283 786 1561 876">
    <p class='ocr_par' dir='ltr' id='par_1_2' title="bbox 283 786 1561 876">
     <span class='ocr_line' id='line_1_3' title="bbox 283 786 1561 876; baseline 0.002 -23"><span class='ocrx_word' id='word_1_14' title='bbox 283 847 287 853; x_wconf 91' lang='lat'>.</span> <span class='ocrx_word' id='word_1_15' title='bbox 386 786 490 852; x_wconf 87' lang='lat' dir='ltr'>licum</span> <span class='ocrx_word' id='word_1_16' title='bbox 508 788 598 870; x_wconf 81' lang='lat' dir='ltr'>(God.</span> <span class='ocrx_word' id='word_1_17' title='bbox 616 789 711 854; x_wconf 90' lang='lat' dir='ltr'>instr.</span> <span class='ocrx_word' id='word_1_18' title='bbox 730 791 838 866; x_wconf 83' lang='lat' dir='ltr'>crim,</span> <span class='ocrx_word' id='word_1_19' title='bbox 855 797 917 856; x_wconf 89' lang='lat' dir='ltr'>art.</span> <span class='ocrx_word' id='word_1_20' title='bbox 936 792 998 876; x_wconf 81' lang='lat' dir='ltr'>ti).</span> <span class='ocrx_word' id='word_1_21' title='bbox 1019 791 1143 856; x_wconf 88' lang='lat' dir='ltr'>Verum</span> <span class='ocrx_word' id='word_1_22' title='bbox 1160 789 1187 854; x_wconf 92' lang='lat' dir='ltr'>si</span> <span class='ocrx_word' id='word_1_23' title='bbox 1203 790 1415 856; x_wconf 70' lang='lat' dir='ltr'>denuntiatio</span> <span class='ocrx_word' id='word_1_24' title='bbox 1429 792 1561 876; x_wconf 88' lang='lat' dir='ltr'>privata</span> 
     </span>
    </p>
   </div>
   <div class='ocr_carea' id='block_1_3' title="bbox 340 885 1560 2174">
    <p class='ocr_par' dir='ltr' id='par_1_3' title="bbox 384 885 1560 1414">
     <span class='ocr_line' id='line_1_4' title="bbox 388 885 1560 983; baseline 0.005 -24"><span class='ocrx_word' id='word_1_25' title='bbox 388 897 441 973; x_wconf 91' lang='lat' dir='ltr'>sit,</span> <span class='ocrx_word' id='word_1_26' title='bbox 466 915 527 962; x_wconf 89' lang='lat' dir='ltr'>seu</span> <span class='ocrx_word' id='word_1_27' title='bbox 547 898 635 963; x_wconf 83' lang='lat' dir='ltr'>lacta</span> <span class='ocrx_word' id='word_1_28' title='bbox 654 897 696 963; x_wconf 92' lang='lat' dir='ltr'>ad</span> <span class='ocrx_word' id='word_1_29' title='bbox 714 901 885 982; x_wconf 89' lang='lat' dir='ltr'>privatum</span> <span class='ocrx_word' id='word_1_30' title='bbox 898 901 1075 976; x_wconf 87' lang='lat' dir='ltr'>interesse,</span> <span class='ocrx_word' id='word_1_31' title='bbox 1090 900 1119 964; x_wconf 89' lang='lat' dir='ltr'>ei</span> <span class='ocrx_word' id='word_1_32' title='bbox 1136 885 1295 983; x_wconf 74' lang='lat' dir='ltr'>praem&#39;itti</span> <span class='ocrx_word' id='word_1_33' title='bbox 1310 900 1421 976; x_wconf 87' lang='lat' dir='ltr'>dehet,</span> <span class='ocrx_word' id='word_1_34' title='bbox 1439 901 1560 966; x_wconf 86' lang='lat' dir='ltr'>saltem</span> 
     </span>
     <span class='ocr_line' id='line_1_5' title="bbox 387 1003 1560 1092; baseline 0.003 -26"><span class='ocrx_word' id='word_1_35' title='bbox 387 1003 521 1086; x_wconf 85' lang='lat' dir='ltr'>exlege</span> <span class='ocrx_word' id='word_1_36' title='bbox 536 1006 718 1082; x_wconf 86' lang='lat' dir='ltr'>charitatis,</span> <span class='ocrx_word' id='word_1_37' title='bbox 735 1006 922 1072; x_wconf 82' lang='lat' dir='ltr'>admonitio</span> <span class='ocrx_word' id='word_1_38' title='bbox 936 1009 1074 1092; x_wconf 81' lang='lat' dir='ltr'>praevia,</span> <span class='ocrx_word' id='word_1_39' title='bbox 1091 1009 1120 1072; x_wconf 90' lang='lat' dir='ltr'>si</span> <span class='ocrx_word' id='word_1_40' title='bbox 1134 1007 1298 1072; x_wconf 90' lang='lat' dir='ltr'>damnum</span> <span class='ocrx_word' id='word_1_41' title='bbox 1320 1007 1404 1073; x_wconf 88' lang='lat' dir='ltr'>citra</span> <span class='ocrx_word' id='word_1_42' title='bbox 1421 1007 1560 1089; x_wconf 90' lang='lat' dir='ltr'>inquisi-</span> 
     </span>
     <span class='ocr_line' id='line_1_6' title="bbox 386 1112 1559 1199; baseline 0.004 -23"><span class='ocrx_word' id='word_1_43' title='bbox 386 1112 516 1177; x_wconf 89' lang='lat' dir='ltr'>tionem</span> <span class='ocrx_word' id='word_1_44' title='bbox 527 1113 624 1178; x_wconf 86' lang='lat' dir='ltr'>iacile</span> <span class='ocrx_word' id='word_1_45' title='bbox 638 1115 728 1178; x_wconf 87' lang='lat' dir='ltr'>inter</span> <span class='ocrx_word' id='word_1_46' title='bbox 740 1115 891 1198; x_wconf 84' lang='lat' dir='ltr'>privatos</span> <span class='ocrx_word' id='word_1_47' title='bbox 905 1115 1055 1198; x_wconf 88' lang='lat' dir='ltr'>reparari</span> <span class='ocrx_word' id='word_1_48' title='bbox 1069 1115 1187 1199; x_wconf 87' lang='lat' dir='ltr'>possit.</span> <span class='ocrx_word' id='word_1_49' title='bbox 1202 1114 1329 1180; x_wconf 85' lang='lat' dir='ltr'>Tamen</span> <span class='ocrx_word' id='word_1_50' title='bbox 1343 1115 1401 1180; x_wconf 85' lang='lat' dir='ltr'>lex</span> <span class='ocrx_word' id='word_1_51' title='bbox 1413 1115 1559 1197; x_wconf 86' lang='lat' dir='ltr'>positiva</span> 
     </span>
     <span class='ocr_line' id='line_1_7' title="bbox 384 1221 1557 1306; baseline 0.003 -22"><span class='ocrx_word' id='word_1_52' title='bbox 384 1239 456 1285; x_wconf 91' lang='lat' dir='ltr'>non</span> <span class='ocrx_word' id='word_1_53' title='bbox 469 1221 649 1304; x_wconf 84' lang='lat' dir='ltr'>adstringit</span> <span class='ocrx_word' id='word_1_54' title='bbox 668 1222 821 1305; x_wconf 87' lang='lat' dir='ltr'>judicem</span> <span class='ocrx_word' id='word_1_55' title='bbox 846 1223 990 1288; x_wconf 83' lang='lat' dir='ltr'>adhunc</span> <span class='ocrx_word' id='word_1_56' title='bbox 1007 1225 1306 1306; x_wconf 70' lang='lat' dir='ltr'>praemonitionem</span> <span class='ocrx_word' id='word_1_57' title='bbox 1329 1221 1418 1304; x_wconf 80' lang='lat' dir='ltr'>(vida</span> <span class='ocrx_word' id='word_1_58' title='bbox 1439 1228 1501 1288; x_wconf 86' lang='lat' dir='ltr'>art.</span> <span class='ocrx_word' id='word_1_59' title='bbox 1518 1223 1557 1288; x_wconf 82' lang='lat'>63</span> 
     </span>
     <span class='ocr_line' id='line_1_8' title="bbox 385 1329 810 1414; baseline 0.002 -21"><span class='ocrx_word' id='word_1_60' title='bbox 385 1333 420 1393; x_wconf 87' lang='lat' dir='ltr'>et</span> <span class='ocrx_word' id='word_1_61' title='bbox 432 1329 561 1394; x_wconf 76' lang='lat' dir='ltr'>leod.</span> <span class='ocrx_word' id='word_1_62' title='bbox 577 1331 673 1394; x_wconf 89' lang='lat' dir='ltr'>instr.</span> <span class='ocrx_word' id='word_1_63' title='bbox 690 1333 810 1414; x_wconf 81' lang='lat' dir='ltr'>crim).</span> 
     </span>
    </p>

    <p class='ocr_par' dir='ltr' id='par_1_4' title="bbox 340 1437 1558 2174">
     <span class='ocr_line' id='line_1_9' title="bbox 422 1437 1558 1524; baseline 0.002 -22"><span class='ocrx_word' id='word_1_64' title='bbox 422 1437 471 1502; x_wconf 84' lang='lat' dir='ltr'>Ex</span> <span class='ocrx_word' id='word_1_65' title='bbox 491 1437 598 1504; x_wconf 87' lang='lat' dir='ltr'>altera</span> <span class='ocrx_word' id='word_1_66' title='bbox 619 1443 726 1523; x_wconf 89' lang='lat' dir='ltr'>parte,</span> <span class='ocrx_word' id='word_1_67' title='bbox 752 1439 964 1506; x_wconf 82' lang='lat' dir='ltr'>denuntiatio</span> <span class='ocrx_word' id='word_1_68' title='bbox 983 1442 1072 1506; x_wconf 85' lang='lat' dir='ltr'>facta</span> <span class='ocrx_word' id='word_1_69' title='bbox 1092 1440 1351 1508; x_wconf 82' lang='lat' dir='ltr'>denuntiantem</span> <span class='ocrx_word' id='word_1_70' title='bbox 1378 1441 1558 1524; x_wconf 78' lang='lat' dir='ltr'>adstringit</span> 
     </span>
     <span class='ocr_line' id='line_1_10' title="bbox 383 1547 1558 1633; baseline 0.003 -25"><span class='ocrx_word' id='word_1_71' title='bbox 383 1549 422 1609; x_wconf 91' lang='lat' dir='ltr'>ut</span> <span class='ocrx_word' id='word_1_72' title='bbox 435 1549 540 1610; x_wconf 87' lang='lat' dir='ltr'>testas</span> <span class='ocrx_word' id='word_1_73' title='bbox 559 1547 725 1625; x_wconf 88' lang='lat' dir='ltr'>nominet,</span> <span class='ocrx_word' id='word_1_74' title='bbox 743 1548 962 1630; x_wconf 84' lang='lat' dir='ltr'>probationes</span> <span class='ocrx_word' id='word_1_75' title='bbox 977 1567 1062 1633; x_wconf 87' lang='lat' dir='ltr'>quas</span> <span class='ocrx_word' id='word_1_76' title='bbox 1082 1549 1196 1628; x_wconf 89' lang='lat' dir='ltr'>habet,</span> <span class='ocrx_word' id='word_1_77' title='bbox 1209 1549 1315 1632; x_wconf 89' lang='lat' dir='ltr'>judici</span> <span class='ocrx_word' id='word_1_78' title='bbox 1334 1556 1505 1632; x_wconf 80' lang='lat' dir='ltr'>suggerat,</span> <span class='ocrx_word' id='word_1_79' title='bbox 1523 1553 1558 1612; x_wconf 88' lang='lat' dir='ltr'>ct</span> 
     </span>
     <span class='ocr_line' id='line_1_11' title="bbox 340 1651 1557 1740; baseline 0.003 -22"><span class='ocrx_word' id='word_1_80' title='bbox 340 1676 343 1684; x_wconf 91' lang='lat'>·</span> <span class='ocrx_word' id='word_1_81' title='bbox 384 1651 425 1718; x_wconf 88' lang='lat' dir='ltr'>ca</span> <span class='ocrx_word' id='word_1_82' title='bbox 448 1673 523 1737; x_wconf 87' lang='lat' dir='ltr'>quae</span> <span class='ocrx_word' id='word_1_83' title='bbox 544 1654 586 1720; x_wconf 87' lang='lat' dir='ltr'>dc</span> <span class='ocrx_word' id='word_1_84' title='bbox 605 1656 747 1720; x_wconf 88' lang='lat' dir='ltr'>crimina</span> <span class='ocrx_word' id='word_1_85' title='bbox 771 1656 877 1732; x_wconf 84' lang='lat' dir='ltr'>novit,</span> <span class='ocrx_word' id='word_1_86' title='bbox 894 1657 1062 1722; x_wconf 90' lang='lat' dir='ltr'>ostendat.</span> <span class='ocrx_word' id='word_1_87' title='bbox 1080 1657 1260 1740; x_wconf 88' lang='lat' dir='ltr'>Disputant</span> <span class='ocrx_word' id='word_1_88' title='bbox 1274 1657 1340 1720; x_wconf 78' lang='lat' dir='ltr'>iil).</span> <span class='ocrx_word' id='word_1_89' title='bbox 1366 1663 1482 1722; x_wconf 90' lang='lat' dir='ltr'>utrum</span> <span class='ocrx_word' id='word_1_90' title='bbox 1502 1656 1557 1722; x_wconf 87' lang='lat' dir='ltr'>de·</span> 
     </span>
     <span class='ocr_line' id='line_1_12' title="bbox 384 1763 1558 1849; baseline 0.003 -24"><span class='ocrx_word' id='word_1_91' title='bbox 384 1763 546 1828; x_wconf 89' lang='lat' dir='ltr'>nuntians</span> <span class='ocrx_word' id='word_1_92' title='bbox 559 1765 668 1849; x_wconf 93' lang='lat' dir='ltr'>possit</span> <span class='ocrx_word' id='word_1_93' title='bbox 683 1784 758 1830; x_wconf 87' lang='lat' dir='ltr'>csso</span> <span class='ocrx_word' id='word_1_94' title='bbox 773 1766 869 1830; x_wconf 88' lang='lat' dir='ltr'>testis</span> <span class='ocrx_word' id='word_1_95' title='bbox 887 1767 923 1830; x_wconf 93' lang='lat' dir='ltr'>in</span> <span class='ocrx_word' id='word_1_96' title='bbox 939 1785 1042 1832; x_wconf 87' lang='lat' dir='ltr'>causa</span> <span class='ocrx_word' id='word_1_97' title='bbox 1058 1767 1272 1842; x_wconf 85' lang='lat' dir='ltr'>denuntiata;</span> <span class='ocrx_word' id='word_1_98' title='bbox 1292 1783 1372 1831; x_wconf 90' lang='lat' dir='ltr'>cum</span> <span class='ocrx_word' id='word_1_99' title='bbox 1389 1766 1558 1830; x_wconf 88' lang='lat' dir='ltr'>sententia</span> 
     </span>
     <span class='ocr_line' id='line_1_13' title="bbox 382 1872 1557 1956; baseline 0 -22"><span class='ocrx_word' id='word_1_100' title='bbox 382 1873 573 1949; x_wconf 89' lang='lat' dir='ltr'>communi,</span> <span class='ocrx_word' id='word_1_101' title='bbox 595 1872 800 1955; x_wconf 86' lang='lat' dir='ltr'>rejiciendus</span> <span class='ocrx_word' id='word_1_102' title='bbox 814 1878 866 1938; x_wconf 89' lang='lat' dir='ltr'>est</span> <span class='ocrx_word' id='word_1_103' title='bbox 884 1875 919 1938; x_wconf 93' lang='lat' dir='ltr'>in</span> <span class='ocrx_word' id='word_1_104' title='bbox 940 1875 1052 1938; x_wconf 90' lang='lat' dir='ltr'>causis</span> <span class='ocrx_word' id='word_1_105' title='bbox 1074 1873 1309 1956; x_wconf 87' lang='lat' dir='ltr'>gravioribus:</span> <span class='ocrx_word' id='word_1_106' title='bbox 1333 1873 1376 1939; x_wconf 91' lang='lat' dir='ltr'>ob</span> <span class='ocrx_word' id='word_1_107' title='bbox 1397 1873 1557 1938; x_wconf 85' lang='lat' dir='ltr'>allectum</span> 
     </span>
     <span class='ocr_line' id='line_1_14' title="bbox 383 1979 1557 2065; baseline 0.002 -23"><span class='ocrx_word' id='word_1_108' title='bbox 383 1979 426 2042; x_wconf 88' lang='lat' dir='ltr'>ad</span> <span class='ocrx_word' id='word_1_109' title='bbox 446 1997 595 2057; x_wconf 88' lang='lat' dir='ltr'>causam,</span> <span class='ocrx_word' id='word_1_110' title='bbox 614 1979 671 2064; x_wconf 91' lang='lat' dir='ltr'>qui</span> <span class='ocrx_word' id='word_1_111' title='bbox 695 1981 730 2044; x_wconf 94' lang='lat' dir='ltr'>in</span> <span class='ocrx_word' id='word_1_112' title='bbox 752 1983 921 2065; x_wconf 89' lang='lat' dir='ltr'>ejusmodi</span> <span class='ocrx_word' id='word_1_113' title='bbox 943 1983 1055 2048; x_wconf 92' lang='lat' dir='ltr'>causis</span> <span class='ocrx_word' id='word_1_114' title='bbox 1077 1986 1237 2048; x_wconf 88' lang='lat' dir='ltr'>censetur</span> <span class='ocrx_word' id='word_1_115' title='bbox 1254 1999 1412 2065; x_wconf 87' lang='lat' dir='ltr'>magnus,</span> <span class='ocrx_word' id='word_1_116' title='bbox 1434 1979 1557 2046; x_wconf 82' lang='lat' dir='ltr'>merito</span> 
     </span>
     <span class='ocr_line' id='line_1_15' title="bbox 383 2088 881 2174; baseline 0.002 -22"><span class='ocrx_word' id='word_1_117' title='bbox 383 2088 549 2152; x_wconf 86' lang='lat' dir='ltr'>arcendus</span> <span class='ocrx_word' id='word_1_118' title='bbox 565 2095 626 2165; x_wconf 89' lang='lat' dir='ltr'>ast,</span> <span class='ocrx_word' id='word_1_119' title='bbox 643 2095 682 2153; x_wconf 93' lang='lat' dir='ltr'>ut</span> <span class='ocrx_word' id='word_1_120' title='bbox 693 2097 881 2174; x_wconf 88' lang='lat' dir='ltr'>suspectus.</span> 
     </span>
    </p>
   </div>
   <div class='ocr_carea' id='block_1_4' title="bbox 675 2319 1263 2560">
    <p class='ocr_par' dir='ltr' id='par_1_5' title="bbox 675 2319 1263 2560">
     <span class='ocr_line' id='line_1_16' title="bbox 714 2319 1218 2396; baseline 0.002 -19"><span class='ocrx_word' id='word_1_121' title='bbox 714 2319 731 2393; x_wconf 70' lang='lat'>5</span> <span class='ocrx_word' id='word_1_122' title='bbox 745 2322 791 2378; x_wconf 89' lang='lat' dir='ltr'>lii.</span> <span class='ocrx_word' id='word_1_123' title='bbox 808 2319 1002 2394; x_wconf 76' lang='lat' dir='ltr'>depromam</span> <span class='ocrx_word' id='word_1_124' title='bbox 1016 2320 1218 2396; x_wconf 68' lang='lat' dir='ltr'>inquisitoris</span> 
     </span>
     <span class='ocr_line' id='line_1_17' title="bbox 675 2480 1263 2560; baseline -0.005 -14"><span class='ocrx_word' id='word_1_125' title='bbox 675 2494 693 2546; x_wconf 89' lang='lat' dir='ltr'>i.</span> <span class='ocrx_word' id='word_1_126' title='bbox 718 2480 789 2556; x_wconf 77' lang='lat' dir='ltr'>Quid</span> <span class='ocrx_word' id='word_1_127' title='bbox 812 2495 842 2548; x_wconf 90' lang='lat' dir='ltr'>et</span> <span class='ocrx_word' id='word_1_128' title='bbox 861 2493 1013 2560; x_wconf 83' lang='lat' dir='ltr'>quotuplex</span> <span class='ocrx_word' id='word_1_129' title='bbox 1038 2493 1075 2548; x_wconf 90' lang='lat' dir='ltr'>sit</span> <span class='ocrx_word' id='word_1_130' title='bbox 1095 2493 1263 2559; x_wconf 76' lang='lat' dir='ltr'>inquisitio?</span> 
     </span>
    </p>
   </div>
   <div class='ocr_carea' id='block_1_5' title="bbox 360 2635 1556 4792">
    <p class='ocr_par' dir='ltr' id='par_1_6' title="bbox 372 2635 1556 3478">
     <span class='ocr_line' id='line_1_18' title="bbox 422 2635 1555 2728; baseline -0.004 -23"><span class='ocrx_word' id='word_1_131' title='bbox 422 2644 456 2724; x_wconf 84' lang='lat' dir='ltr'>c)</span> <span class='ocrx_word' id='word_1_132' title='bbox 471 2640 866 2728; x_wconf 40' lang='lat' dir='ltr'>Inquisitio,„generatim</span> <span class='ocrx_word' id='word_1_133' title='bbox 888 2649 1035 2727; x_wconf 88' lang='lat' dir='ltr'>sumpta,</span> <span class='ocrx_word' id='word_1_134' title='bbox 1059 2646 1112 2708; x_wconf 89' lang='lat' dir='ltr'>ast</span> <span class='ocrx_word' id='word_1_135' title='bbox 1130 2643 1284 2724; x_wconf 88' lang='lat' dir='ltr'>legitima</span> <span class='ocrx_word' id='word_1_136' title='bbox 1302 2639 1474 2720; x_wconf 87' lang='lat' dir='ltr'>indagatio</span> <span class='ocrx_word' id='word_1_137' title='bbox 1493 2635 1555 2701; x_wconf 91' lang='lat' dir='ltr'>cri-</span> 
     </span>
     <span class='ocr_line' id='line_1_19' title="bbox 381 2747 1555 2835; baseline -0.006 -21"><span class='ocrx_word' id='word_1_138' title='bbox 381 2750 483 2814; x_wconf 90' lang='lat' dir='ltr'>minis</span> <span class='ocrx_word' id='word_1_139' title='bbox 498 2754 532 2814; x_wconf 90' lang='lat' dir='ltr'>et</span> <span class='ocrx_word' id='word_1_140' title='bbox 546 2751 720 2816; x_wconf 79' lang='lat' dir='ltr'>criminosi</span> <span class='ocrx_word' id='word_1_141' title='bbox 734 2769 796 2834; x_wconf 88' lang='lat' dir='ltr'>per</span> <span class='ocrx_word' id='word_1_142' title='bbox 808 2751 985 2834; x_wconf 67' lang='lat' dir='ltr'>praelatum</span> <span class='ocrx_word' id='word_1_143' title='bbox 997 2750 1053 2814; x_wconf 90' lang='lat' dir='ltr'>vel</span> <span class='ocrx_word' id='word_1_144' title='bbox 1068 2750 1253 2835; x_wconf 88' lang='lat' dir='ltr'>quemlibet</span> <span class='ocrx_word' id='word_1_145' title='bbox 1260 2747 1410 2831; x_wconf 87' lang='lat' dir='ltr'>judicem</span> <span class='ocrx_word' id='word_1_146' title='bbox 1422 2762 1555 2826; x_wconf 87' lang='lat' dir='ltr'>compe-</span> 
     </span>
     <span class='ocr_line' id='line_1_20' title="bbox 384 2838 1556 2942; baseline -0.005 -22"><span class='ocrx_word' id='word_1_147' title='bbox 384 2861 511 2922; x_wconf 88' lang='lat' dir='ltr'>tentem</span> <span class='ocrx_word' id='word_1_148' title='bbox 533 2859 631 2934; x_wconf 87' lang='lat' dir='ltr'>facta,</span> <span class='ocrx_word' id='word_1_149' title='bbox 646 2838 803 2923; x_wconf 71' lang='lat' dir='ltr'>uindicta</span> <span class='ocrx_word' id='word_1_150' title='bbox 826 2857 968 2942; x_wconf 82' lang='lat' dir='ltr'>puhlicae</span> <span class='ocrx_word' id='word_1_151' title='bbox 990 2876 1103 2923; x_wconf 88' lang='lat' dir='ltr'>causa.</span> <span class='ocrx_word' id='word_1_152' title='bbox 1128 2857 1286 2941; x_wconf 83' lang='lat' dir='ltr'>Sequitur</span> <span class='ocrx_word' id='word_1_153' title='bbox 1308 2851 1556 2918; x_wconf 85' lang='lat' dir='ltr'>exhacdatlni-</span> 
     </span>
     <span class='ocr_line' id='line_1_21' title="bbox 383 2959 1556 3060; baseline -0.003 -34"><span class='ocrx_word' id='word_1_154' title='bbox 383 2965 473 3030; x_wconf 88' lang='lat' dir='ltr'>tione</span> <span class='ocrx_word' id='word_1_155' title='bbox 490 2987 498 3028; x_wconf 90' lang='lat'><strong>:</strong></span> <span class='ocrx_word' id='word_1_156' title='bbox 522 2967 554 3029; x_wconf 82' lang='grc' dir='ltr'>1ο</span> <span class='ocrx_word' id='word_1_157' title='bbox 575 2966 666 3050; x_wconf 90' lang='lat' dir='ltr'>quod</span> <span class='ocrx_word' id='word_1_158' title='bbox 687 2967 816 3031; x_wconf 86' lang='lat' dir='ltr'>crimen</span> <span class='ocrx_word' id='word_1_159' title='bbox 833 2967 921 3032; x_wconf 90' lang='lat' dir='ltr'>circa</span> <span class='ocrx_word' id='word_1_160' title='bbox 938 2966 1207 3060; x_wconf 19' lang='lat' dir='ltr'>quod-versatur</span> <span class='ocrx_word' id='word_1_161' title='bbox 1227 2961 1412 3047; x_wconf 87' lang='lat' dir='ltr'>inquisitio,</span> <span class='ocrx_word' id='word_1_162' title='bbox 1433 2959 1556 3024; x_wconf 88' lang='lat' dir='ltr'>debeat</span> 
     </span>
     <span class='ocr_line' id='line_1_22' title="bbox 381 3068 1553 3156; baseline -0.003 -20"><span class='ocrx_word' id='word_1_163' title='bbox 381 3091 457 3137; x_wconf 91' lang='lat' dir='ltr'>esse</span> <span class='ocrx_word' id='word_1_164' title='bbox 471 3091 636 3155; x_wconf 86' lang='lat' dir='ltr'>magnum</span> <span class='ocrx_word' id='word_1_165' title='bbox 656 3079 690 3138; x_wconf 90' lang='lat' dir='ltr'>et</span> <span class='ocrx_word' id='word_1_166' title='bbox 707 3072 900 3156; x_wconf 74' lang='lat' dir='ltr'>reipublicae</span> <span class='ocrx_word' id='word_1_167' title='bbox 920 3074 1079 3149; x_wconf 78' lang='lat' dir='ltr'>noxium3</span> <span class='ocrx_word' id='word_1_168' title='bbox 1104 3073 1137 3136; x_wconf 68' lang='lat'>2⁰</span> <span class='ocrx_word' id='word_1_169' title='bbox 1159 3070 1251 3156; x_wconf 90' lang='lat' dir='ltr'>quod</span> <span class='ocrx_word' id='word_1_170' title='bbox 1271 3070 1402 3134; x_wconf 86' lang='lat' dir='ltr'>leviora</span> <span class='ocrx_word' id='word_1_171' title='bbox 1422 3068 1553 3143; x_wconf 86' lang='lat' dir='ltr'>delicta,</span> 
     </span>
     <span class='ocr_line' id='line_1_23' title="bbox 381 3174 1555 3264; baseline -0.006 -19"><span class='ocrx_word' id='word_1_172' title='bbox 381 3200 456 3264; x_wconf 85' lang='lat' dir='ltr'>quae</span> <span class='ocrx_word' id='word_1_173' title='bbox 475 3181 609 3247; x_wconf 84' lang='lat' dir='ltr'>modica·</span> <span class='ocrx_word' id='word_1_174' title='bbox 631 3200 733 3264; x_wconf 83' lang='lat' dir='ltr'>poena</span> <span class='ocrx_word' id='word_1_175' title='bbox 757 3182 952 3264; x_wconf 87' lang='lat' dir='ltr'>pecuniaria</span> <span class='ocrx_word' id='word_1_176' title='bbox 966 3180 1022 3246; x_wconf 85' lang='lat' dir='ltr'>vel</span> <span class='ocrx_word' id='word_1_177' title='bbox 1035 3179 1179 3244; x_wconf 87' lang='lat' dir='ltr'>carceris</span> <span class='ocrx_word' id='word_1_178' title='bbox 1193 3181 1404 3251; x_wconf 75' lang='lat' dir='ltr'>coercentur,</span> <span class='ocrx_word' id='word_1_179' title='bbox 1424 3174 1555 3256; x_wconf 87' lang='lat' dir='ltr'>regula-</span> 
     </span>
     <span class='ocr_line' id='line_1_24' title="bbox 380 3274 1555 3372; baseline -0.007 -20"><span class='ocrx_word' id='word_1_180' title='bbox 380 3288 462 3354; x_wconf 87' lang='lat' dir='ltr'>riter</span> <span class='ocrx_word' id='word_1_181' title='bbox 475 3309 545 3354; x_wconf 92' lang='lat' dir='ltr'>non</span> <span class='ocrx_word' id='word_1_182' title='bbox 559 3294 717 3355; x_wconf 88' lang='lat' dir='ltr'>teneatur</span> <span class='ocrx_word' id='word_1_183' title='bbox 727 3289 836 3372; x_wconf 81' lang='lat' dir='ltr'>judex</span> <span class='ocrx_word' id='word_1_184' title='bbox 851 3289 1036 3372; x_wconf 88' lang='lat' dir='ltr'>inquirere;</span> <span class='ocrx_word' id='word_1_185' title='bbox 1052 3289 1133 3364; x_wconf 94' lang='lat' dir='ltr'>imo,</span> <span class='ocrx_word' id='word_1_186' title='bbox 1151 3288 1274 3370; x_wconf 82' lang='lat' dir='ltr'>saepins</span> <span class='ocrx_word' id='word_1_187' title='bbox 1284 3274 1425 3368; x_wconf 60' lang='lat' dir='ltr'>praestat</span> <span class='ocrx_word' id='word_1_188' title='bbox 1435 3300 1476 3347; x_wconf 89' lang='lat' dir='ltr'>aa</span> <span class='ocrx_word' id='word_1_189' title='bbox 1489 3281 1555 3346; x_wconf 93' lang='lat' dir='ltr'>dis-</span> 
     </span>
     <span class='ocr_line' id='line_1_25' title="bbox 372 3397 550 3478; baseline 0.006 -16"><span class='ocrx_word' id='word_1_190' title='bbox 372 3397 550 3478; x_wconf 87' lang='lat' dir='ltr'>simulare.</span> 
     </span>
    </p>

    <p class='ocr_par' dir='ltr' id='par_1_7' title="bbox 379 3498 1554 3916">
     <span class='ocr_line' id='line_1_26' title="bbox 418 3498 1554 3591; baseline -0.011 -17"><span class='ocrx_word' id='word_1_191' title='bbox 418 3510 516 3576; x_wconf 86' lang='lat' dir='ltr'>Ratio</span> <span class='ocrx_word' id='word_1_192' title='bbox 533 3508 770 3574; x_wconf 88' lang='lat' dir='ltr'>introducendi</span> <span class='ocrx_word' id='word_1_193' title='bbox 794 3508 936 3573; x_wconf 90' lang='lat' dir='ltr'>modum</span> <span class='ocrx_word' id='word_1_194' title='bbox 954 3505 1183 3591; x_wconf 89' lang='lat' dir='ltr'>inquisitionis</span> <span class='ocrx_word' id='word_1_195' title='bbox 1204 3507 1298 3587; x_wconf 89' lang='lat' dir='ltr'>justa</span> <span class='ocrx_word' id='word_1_196' title='bbox 1316 3502 1391 3579; x_wconf 87' lang='lat' dir='ltr'>fuit,</span> <span class='ocrx_word' id='word_1_197' title='bbox 1414 3519 1457 3566; x_wconf 87' lang='lat' dir='ltr'>ne</span> <span class='ocrx_word' id='word_1_198' title='bbox 1474 3498 1554 3564; x_wconf 90' lang='lat' dir='ltr'>datl-</span> 
     </span>
     <span class='ocr_line' id='line_1_27' title="bbox 379 3607 1554 3701; baseline -0.01 -19"><span class='ocrx_word' id='word_1_199' title='bbox 379 3618 544 3683; x_wconf 87' lang='lat' dir='ltr'>cientibus</span> <span class='ocrx_word' id='word_1_200' title='bbox 562 3617 619 3701; x_wconf 90' lang='lat' dir='ltr'>qui</span> <span class='ocrx_word' id='word_1_201' title='bbox 638 3635 715 3680; x_wconf 89' lang='lat' dir='ltr'>reos</span> <span class='ocrx_word' id='word_1_202' title='bbox 736 3617 910 3680; x_wconf 83' lang='lat' dir='ltr'>deferrent</span> <span class='ocrx_word' id='word_1_203' title='bbox 931 3614 973 3680; x_wconf 93' lang='lat' dir='ltr'>ad</span> <span class='ocrx_word' id='word_1_204' title='bbox 989 3614 1133 3698; x_wconf 88' lang='lat' dir='ltr'>judices,</span> <span class='ocrx_word' id='word_1_205' title='bbox 1155 3612 1286 3688; x_wconf 89' lang='lat' dir='ltr'>delicta,</span> <span class='ocrx_word' id='word_1_206' title='bbox 1306 3610 1409 3688; x_wconf 83' lang='lat' dir='ltr'>etiam</span> <span class='ocrx_word' id='word_1_207' title='bbox 1425 3607 1554 3690; x_wconf 85' lang='lat' dir='ltr'>gravis-</span> 
     </span>
     <span class='ocr_line' id='line_1_28' title="bbox 380 3718 1554 3808; baseline -0.01 -18"><span class='ocrx_word' id='word_1_208' title='bbox 380 3727 476 3802; x_wconf 88' lang='lat' dir='ltr'>sima,</span> <span class='ocrx_word' id='word_1_209' title='bbox 499 3729 679 3790; x_wconf 88' lang='lat' dir='ltr'>manarent</span> <span class='ocrx_word' id='word_1_210' title='bbox 702 3723 897 3808; x_wconf 88' lang='lat' dir='ltr'>impunita:</span> <span class='ocrx_word' id='word_1_211' title='bbox 920 3722 1010 3807; x_wconf 92' lang='lat' dir='ltr'>quod</span> <span class='ocrx_word' id='word_1_212' title='bbox 1025 3728 1116 3786; x_wconf 86' lang='lat' dir='ltr'>esset</span> <span class='ocrx_word' id='word_1_213' title='bbox 1130 3720 1279 3786; x_wconf 85' lang='lat' dir='ltr'>maxime</span> <span class='ocrx_word' id='word_1_214' title='bbox 1294 3722 1412 3783; x_wconf 89' lang='lat' dir='ltr'>contra</span> <span class='ocrx_word' id='word_1_215' title='bbox 1425 3718 1554 3781; x_wconf 89' lang='lat' dir='ltr'>bonum</span> 
     </span>
     <span class='ocr_line' id='line_1_29' title="bbox 380 3833 563 3916; baseline -0.006 -19"><span class='ocrx_word' id='word_1_216' title='bbox 380 3833 563 3916; x_wconf 87' lang='lat' dir='ltr'>publicum.</span> 
     </span>
    </p>

    <p class='ocr_par' dir='ltr' id='par_1_8' title="bbox 360 3903 1555 4574">
     <span class='ocr_line' id='line_1_30' title="bbox 420 3903 1551 4027; baseline -0.012 -18"><span class='ocrx_word' id='word_1_217' title='bbox 420 3945 507 4009; x_wconf 89' lang='lat' dir='ltr'>Olim</span> <span class='ocrx_word' id='word_1_218' title='bbox 514 3961 694 4027; x_wconf 87' lang='lat' dir='ltr'>processus</span> <span class='ocrx_word' id='word_1_219' title='bbox 707 3943 939 4026; x_wconf 87' lang='lat' dir='ltr'>inquisitorins</span> <span class='ocrx_word' id='word_1_220' title='bbox 951 3903 1025 4006; x_wconf 84' lang='lat' dir='ltr'>erat</span> <span class='ocrx_word' id='word_1_221' title='bbox 1034 3939 1223 4004; x_wconf 89' lang='lat' dir='ltr'>remedium</span> <span class='ocrx_word' id='word_1_222' title='bbox 1235 3935 1551 4010; x_wconf 78' lang='lat' dir='ltr'>extraordinarium,</span> 
     </span>
     <span class='ocr_line' id='line_1_31' title="bbox 381 4049 1554 4135; baseline -0.011 -17"><span class='ocrx_word' id='word_1_223' title='bbox 381 4073 442 4118; x_wconf 89' lang='lat' dir='ltr'>seu</span> <span class='ocrx_word' id='word_1_224' title='bbox 466 4053 677 4118; x_wconf 88' lang='lat' dir='ltr'>introductus</span> <span class='ocrx_word' id='word_1_225' title='bbox 706 4059 758 4116; x_wconf 89' lang='lat' dir='ltr'>est</span> <span class='ocrx_word' id='word_1_226' title='bbox 786 4057 824 4115; x_wconf 93' lang='lat' dir='ltr'>ut</span> <span class='ocrx_word' id='word_1_227' title='bbox 851 4051 1007 4135; x_wconf 90' lang='lat' dir='ltr'>suppleat</span> <span class='ocrx_word' id='word_1_228' title='bbox 1025 4049 1195 4115; x_wconf 84' lang='lat' dir='ltr'>detectum</span> <span class='ocrx_word' id='word_1_229' title='bbox 1216 4063 1396 4132; x_wconf 86' lang='lat' dir='ltr'>processus</span> <span class='ocrx_word' id='word_1_230' title='bbox 1419 4060 1554 4108; x_wconf 90' lang='lat' dir='ltr'>accusa-</span> 
     </span>
     <span class='ocr_line' id='line_1_32' title="bbox 380 4153 1555 4242; baseline -0.015 -11"><span class='ocrx_word' id='word_1_231' title='bbox 380 4166 475 4242; x_wconf 77' lang='lat' dir='ltr'>torii3</span> <span class='ocrx_word' id='word_1_232' title='bbox 492 4164 551 4229; x_wconf 89' lang='lat' dir='ltr'>scd</span> <span class='ocrx_word' id='word_1_233' title='bbox 564 4165 666 4230; x_wconf 88' lang='lat' dir='ltr'>hodic</span> <span class='ocrx_word' id='word_1_234' title='bbox 680 4169 732 4228; x_wconf 88' lang='lat' dir='ltr'>est</span> <span class='ocrx_word' id='word_1_235' title='bbox 745 4161 936 4227; x_wconf 88' lang='lat' dir='ltr'>remedium</span> <span class='ocrx_word' id='word_1_236' title='bbox 946 4160 1165 4226; x_wconf 86' lang='lat' dir='ltr'>ordinarium.</span> <span class='ocrx_word' id='word_1_237' title='bbox 1182 4156 1332 4220; x_wconf 83' lang='lat' dir='ltr'>llifferta</span> <span class='ocrx_word' id='word_1_238' title='bbox 1343 4153 1479 4236; x_wconf 89' lang='lat' dir='ltr'>judiciis</span> <span class='ocrx_word' id='word_1_239' title='bbox 1493 4168 1555 4234; x_wconf 89' lang='lat' dir='ltr'>per</span> 
     </span>
     <span class='ocr_line' id='line_1_33' title="bbox 360 4262 1555 4353; baseline -0.016 -12"><span class='ocrx_word' id='word_1_240' title='bbox 360 4277 688 4341; x_wconf 82' lang='lat' dir='ltr'>&#39;accusationamct</span> <span class='ocrx_word' id='word_1_241' title='bbox 674 4272 1020 4348; x_wconf 87' lang='lat' dir='ltr'>tdenuntiationem,</span> <span class='ocrx_word' id='word_1_242' title='bbox 1045 4270 1125 4353; x_wconf 90' lang='lat' dir='ltr'>quia</span> <span class='ocrx_word' id='word_1_243' title='bbox 1144 4269 1180 4331; x_wconf 94' lang='lat' dir='ltr'>in</span> <span class='ocrx_word' id='word_1_244' title='bbox 1200 4263 1437 4350; x_wconf 89' lang='lat' dir='ltr'>inquisitione,</span> <span class='ocrx_word' id='word_1_245' title='bbox 1462 4262 1555 4325; x_wconf 85' lang='lat' dir='ltr'>lama</span> 
     </span>
     <span class='ocr_line' id='line_1_34' title="bbox 380 4371 1554 4462; baseline -0.013 -15"><span class='ocrx_word' id='word_1_246' title='bbox 380 4385 493 4450; x_wconf 90' lang='lat' dir='ltr'>locum</span> <span class='ocrx_word' id='word_1_247' title='bbox 506 4389 602 4449; x_wconf 88' lang='lat' dir='ltr'>tenet</span> <span class='ocrx_word' id='word_1_248' title='bbox 613 4382 849 4462; x_wconf 80' lang='lat' dir='ltr'>accusationis,</span> <span class='ocrx_word' id='word_1_249' title='bbox 863 4379 1197 4461; x_wconf 87' lang='lat' dir='ltr'>testesrecipiuntur,</span> <span class='ocrx_word' id='word_1_250' title='bbox 1211 4371 1381 4439; x_wconf 87' lang='lat' dir='ltr'>atiamlite</span> <span class='ocrx_word' id='word_1_251' title='bbox 1392 4388 1462 4434; x_wconf 93' lang='lat' dir='ltr'>non</span> <span class='ocrx_word' id='word_1_252' title='bbox 1475 4386 1554 4433; x_wconf 90' lang='lat' dir='ltr'>con-</span> 
     </span>
     <span class='ocr_line' id='line_1_35' title="bbox 381 4476 1552 4574; baseline -0.015 -18"><span class='ocrx_word' id='word_1_253' title='bbox 381 4497 514 4566; x_wconf 86' lang='lat' dir='ltr'>testata,</span> <span class='ocrx_word' id='word_1_254' title='bbox 531 4491 738 4574; x_wconf 87' lang='lat' dir='ltr'>recipiuntur</span> <span class='ocrx_word' id='word_1_255' title='bbox 754 4493 821 4555; x_wconf 89' lang='lat' dir='ltr'>test</span> <span class='ocrx_word' id='word_1_256' title='bbox 823 4507 859 4554; x_wconf 89' lang='lat' dir='ltr'>cs</span> <span class='ocrx_word' id='word_1_257' title='bbox 878 4487 992 4551; x_wconf 91' lang='lat' dir='ltr'>minus</span> <span class='ocrx_word' id='word_1_258' title='bbox 1012 4485 1136 4562; x_wconf 88' lang='lat' dir='ltr'>idonei,</span> <span class='ocrx_word' id='word_1_259' title='bbox 1154 4502 1194 4548; x_wconf 90' lang='lat' dir='ltr'>ac</span> <span class='ocrx_word' id='word_1_260' title='bbox 1212 4481 1359 4564; x_wconf 88' lang='lat' dir='ltr'>deniquo</span> <span class='ocrx_word' id='word_1_261' title='bbox 1379 4476 1552 4561; x_wconf 90' lang='lat' dir='ltr'>inquisitio</span> 
     </span>
    </p>

    <p class='ocr_par' dir='ltr' id='par_1_9' title="bbox 381 4597 899 4664">
     <span class='ocr_line' id='line_1_36' title="bbox 381 4597 899 4664; baseline -0.009 -0.542"><span class='ocrx_word' id='word_1_262' title='bbox 381 4598 474 4664; x_wconf 87' lang='lat' dir='ltr'>lltdc</span> <span class='ocrx_word' id='word_1_263' title='bbox 488 4599 685 4664; x_wconf 85' lang='lat' dir='ltr'>criminibus</span> <span class='ocrx_word' id='word_1_264' title='bbox 698 4597 899 4663; x_wconf 82' lang='lat' dir='ltr'>manifestis</span> 
     </span>
    </p>

    <p class='ocr_par' dir='ltr' id='par_1_10' title="bbox 421 4701 1282 4792">
     <span class='ocr_line' id='line_1_37' title="bbox 421 4701 1282 4792; baseline -0.009 -20"><span class='ocrx_word' id='word_1_265' title='bbox 421 4709 449 4790; x_wconf 82' lang='lat' dir='ltr'>b)</span> <span class='ocrx_word' id='word_1_266' title='bbox 465 4707 640 4792; x_wconf 90' lang='lat' dir='ltr'>Inquisitio</span> <span class='ocrx_word' id='word_1_267' title='bbox 657 4711 708 4772; x_wconf 91' lang='lat' dir='ltr'>est</span> <span class='ocrx_word' id='word_1_268' title='bbox 723 4706 870 4790; x_wconf 84' lang='lat' dir='ltr'>duplex:</span> <span class='ocrx_word' id='word_1_269' title='bbox 884 4703 1054 4786; x_wconf 80' lang='lat' dir='ltr'>generalis</span> <span class='ocrx_word' id='word_1_270' title='bbox 1068 4707 1102 4768; x_wconf 91' lang='lat' dir='ltr'>et</span> <span class='ocrx_word' id='word_1_271' title='bbox 1116 4701 1282 4786; x_wconf 87' lang='lat' dir='ltr'>specialis.</span> 
     </span>
    </p>
   </div>
   <div class='ocr_carea' id='block_1_6' title="bbox 0 0 1746 5560">
    <p class='ocr_par' dir='ltr' id='par_1_11' title="bbox 0 0 1746 5560">
     <span class='ocr_line' id='line_1_38' title="bbox 0 0 1746 5560; baseline 0 2"><span class='ocrx_word' id='word_1_272' title='bbox 0 0 1746 5560; x_wconf 95' lang='lat' dir='ltr'> </span> 
     </span>
    </p>
   </div>
  </div>
 </body>
</html>
