3418 5566
324 501 384 566 298
783 519 834 566 rus
855 519 1036 568 cuuouuuu.

362 639 480 717 Quoad
503 638 711 720 theologiam
740 639 1034 723 supernaturalem
1048 639 1259 724 acquisitam,
1277 637 1306 702 si
1321 615 1493 704 ordinare-

324 754 379 813 tur
401 750 444 814 ad
466 749 572 814 flnem
596 748 899 830 supernaturalem,
929 768 963 815 v.
979 768 1012 831 g.
1038 750 1080 814 ad
1094 749 1249 814 infideles
1265 753 1299 812 et
1319 747 1498 813 haereticos

212 845 215 852 ’
323 857 583 932 convertendos,
599 855 641 920 ad
664 856 782 920 fideles
799 857 996 922 excitandos
1012 855 1055 922 ad
1071 874 1224 922 amorem
1238 855 1309 932 Dei,
1336 861 1438 938 prout
1461 855 1499 918 il-

322 964 391 1029 lam
406 964 543 1029 tradunt
555 963 757 1038 catechistae,
779 964 1046 1039 concionatores,
1074 963 1205 1028 exactio
1231 963 1331 1046 pretii
1353 963 1499 1028 simonia

322 1090 392 1137 non
415 1076 566 1148 careret,
604 1087 683 1136 cum
707 1070 783 1136 talis
806 1072 947 1137 scientia
967 1090 1010 1136 ex
1035 1089 1097 1136 suc
1122 1071 1256 1155 objecto
1290 1077 1326 1136 et
1357 1071 1426 1135 line
1454 1070 1498 1134 sit

324 1181 602 1265 supernaturalis.
629 1179 764 1266 Aliquid
794 1185 911 1248 tamen
945 1181 1051 1265 aooipi
1084 1186 1201 1265 posset
1233 1179 1332 1246 titulo
1365 1185 1497 1246 susten·

324 1291 471 1359 tationis.

362 1398 512 1464 'laudem
527 1401 552 1463 si
567 1400 735 1484 professio
751 1400 939 1482 theologia
954 1405 1014 1466 aut
1032 1400 1120 1483 juris
1134 1398 1299 1473 canonici,
1316 1397 1372 1462 val
1395 1398 1498 1464 etiam

323 1506 502 1573 consilium
513 1525 574 1572 seu
587 1526 791 1591 responsum
810 1507 1040 1592 theologicum
1055 1512 1114 1572 aut
1136 1507 1348 1582 canonicum,
1365 1505 1498 1570 ordina-

324 1621 418 1707 retur
439 1617 578 1698 praecise
604 1615 646 1680 ad
674 1615 914 1680 illustrandum
939 1615 1150 1680 intellectum
1171 1613 1394 1690 audientium,
1412 1614 1499 1678 sicut

222 1722 249 1738 ''
323 1723 550 1789 communiter
562 1723 601 1787 tlt
614 1722 650 1796 in
665 1723 798 1800 scholis,
824 1725 1005 1806 pecuniam
1029 1741 1090 1805 pro
1109 1722 1174 1786 illis
1188 1723 1339 1804 accipere
1356 1739 1426 1785 uon
1447 1725 1499 1784 est

325 1831 479 1896 simonia.
496 1831 592 1896 Ratio
608 1835 672 1908 est,
688 1833 768 1914 quia
789 1830 959 1913 ejusmodi
971 1831 1106 1895 traditio
1122 1847 1226 1896 sacaae
1252 1829 1413 1894 doctuuae
1428 1847 1499 1892 non

326 1939 501 2004 ordinatur
514 1959 576 2023 per
591 1957 627 2004 se
645 1939 688 2004 ad
707 1937 852 2004 salmmn
871 1939 1062 2003 animarum
1084 1956 1144 2004 seu
1158 1936 1201 2002 ad
1215 1939 1320 2002 linem
1336 1953 1499 2018 superna-

326 2045 481 2123 turalem,
504 2050 537 2112 et
551 2045 627 2111 ideo
651 2065 721 2112 non
747 2046 972 2112 videturesse
987 2045 1079 2111 aliud
1094 2064 1197 2130 quam
1211 2045 1308 2110 labor
1321 2043 1496 2121 naturalis,

326 2155 383 2238 qui
405 2153 548 2238 proinde
573 2159 626 2219 est
651 2155 760 2238 pretio
787 2151 1006 2218 aestimabilis.
1032 2154 1099 2218 Etsi
1123 2155 1294 2220 discursus
1319 2153 1499 2235 theologici

326 2263 393 2327 sint
407 2265 581 2330 eutitative
596 2262 883 2348 supernaturales,
901 2265 1083 2336 traduntur
1092 2269 1206 2330 tamen
1220 2263 1323 2330 modo
1339 2263 1494 2334 naturali.

753 2673 969 2750 TITULUS
1007 2674 1070 2748 Vl.

536 2861 573 2906 DE
594 2861 715 2919 JUDAEIS,
741 2861 923 2908 SARRACENIS
945 2863 1105 2916 EORUMOUE
1127 2861 1230 2907 SERVIS
1252 2857 1289 2913 (¹)-

367 3157 461 3222 Nora.
479 3157 1024 3243 Simoniamsequiturinlldelitas,
1039 3177 1113 3243 quae
1124 3159 1234 3240 magis
1243 3177 1346 3244 quam
1356 3159 1501 3224 simonia

327 3267 509 3349 opponitur
520 3267 694 3349 religioni:
712 3268 878 3332 subvertit
893 3268 984 3332 enim
991 3269 1066 3351 ipsa
1073 3255 1294 3332 fundamenta
1302 3267 1373 3331 veri
1389 3267 1499 3332 cultus

328 3374 443 3452 divini,
459 3393 537 3440 oum
552 3377 647 3443 tollat
661 3379 775 3454 fldem,
794 3395 869 3462 qua.
884 3377 1043 3443 estradis
1057 3395 1146 3442 vera
1158 3377 1343 3459 religionis.

585 3596 602 3668 §
616 3599 637 3653 l.
654 3597 694 3655 lte
706 3602 821 3656 uetare
834 3604 863 3658 et
876 3599 1024 3657 caretate
1037 3595 1238 3670 infidelitatis.

367 3778 400 3856 a)
426 3773 629 3854 lufldelitas,
655 3779 755 3859 juxta
782 3779 853 3858 vim
885 3777 1249 3854 nominis,1demest
1281 3795 1320 3842 ac
1352 3779 1501 3844 carentia
1561 3834 1564 3841 .

328 3883 417 3947 lldei.

367 3989 507 4067 Quando
522 3991 668 4084 sumitur
681 3993 717 4057 in
739 4011 877 4076 genere,
903 3996 1066 4062 trifariam
1084 3996 1149 4062 diei
1169 4003 1306 4081 potest:
1329 3999 1498 4082 nepetino,

329 4097 463 4182 quando
488 4097 616 4162 scilicet
635 4097 756 4183 aliquis
778 4101 1025 4186 inculpabiliter
1051 4104 1188 4186 ignorat
1207 4105 1312 4170 lldem
1332 4110 1497 4182 nostram,

328 4224 407 4270 cum
420 4205 506 4270 fides
521 4207 551 4269 ei
564 4224 740 4289 uunquam
754 4211 956 4276 annuntiata
968 4211 1033 4275 fuit
1049 4231 1056 4288 ;
1079 4214 1256 4293 contrarie,
1284 4213 1312 4277 si
1334 4213 1501 4296 reperitur

328 4330 433 4396 penes
447 4313 522 4377 illos
538 4313 595 4397 qui
610 4313 673 4376 sibi
689 4315 897 4380 sufficienter
908 4319 1118 4400 propositam
1128 4320 1183 4384 vel
1200 4325 1426 4386 contemnunt
1447 4321 1499 4385 vel

330 4419 361 4483 ei
387 4421 621 4492 contradicunt
646 4420 872 4504 pertinaciter,
897 4425 1015 4510 quales
1033 4433 1113 4491 sunt
1126 4428 1275 4492 haretici
1290 4448 1298 4504 ;
1316 4429 1500 4512 privative,

363 4647 398 4712 (Ι)
410 4649 475 4702 Vide
488 4649 620 4713 Codicum,
635 4649 654 4700 l.
669 4650 688 4712 l,
701 4653 721 4701 t.
735 4663 784 4715 vu,
800 4655 850 4702 art.
865 4653 933 4703 9-12.
