3514 5564
554 608 641 653 crasa
663 609 798 662 cennius
819 608 1036 656 nsonnrsmuu.
1325 597 1382 662 lot

214 721 348 786 siastico
362 723 617 788 matrimonium
633 727 746 789 ratum
761 725 915 791 dissolvit
932 745 939 788 :
956 730 1031 790 tum
1046 727 1252 810 quianullus
1273 747 1383 796 canon

214 829 251 894 id
269 847 426 896 asserens
453 831 588 896 ostendi
605 836 737 915 potest;
754 832 922 917 siquidem
941 831 1105 899 Eusebius
1127 853 1215 920 papo
1231 837 1314 920 (can.
1331 839 1381 916 El,

213 937 469 1022 responsuram,
478 940 529 1015 27,
540 959 571 1022 q.
583 940 612 1023 E)
624 958 696 1004 non
711 941 826 1005 condit
837 945 1042 1024 novumjus,
1057 943 1118 1007 sed
1131 944 1320 1009 secundum
1327 964 1384 1011 an·

214 1046 346 1130 tiquam
359 1047 558 1130 pronuntiat
578 1048 818 1132 desponsatam
832 1049 981 1133 puellam
1004 1068 1105 1132 posse
1131 1045 1195 1116 sibi
1212 1059 1384 1119 monaste-

212 1154 301 1218 rium
313 1153 456 1236 eligere;
473 1159 546 1218 tum
561 1154 640 1238 quia
654 1173 724 1220 non
737 1159 789 1220 est
811 1157 969 1222 credibile
991 1157 1082 1241 quod
1096 1158 1243 1225 Ecclesia
1268 1159 1384 1226 condi-

215 1262 301 1328 derit
313 1263 428 1346 legem
441 1267 560 1328 contra
571 1267 629 1347 jus
653 1262 817 1343 naturale,
835 1269 869 1330 et
882 1265 1029 1330 voluerit
1043 1265 1140 1330 alteri
1165 1269 1303 1350 conjugi
1320 1271 1384 1352 ¹jus

215 1371 395 1454 quaesitum
413 1369 531 1436 tollere
545 1391 552 1446 ;
575 1374 649 1434 tum
665 1371 743 1454 quia
756 1372 942 1437 adversarii
956 1367 1080 1437 docent
1102 1371 1286 1439 Ecclesiam
1313 1393 1384 1440 non

146 1471 149 1480 ‘
213 1497 314 1562 posse
331 1478 478 1544 condere
502 1479 706 1563 legemque
730 1481 986 1554 matrimonium
1012 1486 1125 1546 ratum
1155 1481 1383 1548 dissolvatur:

214 1593 252 1651 ut
267 1591 361 1670 patet
375 1585 488 1653 exilia
504 1579 663 1670 opinione
682 1587 783 1652 hodie
805 1588 1019 1671 improbabili
1038 1589 1179 1654 docente
1193 1589 1283 1672 quod
1297 1589 1387 1673 Papa

215 1696 323 1778 possit
340 1695 486 1760 condere
506 1695 620 1776 legem
644 1714 711 1780 que
729 1696 986 1760 matrimonium
1010 1701 1123 1761 ratum
1149 1696 1301 1761 solvatur
1325 1715 1386 1779 per

213 1805 426 1887 subsequens
452 1808 747 1880 consummatum;
777 1805 836 1869 sed
865 1805 893 1868 si
914 1805 1080 1888 professio
1108 1803 1267 1886 religiosa
1289 1823 1385 1871 mero

188 1918 191 1924 '
210 1914 287 1994 jure
312 1909 539 1975 ecclesiastico
560 1911 709 1976 solveret
730 1911 988 1976 matrimonium
1014 1914 1236 1995 ratumsjam
1258 1912 1387 1978 luisset

212 2018 347 2084 condita
359 2018 415 2084 lex
428 2035 494 2103 pro.
505 2037 546 2083 eo
561 2018 741 2107 s,olvendo;
759 2038 856 2102 ergo;
868 2025 941 2084 tum
956 2021 1101 2105 denique
1114 2021 1192 2104 quia
1204 2023 1262 2104 jus
1278 2020 1382 2086 eccle-

212 2128 385 2193 siasticam
410 2129 567 2210 obrogari
588 2133 702 2216 potest
730 2131 1012 2212 percontrarium
1038 2129 1323 2195 consuetudinem
1344 2129 1384 2212 (c.

211 2238 283 2314 lin,
298 2238 339 2303 de
356 2236 585 2318 Consectari),
603 2236 659 2301 vel
670 2237 941 2320 percontrarium
955 2236 1085 2319 legem;
1102 2237 1163 2303 sed
1174 2255 1389 2302 neoconeue-

217 2344 308 2422 tudo,
325 2363 389 2410 neo
414 2346 584 2410 contraria
605 2344 661 2408 lex
684 2345 798 2411 induci
825 2349 949 2428 potest,
971 2350 1009 2408 ut
1033 2346 1199 2430 professio
1229 2343 1389 2425 religiosa

216 2472 285 2519 non
301 2453 411 2519 solvat
434 2453 692 2517 matrimonium
714 2459 838 2532 ratum,
855 2454 942 2518 sieut
961 2453 1045 2518 illud
1067 2473 1137 2520 non
1156 2453 1296 2518 solvunt
1308 2458 1389 2519 vota

214 2561 381 2646 simplicia
397 2561 519 2627 Societ.
528 2562 624 2638 lesu3
638 2562 673 2626 id
687 2563 780 2627 enim
789 2562 990 2629 adversatur
1000 2563 1164 2646 exemplis
1179 2567 1385 2637 sanctorum,

212 2671 372 2736 doctrinis
386 2669 534 2746 Petrum,
550 2671 725 2734 communi
739 2671 890 2735 ssdelium
904 2670 1055 2754 opinioni
1070 2675 1104 2735 et
1113 2670 1209 2754 praxi
1223 2669 1386 2735 continuo

211 2781 247 2844 in
268 2780 414 2846 Ecclesia
435 2781 640 2856 observatae;
667 2799 759 2862 ergo.
783 2780 879 2845 Proh.
903 2781 935 2844 3⁰
951 2779 1077 2845 directe
1103 2780 1234 2863 dejure
1258 2779 1385 2856 divino,

211 2907 281 2955 non
295 2894 366 2954 tam
379 2889 504 2972 scripto
529 2907 639 2973 quam¹
652 2889 793 2966 tradit0;
814 2908 895 2954 nem
914 2889 1005 2973 quod
1026 2889 1062 2954 in
1088 2887 1236 2954 Ecclesia
1253 2906 1389 2970 semper

211 2998 430 3061 observatum
445 3001 507 3074 est,
525 3002 560 3061 et
586 3014 656 3061 non
678 3002 813 3062 constat
833 2998 875 3062 ob
896 2996 1044 3062 Ecclesia
1066 2989 1242 3060 conditum
1268 2996 1385 3071 luisse,

210 3109 300 3168 recte
324 3105 516 3169 retunditur
536 3106 645 3187 injus
668 3104 819 3168 divinum
840 3109 874 3169 et
892 3105 1141 3170 institutionem
1163 3103 1301 3180 Christi3
1327 3104 1387 3168 sed

211 3230 346 3295 semper
374 3213 410 3277 in
434 3212 580 3278 Ecclesia
589 3213 811 3278 observatum
826 3213 890 3276 luit
913 3212 1003 3297 quod
1032 3211 1199 3295 professio
1212 3210 1387 3292 religionis

212 3320 404 3386 dissolverit
427 3321 684 3386 matrimonium
703 3325 826 3396 ratum,
844 3319 946 3403 idque
962 3318 1047 3384 adeo
1066 3319 1242 3383 insolitum
1263 3320 1304 3384 ab
1329 3319 1387 3386 Eo-

114 3459 116 3467 ·
211 3430 313 3496 clesia
338 3429 515 3496 conditum
527 3429 632 3493 luisse
647 3446 717 3493 non
731 3431 874 3504 constat,
892 3429 961 3492 imo
975 3426 1132 3510 exempla
1153 3431 1348 3504 sanctorum
1366 3445 1387 3493 a

120 3539 123 3548 “
212 3539 337 3622 nuptiis
366 3537 409 3604 ad
435 3541 562 3603 statum
585 3536 783 3619 religiosum
818 3534 1083 3612 convolantium,
1109 3533 1159 3599 uti
1189 3534 1221 3598 S.
1243 3534 1383 3612 Theclae,
1481 3593 1484 3597 .

212 3647 244 3710 S.
260 3647 379 3722 alterii,
395 3645 427 3709 S.
445 3643 573 3710 Ceciliae
591 3649 626 3709 et
650 3645 806 3720 aliorum,
830 3644 1041 3709 reducuntur
1061 3642 1103 3708 ad
1122 3643 1337 3708 vocationem
1352 3649 1387 3709 et

212 3755 409 3820 instinctum
438 3754 581 3837 Spiritus
610 3754 719 3820 suncti
738 3755 777 3838 (c.
795 3754 825 3829 E,
852 3753 893 3818 de
913 3752 1069 3818 Conoers.
1095 3751 1261 3835 conjcp.);
1284 3770 1383 3833 ergo;

213 3871 284 3930 tum
304 3866 383 3949 quia
400 3863 494 3929 Alex.
514 3864 557 3928 lll
579 3865 617 3946 (c.
637 3867 667 3942 7,
683 3863 738 3928 Eu
753 3863 885 3947 publico
906 3862 991 3944 eod.)
1007 3862 1106 3928 docet
1126 3862 1385 3927 matrimonium

211 3977 322 4038 ratum
336 3991 397 4056 per
405 3973 654 4056 professionem
667 3971 863 4054 religiosam
878 3969 1017 4036 dissolvi
1027 3969 1210 4035 rottrodum
1226 3968 1385 4053 interpre-

210 4082 373 4145 tationem
385 4081 474 4150 sarri
486 4080 619 4164 eloquii,
636 4084 669 4146 ct
679 4077 890 4160 lnnoc.lll(c.
906 4077 956 4153 ll,
969 4076 1058 4154 eod.)
1070 4080 1332 4141 nonrevocatse
1343 4075 1387 4139 ad

211 4188 323 4270 legem
345 4187 618 4263 ecclesiasticam,
639 4192 677 4251 ut
701 4184 782 4252 alias
806 4185 903 4262 solet,
928 4183 987 4248 sed
1010 4184 1053 4248 ad
1073 4183 1219 4265 vestigia
1245 4198 1387 4248 suorum

211 4302 477 4372 antecessorum,
489 4297 546 4380 qui
561 4295 888 4379 statimaprincipio,
902 4297 1064 4376 tanquam
1078 4290 1228 4356 divinam
1239 4289 1387 4355 traditio-

212 4423 301 4482 nem,
314 4410 500 4471 tenuerunt
514 4406 689 4471 vinculum
707 4403 916 4469 matrimonii
931 4403 996 4466 rati
1015 4401 1101 4465 solvi
1127 4419 1188 4484 per
1206 4399 1386 4483 professio-

212 4533 291 4578 nem
317 4514 523 4596 religiosam.
540 4514 636 4579 Ratio
655 4531 807 4595 congrua
827 4516 888 4586 est,
918 4510 997 4595 quia
1018 4526 1097 4574 cum
1121 4507 1271 4572 Christus
1291 4506 1386 4571 insti-

214 4624 314 4687 tuerit
337 4627 464 4688 statum
483 4622 681 4704 religiosum
698 4621 760 4685 sibi
775 4619 1019 4702 gratissimum,
1041 4634 1188 4698 eumque
1209 4615 1337 4698 nuptiis
1352 4619 1387 4679 et

212 4731 315 4795 statui
331 4729 503 4814 conjugali
524 4729 720 4813 praetulerit,
743 4727 865 4794 merito
886 4724 1095 4792 credendum
1120 4727 1172 4790 est
1198 4723 1300 4790 etiam
1319 4723 1384 4789 hoc
