3514 5564
274 605 282 616 ·
356 516 416 580 186
814 535 865 581 ros
885 533 1062 580 mucurcmr.
1129 559 1133 578 .

355 653 476 718 Lucius
490 651 533 718 lll
548 653 701 720 rescribit
718 650 910 718 christianis
928 651 963 714 in
977 650 1170 734 captivitate
1183 651 1302 734 positis
1318 671 1326 714 :
1342 676 1358 710 ιι
1376 652 1412 718 ld
1427 653 1524 718 vobis

356 761 616 844 respondemus,
638 765 677 826 ut
696 759 810 826 nullus
832 759 956 824 amodo
978 759 1020 825 ad
1035 759 1201 824 secundas
1220 761 1355 842 nuptias
1376 761 1523 842 migrare

355 873 554 953 praesnmat,
585 870 692 935 donec
722 869 752 934 ei
780 871 914 933 constet
944 867 1035 952 quod
1064 867 1106 930 ab
1133 867 1196 932 bac
1228 867 1299 932 vita
1327 868 1524 949 migraverit

356 980 483 1061 conjux
497 979 583 1060 ejus.
604 1001 620 1034 »
635 976 796 1042 Constare
812 979 929 1040 autem
943 978 995 1040 est
1006 981 1124 1038 notum
1138 981 1225 1038 certo
1245 993 1323 1040 esse.
1338 975 1435 1040 Ratio
1459 981 1520 1052 est,

356 1085 435 1168 quia
449 1083 633 1168 probabilis
658 1085 779 1149 notitia
796 1101 867 1148 non
886 1083 1008 1148 sufficit
1027 1083 1071 1148 ad
1086 1083 1252 1148 secundas
1266 1085 1401 1166 nuptias
1419 1103 1426 1147 :
1450 1087 1524 1148 tum

339 1211 398 1260 .ne
410 1195 468 1276 jus
481 1195 612 1256 certum
625 1209 686 1274 per
701 1191 869 1256 incertum
884 1189 1035 1266 tollatur;
1053 1195 1125 1254 tum
1135 1191 1407 1256 neirreverentia
1420 1191 1522 1273 priori

354 1304 566 1366 sacramento
593 1300 767 1376 inferatur,
793 1303 827 1363 et
850 1298 1038 1363 secundum
1058 1299 1203 1362 invalide
1222 1301 1424 1376 attentetur;
1450 1303 1521 1362 tum

353 1409 432 1491 quia
454 1407 675 1492 presumptio
697 1405 738 1471 de
760 1405 831 1471 vita
855 1411 907 1470 est
928 1407 1057 1482 sortior,
1076 1405 1183 1472 donec
1203 1405 1410 1470 contrarium
1429 1409 1521 1472 certo

351 1516 514 1598 probetur
530 1513 563 1598 (l.
579 1517 651 1590 lln.,
667 1533 696 1580 c.
713 1515 754 1578 de
765 1514 831 1580 SS.
845 1514 958 1598 Eunt).
972 1513 1218 1598 ltaexplicatur
1228 1532 1302 1579 con.
1313 1515 1342 1590 1,
1356 1531 1435 1578 cum
1448 1531 1518 1596 seq.

351 1623 401 1701 31,
426 1643 457 1706 q.
480 1624 509 1687 l.
532 1623 599 1688 Nec
618 1624 732 1687 obstat
750 1640 780 1687 c.
800 1621 869 1698 lin.,
890 1622 1033 1701 §Porro
1048 1629 1087 1686 ut
1107 1622 1164 1686 lite
1178 1640 1246 1686 non
1260 1631 1360 1696 cont,
1378 1639 1458 1685 nam
1475 1621 1520 1684 ibi

350 1731 540 1795 verisimilis
553 1731 676 1794 notitia
691 1729 885 1814 requiritur,
904 1748 947 1796 ne
959 1731 1099 1814 conjugi
1111 1729 1207 1795 alteri
1222 1729 1353 1795 absenti
1368 1729 1520 1794 defensio

353 1838 562 1921 exceptionis
589 1837 815 1920 precludatur
837 1841 956 1903 contra
981 1837 1239 1921 judiciumque
1266 1836 1521 1902 matrimonium

352 1946 396 2010 ob
409 1945 691 2028 impedimentum
707 1945 870 2010 dirimens
886 1943 1089 2010 dissolutum
1102 1945 1175 2008 fuit.

390 2052 541 2134 1111111.
565 2052 688 2116 Notitia
712 2057 806 2117 certe
827 2070 943 2117 coram
964 2051 1078 2136 judice
1103 2052 1328 2117 ecclesiastico
1348 2052 1522 2135 probanda

353 2164 405 2224 est
419 2177 480 2242 per
491 2158 614 2223 indicia
628 2159 801 2224 moraliter
814 2165 918 2238 certe,
938 2161 987 2223 uti
1007 2165 1088 2224 sunt
1108 2180 1115 2223 :
1136 2161 1167 2224 1υ
1190 2159 1218 2224 11
1235 2160 1402 2243 parochus
1425 2165 1522 2224 teste-

351 2271 407 2331 tur
419 2266 510 2350 quod
521 2271 696 2332 mortuum
717 2270 901 2350 conjugem
922 2267 1110 2350 sepelierit;
1132 2268 1164 2330 2⁰
1186 2268 1214 2330 si
1237 2267 1271 2331 id
1294 2271 1436 2332 testetur
1453 2286 1521 2331 me·

350 2376 512 2458 gistratus
531 2374 698 2457 politicus,
719 2375 884 2451 militaris,
914 2375 970 2440 vel
985 2374 1137 2440 noterius
1155 2374 1325 2457 publicus3
1351 2375 1382 2438 3α
1404 2375 1431 2438 11
1453 2375 1520 2460 duo

352 2486 456 2548 testes
471 2482 512 2547 de
530 2482 604 2546 visu
617 2482 790 2566 deponent
807 2483 848 2546 de
865 2483 959 2547 obitu
979 2481 1079 2557 illius,
1097 2481 1188 2564 quod
1212 2481 1425 2548 interfuerint
1446 2486 1520 2565 ejus

352 2591 469 2668 morti,
496 2589 693 2674 sepulturae,
719 2595 778 2655 aut
796 2589 945 2654 viderint
965 2593 1040 2673 ejus
1069 2589 1272 2672 sepulcrum.
1303 2589 1379 2674 lpse
1406 2596 1519 2656 temen

351 2717 430 2780 pers
462 2683 719 2764 matrimonium
752 2701 872 2780 petens
912 2715 982 2762 non
1016 2695 1205 2762 admittitur
1235 2715 1296 2780 pro
1328 2698 1393 2794 boc
1429 2699 1520 2763 testi-

352 2807 486 2882 monio,
515 2823 594 2870 cum
628 2805 829 2887 generaliter
861 2806 897 2868 in
925 2804 1062 2888 proprie
1088 2821 1191 2868 cause
1217 2822 1319 2869 nemo
1350 2806 1394 2868 sit
1425 2808 1520 2871 testis

352 2915 496 2979 idoneus
520 2913 587 2996 (lib.
613 2915 660 2990 ll,
682 2915 718 2978 il.
744 2917 779 2978 et
802 2915 858 2978 lib.
884 2915 928 2991 ll,
955 2933 1028 2996 cap.
1056 2913 1096 2978 de
1122 2913 1295 2996 Testibus);
1323 2914 1355 2977 1ο
1383 2915 1411 2977 11
1438 2933 1521 2997 prae·

352 3027 404 3086 ter
423 3040 529 3086 unum
551 3025 675 3086 testem
697 3021 738 3086 de
759 3022 834 3086 visu
856 3023 968 3087 adsint
986 3021 1052 3087 alia
1069 3021 1192 3086 indicia
1214 3021 1411 3086 verisimilia
1432 3041 1521 3086 mor-

353 3131 405 3205 tis,
422 3149 454 3195 v.
471 3149 503 3211 g.
522 3129 601 3213 quia
616 3129 759 3194 meritus
773 3130 837 3194 fuit
854 3147 971 3207 senex,
993 3149 1094 3212 aeger,
1111 3131 1327 3214 constitutus⁸
1338 3132 1374 3196 in
1390 3133 1521 3214 pericu-

351 3237 425 3304 losa
451 3237 680 3318 nauigatione,
709 3237 764 3302 vel
793 3237 869 3302 1000
899 3243 994 3321 peste
1024 3239 1159 3315 iniecto,
1182 3238 1237 3303 vel
1258 3239 1293 3302 in
1318 3257 1433 3322 pugne
1464 3239 1519 3302 ubi

351 3345 449 3409 multi
464 3341 649 3428 perierunt,
667 3343 723 3410 vel
738 3345 766 3408 si
781 3349 886 3409 testes
901 3345 1084 3428 deponant,
1100 3363 1144 3408 ex
1162 3347 1262 3421 lema,
1280 3347 1370 3430 quod
1384 3347 1448 3411 boc
1462 3365 1521 3411 au-

352 3453 499 3518 diverint
512 3471 533 3517 e
546 3453 666 3536 majori
680 3452 735 3517 vel
756 3453 901 3535 digniori
923 3459 1018 3536 parte
1038 3453 1183 3520 civitatis
1197 3459 1257 3520 aut
1279 3455 1433 3536 legionis,
1455 3461 1517 3520 etc.

352 3559 455 3624 Secus
484 3561 556 3625 sola
581 3562 672 3626 fama
697 3562 770 3625 sine
799 3561 1011 3626 adminiculis
1028 3579 1097 3626 non
1117 3563 1257 3645 probat3
1278 3563 1326 3626 uti
1347 3582 1410 3628 nec
1431 3581 1521 3628 unus

352 3668 459 3744 testis,
476 3668 636 3751 quiavox
658 3670 770 3746 unius,
788 3687 854 3734 vox
870 3669 995 3734 nullius
1019 3672 1061 3753 (c.
1083 3673 1132 3748 10,
1158 3673 1194 3737 in
1209 3675 1279 3748 lin,
1303 3672 1325 3736 l.
1352 3672 1405 3752 lll,
1427 3691 1455 3737 c.
1480 3673 1522 3738 de

354 3775 461 3858 lest).
478 3775 605 3859 Excipit
618 3775 767 3842 Saucbez
782 3795 900 3842 casum
918 3797 984 3862 quo
999 3779 1156 3860 conjugis
1177 3780 1289 3844 obitus
1303 3779 1424 3844 dicitur
1437 3781 1522 3845 acci-

353 3883 442 3947 disse
456 3885 491 3948 in
506 3883 581 3949 loco
599 3883 698 3950 valde
719 3891 863 3961 remoto,
885 3886 975 3950 unde
996 3887 1149 3969 probatio
1164 3887 1291 3970 sperari
1306 3906 1375 3952 non
1389 3889 1497 3972 possit
1513 3910 1520 3952 :

352 3991 380 4054 si
396 3991 486 4057 enim
501 3991 602 4075 plen'a
619 3994 773 4076 probatio
793 4013 863 4059 non
883 4001 1048 4080 speratur,
1070 3997 1195 4060 suflicit
1212 3997 1366 4079 probatio
1386 4017 1429 4063 ex
1444 4015 1523 4063 con-

349 4100 491 4182 jecturis
506 4099 538 4180 (l.
556 4099 591 4176 V,
606 4103 621 4178 §
634 4101 664 4178 6,
680 4101 716 4164 ff.
734 4102 774 4174 de
791 4103 837 4169 Re
849 4103 1010 4182 milr'tor.,·
1029 4103 1190 4168 Scbmalz.
1208 4104 1334 4186 etalii).

392 4209 491 4292 Resp.
508 4209 538 4272 3.
553 4209 671 4275 llabite
685 4211 887 4276 certitudine
900 4212 1031 4290 morali,
1055 4214 1233 4296 parochus,
1252 4211 1345 4278 nulla
1364 4214 1522 4288 ordinarii

351 4315 488 4380 licentia
511 4318 632 4400 petita,
659 4321 817 4384 assistere
845 4324 959 4403 potest
980 4320 1197 4385 matrimonio
1223 4341 1230 4384 :
1254 4339 1334 4385 nam
1361 4322 1418 4385 teli
1444 4341 1523 4386 casu

351 4424 454 4492 habet
464 4425 636 4490 licentiam
651 4426 829 4510 copulandi
846 4429 953 4510 ajuro
973 4428 1097 4506 datam,
1114 4434 1149 4492 et
1162 4445 1240 4492 cum
1254 4434 1367 4494 certus
1383 4429 1436 4505 sit,
1453 4448 1523 4493 cer-

353 4531 467 4600 tiorari
483 4532 625 4597 ulterius
645 4552 715 4598 non
737 4535 848 4610 debet,
868 4554 1103 4617 perreg.xxx1
1124 4535 1158 4598 in
1177 4537 1220 4600 6⁰.
1239 4535 1276 4599 ln
1292 4537 1394 4599 dubio
1408 4541 1522 4600 autem
1557 4615 1562 4622 .

353 4645 504 4712 recurret
518 4640 560 4708 ed
576 4641 798 4719 ordinarium,
812 4643 912 4724 cujus
924 4643 1077 4726 judicare
1093 4649 1145 4712 est
1159 4643 1201 4711 de
1226 4643 1427 4712 sufficieutia
1441 4642 1523 4711 indi-
