3418 5566
492 655 580 707 tisun
601 661 727 716 ouranos
747 661 970 709 nncasrauuu.
1261 639 1318 705 891

148 782 242 862 tiam,
263 801 368 850 unam
385 781 539 860 luxuriae,
561 801 640 848 cum
659 785 703 848 sit
720 785 919 850 concubitus
939 780 1086 857 illicitus,
1109 780 1251 846 alteram
1273 781 1323 847 in-

143 894 295 978 justitiae,
312 893 391 977 quia
402 895 455 958 est
468 890 606 958 violatio
617 893 704 977 juris
720 867 811 980 quod
824 895 988 976 conjuges
998 889 1041 958 cd
1056 909 1093 956 sc
1107 889 1255 954 invicem
1265 888 1325 955 ha·

146 1003 239 1068 bent.
256 1001 425 1086 Sequitur,

188 1111 219 1174 1⁰
246 1109 358 1188 Quod,¹
372 1103 505 1174 etiamsi
526 1110 701 1175 accederet
723 1127 911 1175 consensus
937 1108 1076 1173 alterius
1098 1107 1255 1190 conjugis
1280 1106 1324 1170 ad

147 1218 352 1284 adulterium
378 1219 534 1302 conjugis
558 1217 714 1297 adulteri,
734 1238 805 1284 non
828 1218 1005 1284 tolleretur
1026 1216 1155 1282 malitia
1182 1221 1216 1281 et
1236 1215 1323 1280 ratio

148 1327 316 1405 adulterii,
340 1346 420 1392 cum
444 1346 632 1393 consensus
659 1346 730 1393 non
751 1329 875 1394 efficiat
903 1326 993 1412 quod
1007 1325 1183 1391 vinculum
1210 1322 1324 1388 matri-

148 1440 256 1504 monii
280 1457 361 1504 suos
385 1457 456 1503 non
481 1439 606 1504 babeat
628 1439 770 1504 allectus
792 1443 994 1524 perpetuos;
1023 1454 1126 1521 quare
1148 1434 1263 1499 innoc.
1279 1431 1323 1497 XI

147 1551 345 1630 sequentem
356 1548 530 1613 damnavit
539 1548 824 1632 propositionem:
847 1572 862 1605 κ
879 1545 1005 1630 Copula
1026 1552 1113 1610 cum·
1127 1546 1321 1627 conjugata,

147 1657 381 1722 consentiente
402 1659 536 1736 marito,
556 1676 626 1723 non
645 1662 699 1722 est
726 1657 942 1732 adulterium,
970 1655 1123 1739 adeoque
1144 1652 1269 1741 suflicit
1286 1652 1323 1718 in

147 1766 361 1830 confessione
371 1765 482 1830 dicere
498 1785 534 1830 se
549 1784 625 1831 esse
637 1767 852 1832 fornicatum.
871 1790 886 1823 »
903 1764 1073 1849 Sequitur,

186 1874 218 1938 Ψ
233 1874 329 1950 Quod
343 1875 542 1938 concubitus
553 1893 631 1938 curn
646 1893 752 1940 uxore
767 1874 919 1958 putativa
930 1892 991 1938 eeu
1001 1889 1080 1937 cum
1092 1866 1236 1935 muliere
1246 1886 1322 1951 quae

146 2000 207 2066 pro
230 1986 413 2064 conjugata
438 1983 593 2062 habetur,
615 1983 695 2048 lieet
716 1985 859 2059 nonsit,
883 2001 953 2046 non
979 1985 1032 2045 est
1049 1997 1171 2048 verum
1191 1977 1321 2044 adulte-

145 2091 245 2166 rium,
262 2089 451 2172 tbeologice
464 2091 646 2176 loquendo,
668 2110 747 2156 cum
759 2088 1263 2172 nulliusjusvioletur.Tamen,
1280 2085 1322 2151 de

143 2198 380 2280 jureRomano
394 2218 456 2282 pro
467 2199 633 2266 adulterio
642 2201 841 2265 habebatur.

186 2306 218 2368 3⁰
231 2306 293 2382 Qui
307 2305 465 2389 copulam
476 2307 595 2372 habuit
608 2327 686 2372 cum
703 2307 907 2392 desponsata
924 2325 986 2391 per
999 2308 1104 2372 verba
1130 2306 1171 2370 de
1191 2306 1319 2380 futuro,

145 2399 363 2496 probabilius*
374 2433 444 2480 non
467 2417 638 2480 commisit
658 2416 864 2482 adulterium
881 2438 888 2479 ι
904 2434 1052 2498 namque
1067 2433 1129 2497 per
1148 2411 1319 2497 sponsalia

146 2539 216 2586 nen
230 2522 415 2606 acquiritur
424 2525 482 2606 jus
502 2524 535 2586 in
552 2542 674 2609 corpus
694 2523 844 2602 alterius,
869 2528 904 2587 et
922 2523 998 2587 ideo
1019 2521 1145 2587 nullius
1159 2524 1216 2605 jus
1230 2519 1322 2584 laedi·

147 2635 211 2694 tur.
229 2631 356 2695 Tamen
371 2633 688 2700 estcircumstantia
699 2653 903 2716 aggravans.

185 2739 215 2820 b)
244 2738 457 2804 Adulterium
485 2742 647 2806 dividitur
674 2744 709 2807 in
728 2744 871 2828 simplest
899 2761 960 2806 seu
982 2740 1194 2816 unilaterale,
1223 2745 1258 2804 et
1284 2739 1320 2802 in

145 2847 272 2930 duplet:
292 2865 353 2911 sau
375 2847 558 2914 bilaterale.
580 2849 637 2914 Est
659 2851 813 2933 simplex,
831 2849 967 2935 quando
985 2849 1209 2914 committitur
1226 2847 1322 2912 vela

145 2955 268 3019 marito
283 2955 395 3019 alieno
408 2975 486 3020 cum
503 2956 623 3035 soluta,
648 2958 703 3022 vel
723 2960 764 3032 ab
785 2977 892 3024 uxore
911 2957 1022 3022 aliena
1038 2975 1116 3022 cum
1138 2956 1261 3022 soluto.
1283 2954 1321 3019 ln

141 3065 218 3144 jure
240 3063 329 3127 civili
348 3081 418 3128 non
439 3066 584 3130 habetur
605 3086 667 3150 pro
686 3067 852 3132 adulterio
872 3066 1016 3131 carnalis
1039 3065 1234 3147 conjunctio
1258 3063 1321 3126 viri

144 3172 318 3254 conjugati
333 3163 411 3235 cum
426 3171 547 3248 soluta,
566 3181 599 3238 et
614 3174 770 3239 adulterii
784 3177 894 3259 poenis
916 3193 986 3239 non
999 3174 1160 3258 punitur:
1182 3176 1321 3236 econtra

142 3281 219 3359 jura
234 3281 396 3344 canonico
411 3283 646 3347 consideratur
659 3284 796 3348 violatio
812 3285 891 3349 fldei
906 3289 1080 3348 ulvarum
1102 3280 1318 3353 adulterium,

145 3391 183 3448 ut
199 3389 271 3468 jam
288 3393 422 3452 constat
441 3391 577 3456 exdate
598 3391 806 3456 definitione.
827 3391 959 3475 Duplex
974 3409 1033 3454 seu
1050 3388 1257 3473 duplicatum
1273 3386 1321 3450 di-

69 3572 74 3580 ,
144 3493 232 3556 citur
245 3495 335 3577 quod
344 3498 492 3562 amarito
508 3495 619 3563 alieno
633 3518 712 3563 cum
726 3518 833 3564 uxore
847 3499 958 3563 aliena
972 3501 1195 3582 perpetratur.
1213 3494 1317 3570 Istud,

145 3604 183 3663 ut
195 3605 297 3684 patet,
315 3608 367 3666 ast
381 3605 493 3687 priore
507 3607 657 3686 gravius,
670 3606 836 3691 quietalis
852 3605 984 3671 adulter
999 3604 1124 3688 duplex
1142 3603 1235 3667 laedit
1248 3605 1317 3684 jus,

145 3707 271 3772 scilicet
284 3711 428 3793 propriae
444 3714 560 3776 uxoria
576 3720 610 3777 et
624 3715 737 3778 mariti
752 3713 911 3790 alterius3
927 3713 997 3778 ime
1013 3731 1103 3796 saepe
1114 3711 1250 3774 laeditur
1261 3713 1318 3794 Jus

142 3814 327 3880 liberorum
339 3819 437 3882 istius
451 3821 575 3897 mariti,
593 3821 621 3884 si
635 3840 678 3885 ex
694 3821 751 3885 tali
759 3821 925 3887 adulterio
934 3819 1024 3886 itlius
1034 3825 1204 3894 nascatur,
1215 3837 1318 3902 quern

144 3923 214 3987 ueri
231 3923 326 3992 liberi
338 3944 398 4009 pro
414 3927 590 3994 cohaerede
601 3927 727 3994 habere
742 3928 877 3993 debent.
1048 3907 1054 3920 ⁸

449 4111 478 4159 11.
495 4109 641 4174 boponis
657 4108 721 4162 latis
739 4111 837 4162 contra
854 4108 1007 4163 adulteros.

182 4249 373 4318 Notandum
384 4259 436 4319 est
448 4256 539 4339 quod
554 4256 609 4338 agi
623 4261 736 4339 potest
750 4257 791 4321 de
807 4256 973 4322 adulterio
988 4257 1132 4321 civiliter
1142 4256 1197 4320 vel
1207 4258 1318 4322 orimi-

145 4357 276 4423 naliter.
377 4437 381 4452 Ι

185 4469 217 4550 α)
228 4468 369 4544 Quando
380 4473 652 4554 civiliteragitur,
661 4472 786 4557 duplex
796 4479 848 4538 est
857 4473 1122 4558 poeuaadulterii
1135 4495 1141 4536 :
1153 4475 1321 4556 primaest

145 4575 339 4655 divortium,
356 4597 418 4643 seu
433 4581 601 4663 separatio
622 4581 733 4663 quoad
761 4587 875 4645 torum
905 4585 939 4645 et
956 4582 1254 4659 cohabitationem,
1276 4581 1318 4646 ad

145 4701 247 4766 quam
261 4703 362 4765 agere
378 4691 492 4770 potest
509 4691 635 4772 conjux
647 4689 823 4754 innocens.
839 4688 953 4772 ltajus
965 4709 1039 4754 can.
1056 4695 1091 4754 et
1108 4691 1171 4754 civ.
1197 4689 1269 4754 imo
1290 4691 1317 4754 si

144 4791 349 4857 adulterium
372 4803 464 4860 esset
487 4797 669 4872 notorium,
685 4817 763 4886 pars
782 4799 946 4864 innocens
969 4797 1177 4882 probabilius
1201 4805 1317 4887 posset
