3508 5568
564 625 651 671 nisse
671 626 810 680 curares
832 625 1055 680 nncasmnrmr.
1361 607 1397 674 tl

227 731 339 806 nium;
364 729 533 813 siquidem
556 729 685 796 nullam
705 731 867 814 injuriam
891 731 1002 795 infert.
1020 730 1123 798 Porro
1148 732 1311 798 resolutio
1335 733 1400 825 ista
1493 751 1495 756 ’

226 838 433 923 probabilius
456 838 570 904 lucum
593 839 696 918 habet
719 839 822 903 etiam
843 839 878 902 in
903 837 960 903 illo
983 855 1064 904 casu
1082 858 1149 923 quo
1171 840 1246 924 quis
1267 842 1400 924 cogitur

226 947 268 1013 ad
283 965 398 1022 unam,
413 965 445 1010 v.
455 966 488 1028 g.
501 946 664 1012 extribus
676 947 859 1023 sororibus,
875 945 1076 1023 ducendam,
1090 947 1170 1030 quia
1179 947 1276 1013 ethic
1287 949 1400 1014 delicit

225 1055 326 1139 plena
336 1043 480 1120 'libertas
493 1055 725 1126 contrahendi,
741 1059 775 1118 et
788 1052 940 1118 infelices
955 1052 1066 1117 exitus
1080 1054 1254 1120 timentur.
1266 1056 1333 1120 Nec
1348 1062 1401 1122 est

226 1164 351 1248 paritas
366 1181 386 1227 a
399 1180 480 1227 casu
494 1181 562 1246 quo
577 1161 740 1226 electores
755 1165 932 1250 coguntur.
942 1179 975 1224 v.
994 1179 1035 1242 g.-
1045 1160 1088 1225 ad
1105 1179 1214 1225 unum
1232 1181 1276 1228 ex
1294 1165 1400 1230 tribus

227 1271 438 1354 eligendum,
470 1271 550 1354 quia
576 1269 649 1347 hie,
673 1275 797 1353 praeter
818 1268 989 1346 diversam
1010 1269 1098 1359 juris
1122 1268 1399 1352 dispositionem,

167 1451 169 1459 ,
228 1381 330 1444 etiam
350 1379 463 1462 dispar
476 1383 529 1442 est
542 1379 644 1454 ratio;
661 1395 740 1442 cunr
755 1377 875 1441 electio
893 1381 1111 1459 comparetur
1124 1378 1352 1460 sponsalibus,
1368 1385 1402 1444 et

228 1509 297 1556 non
319 1489 553 1564 matrimonio;
579 1506 691 1572 noque
715 1491 810 1554 tante
832 1487 923 1552 mela
947 1487 1132 1554 timcantur
1157 1507 1200 1552 ex
1224 1489 1400 1568 electione,

229 1617 304 1683 quae
317 1613 360 1663 ex
372 1598 600 1664 matrimonio.

267 1709 365 1792 Resp.
389 1709 418 1772 i.
443 1709 550 1773 Metus
571 1707 733 1773 indirecte
754 1708 923 1785 incussus,
941 1709 1007 1774 hoe
1031 1713 1092 1784 est,
1119 1708 1185 1776 alio
1207 1710 1275 1773 dne
1300 1725 1403 1794 quam

228 1817 270 1884 ad
293 1816 566 1900 extorquendum
590 1817 864 1892 matrimonium,
896 1814 1105 1900 probabilius
1131 1817 1229 1882 vitiat
1250 1817 1404 1883 valorem

227 1926 452 1992 matrimonii:
469 1926 516 1991 ita
527 1925 688 2000 Palacios,
705 1925 866 2000 Schmier,
883 1924 1045 1990 schmalz.
1064 1925 1178 2001 etalii,
1195 1926 1404 1991 contreSan-

228 2035 319 2112 chez,
329 2035 558 2117 haym.,Zces,
569 2037 631 2098 etc.
647 2051 748 2108 ;nam
756 2035 835 2116 jura
845 2051 947 2116 supra
956 2033 1102 2114 allegata
1110 2033 1355 2116 (⁰·14‚15‚28h·
1365 2037 1401 2110 t.,
1419 2079 1426 2100 .

190 2187 192 2195 1
228 2160 256 2208 c.
269 2145 290 2207 h
303 2144 351 2209 De
365 2162 403 2207 eo
418 2143 479 2226 qui
498 2143 606 2226 ducit)
626 2142 804 2226 requirnnt
818 2140 861 2207 ad
879 2141 1031 2206 valorem
1046 2141 1253 2206 matrimonii
1267 2142 1403 2226 plenam

228 2252 438 2328 libertatem,
465 2255 499 2314 et
526 2251 745 2315 securitatem
775 2249 1014 2326 contrahendi;
1048 2268 1160 2335 neque
1189 2248 1405 2332 distinguunt

227 2361 317 2424 inter
344 2364 475 2425 metum
499 2358 624 2423 directe
649 2362 684 2422 et
708 2358 872 2422 indirecte
892 2359 1079 2434 incussum,
1104 2357 1263 2441 idemque
1287 2363 1404 2422 manet

228 2469 407 2545 motivum,
437 2465 564 2532 scilicet
585 2466 774 2551 periculum
796 2465 982 2530 infelicium
1005 2469 1040 2531 et
1062 2465 1211 2530 tristium
1233 2467 1402 2544 exituum,

228 2583 263 2642 et
277 2575 432 2642 similiter
444 2576 570 2658 injuria
582 2575 736 2652 infertur,
754 2575 826 2638 sive
842 2575 918 2658 quis
932 2574 1069 2651 directe,
1088 2575 1160 2640 sive
1173 2574 1338 2640 indirecte
1349 2594 1404 2640 cu·

187 2733 191 2738 -
228 2691 328 2768 gater
342 2685 385 2749 ad
399 2669 535 2767 aliquod
547 2683 820 2764 matrimonium
838 2663 930 2764 crgo.
943 2681 1037 2746 Unde
1047 2701 1117 2747 non
1127 2681 1217 2747 valet
1230 2683 1404 2748 matrimo

229 2795 336 2869 nium,
352 2793 380 2858 si
392 2811 484 2874 aegra
498 2793 677 2858 contrahat
687 2811 766 2858 cum
780 2792 914 2858 medico
930 2791 1013 2858 elias
1028 2792 1213 2876 exjustitia
1227 2793 1270 2858 ad
1285 2811 1404 2858 curan-

230 2905 311 2968 dum
330 2902 490 2984 obligato,
515 2903 594 2985 quia
613 2903 712 2966 timet
728 2921 790 2984 per
803 2901 968 2968 malitiam
984 2905 1059 2986 ejus
1072 2921 1108 2966 se
1120 2920 1191 2967 non
1202 2901 1402 2976 curandam

228 3010 284 3076 vel
298 3011 327 3074 si
339 3011 505 3075 innocens
520 3009 698 3074 contrahat
710 3009 921 3090 enmjudicis
934 3009 1013 3086 illia,
1032 3009 1112 3093 quia
1121 3010 1219 3074 timet
1229 3028 1265 3075 se
1277 3009 1404 3092 injuste

177 3164 182 3176 .
230 3118 539 3195 condemnandum,
557 3123 620 3182 etc.

268 3288 375 3347 hiras:
392 3287 453 3345 Tali
468 3301 540 3346 casu
558 3292 658 3345 melus
673 3302 733 3344 non
747 3287 845 3346 induit
858 3286 888 3344 in
908 3287 1144 3356 matrimonium,
1160 3285 1213 3344 sed
1228 3285 1285 3344 hoc
1300 3289 1405 3359 sponte

233 3377 354 3454 eligitur
381 3383 524 3450 tanquam
546 3377 679 3436 medium
703 3377 739 3434 ad
763 3377 949 3436 evadendum
973 3376 1085 3436 malum
1111 3375 1285 3434 imminens.
1317 3379 1404 3448 Hesp.

233 3472 303 3542 Neg.
323 3467 476 3538 anteced.;
496 3481 566 3526 narn
586 3466 809 3526 matrimonium
831 3467 952 3542 eligitur
966 3469 997 3526 in
1013 3467 1140 3542 gratiam
1159 3471 1271 3526 metum
1294 3466 1406 3540 injuste

230 3557 416 3628 incutientia,
431 3562 522 3632 atque
539 3558 580 3616 ita
594 3571 764 3618 consensus
782 3557 893 3629 injuria
907 3557 1060 3616 obtinetur
1079 3576 1090 3613 ε·
1103 3571 1175 3632 ergo
1192 3560 1290 3615 metus
1308 3556 1408 3614 intluit

230 3649 261 3706 in
276 3648 333 3706 hoc
352 3638 587 3717 matrimonium,
603 3652 631 3706 et
641 3661 726 3705 cons.
744 3646 830 3706 vitiet
844 3646 928 3706 illud.
946 3649 1102 3718 caeterum,
1118 3646 1190 3720 quia
1201 3646 1406 3719 iuramentum

231 3752 289 3794 non
313 3736 433 3810 supplet
455 3736 605 3796 delectum
634 3751 805 3796 consensus
827 3736 1001 3808 spontanei,
1023 3736 1160 3810 sequitur
1183 3735 1406 3794 matrimonium

230 3831 310 3884 metu
333 3830 538 3896 contractum,
557 3825 614 3884 etsi
641 3825 810 3898 iuramento
838 3825 989 3883 firmatum
1010 3825 1061 3895 sit,
1086 3839 1154 3884 esse
1174 3823 1350 3896 invalidum,
1374 3831 1408 3883 ot

231 3913 308 3972 clare
329 3913 481 3988 colligitur
502 3929 538 3972 cx
558 3915 608 3972 oit.
631 3930 655 3972 c.
680 3915 757 3972 llic
774 3929 807 3972 ec
826 3915 878 3988 qui
898 3914 995 3974 duxit.
1017 3914 1069 3973 Cui
1084 3928 1144 3973 non
1166 3913 1267 3972 obstet
1285 3929 1351 3972 can.
1372 3919 1406 3971 22
1463 3914 1464 3917 ’

230 4003 315 4060 luter
324 4007 433 4062 cartem
445 4001 502 4076 (22,
511 4019 541 4076 q.
555 4005 592 4072 l),
608 4017 677 4060 narn
691 4001 761 4060 licet
775 4002 816 4061 ibi
830 4007 929 4061 metus
941 4002 1032 4062 fuerit
1044 4001 1075 4060 in
1086 4001 1298 4075 promissione,
1307 4007 1405 4062 tamen

231 4091 465 4162 matrimonium,
481 4096 617 4151 cessante
633 4096 726 4163 metu,
746 4091 855 4151 initum
869 4097 926 4150 est.

176 4351 179 4359 ,
270 4287 369 4371 Resp.
400 4288 430 4352 3.
455 4287 706 4362 Matrimonium
731 4305 774 4349 ex
799 4289 894 4371 metu
920 4285 1108 4352 invalidum
1128 4285 1345 4362 convalescit,
1377 4289 1404 4351 si

231 4401 343 4461 metus
378 4401 543 4480 purgetur
574 4397 607 4459 1ο
643 4400 948 4480 per‘spontaneam
976 4395 1263 4460 cohabitationem
1290 4396 1404 4480 sesqui

232 4506 310 4570 anni
327 4505 385 4586 (l);
410 4505 442 4567 Ψ
463 4521 524 4586 per
541 4503 771 4569 voluntariam
794 4503 963 4586 copulam,
990 4501 1083 4567 nullo
1103 4506 1197 4567 metu
1222 4507 1401 4569 extortam.

263 4689 297 4750 tl)
309 4689 408 4740 Tamen
423 4691 483 4754 post
501 4700 576 4739 conc.
591 4687 673 4751 rrid„
685 4703 718 4740 ex
732 4702 786 4752 quc
804 4701 950 4740 consensus
969 4687 1026 4738 dari
1044 4687 1124 4739 debat
1140 4701 1228 4740 coram
1244 4689 1359 4754 parocho
1379 4693 1406 4740 et

232 4765 352 4828 testibus,
372 4765 568 4816 matrimonium
583 4778 639 4816 non
657 4765 837 4816 convalidatur
851 4779 899 4830 per
917 4763 1000 4816 solam
1014 4762 1205 4817 habitationem
1219 4767 1403 4830 spontaneam,
