3388 5582
335 445 394 512 tot
793 455 843 504 rus
864 454 1044 504 sinoncort.

336 579 440 646 verba
450 573 537 660 juris
550 579 609 640 aut
619 571 753 661 judicis,
771 572 997 658 ut‘suspensio
1011 571 1237 652 restringatur
1247 588 1291 635 ex
1299 569 1508 652 proprietate

337 685 519 754 vorborum
533 681 576 748 nd
591 681 751 748 ellectum
762 698 974 764 expressum.

256 873 258 881 Α
376 795 409 860 i·
423 793 581 878 Sequitur
596 790 686 876 quod
702 807 889 874 suspensus
904 787 1058 854 absolute
1079 791 1122 854 ab
1138 789 1260 865 olfleio,
1279 805 1341 852 seu
1355 789 1397 852 ab
1412 787 1510 853 omni

338 903 459 980 olitoio,
470 920 539 968 uon
554 905 667 986 potest
680 900 916 966 administrare
933 904 1154 976 sacramenta,
1167 917 1231 964 neo
1244 897 1415 963 celebrare
1428 897 1510 961 mis-

338 1027 422 1088 sam,
438 1029 548 1094 neque
564 1007 793 1090 indulgentias
808 1007 1007 1084 concedere,
1021 1025 1133 1091 neque
1149 1005 1286 1087 eligere,
1301 1023 1414 1089 neque
1430 1005 1511 1086 eligi

338 1119 380 1186 sd
391 1119 593 1186 lierrssseium
608 1117 875 1184 ecclesiasticum
888 1115 981 1201 quod
994 1116 1093 1181 datur
1106 1114 1414 1200 propteroflloium,
1430 1115 1512 1198 quia

337 1227 409 1294 liare
433 1227 548 1294 omnia
566 1227 739 1310 pertinent
757 1225 801 1290 ad
829 1225 979 1291 elusium
1008 1223 1173 1290 elerieole.
1194 1222 1261 1289 Sed
1290 1226 1404 1306 potest
1429 1221 1514 1288 reei-

338 1355 417 1420 pere
439 1339 661 1412 sacramente,
686 1331 819 1416 ingredi
844 1331 1031 1408 eeclesiam,
1057 1333 1215 1398 assistere
1236 1331 1359 1395 divinis
1378 1329 1511 1405 oissoiis,

338 1459 459 1510 enuere
478 1443 514 1508 iu
534 1441 637 1508 ehoro
663 1459 758 1507 more
776 1438 956 1517 laieorum
983 1439 1190 1524 probabilius
1213 1457 1335 1504 voeem
1353 1438 1455 1503 habet
1475 1438 1515 1501 in

338 1551 495 1636 capitulo,
512 1567 591 1616 oum
604 1549 658 1616 bie
672 1555 767 1616 aetus
782 1567 852 1614 non
867 1549 911 1613 sit
927 1549 1127 1613 exercitium
1141 1547 1269 1613 ordinis
1281 1565 1345 1612 nee
1355 1545 1513 1631 ,iurisdie-

341 1659 453 1736 tionis,
469 1677 547 1726 eum
561 1657 697 1724 leminis
712 1655 895 1741 aliquando
910 1673 1031 1721 voeem
1044 1656 1201 1721 habeant.

380 1766 527 1832 lintrium
542 1771 602 1841 est,
620 1783 664 1832 ou
681 1781 868 1847 suspensus
888 1763 929 1828 ab
949 1763 1060 1830 oilleio
1078 1781 1119 1828 eo
1142 1764 1216 1848 ipso
1236 1782 1421 1846 suspensus
1436 1765 1517 1830 sita

341 1869 527 1936 burrosseiol
540 1867 634 1934 llstio
650 1866 827 1933 dubitandi
842 1866 997 1950 estquis
1010 1867 1514 1933 benetieiumestaeoessorium

341 1977 464 2046 oitlcio.
490 1977 556 2042 Sed
578 1976 771 2044 eommunis
795 1975 965 2040 sententia
988 1977 1103 2055 negat,
1125 1976 1265 2040 stratio
1288 1981 1341 2040 est
1361 1974 1514 2052 evidens,

342 2086 422 2172 upilio
435 2085 616 2170 aliquando
629 2086 739 2150 fertur
755 2083 935 2166 suspensio
959 2083 1001 2148 nb
1021 2083 1144 2160 olfieio,
1160 2083 1341 2167 aliqnando
1356 2083 1517 2148 abenefi-

341 2193 404 2270 elo,
420 2191 602 2278 uliqusndo
617 2193 659 2258 nb
680 2199 846 2276 utroque;
868 2209 971 2275 porro
994 2190 1067 2256 haee
1089 2190 1258 2256 disuuelio
1272 2210 1343 2256 non
1359 2191 1468 2266 fieret,
1486 2189 1516 2254 si

344 2301 523 2386 suspensio
538 2301 579 2366 ab
595 2299 707 2366 oltleio
722 2297 910 2365 includeret
924 2299 1187 2381 suspensionem
1201 2317 1223 2363 a
1236 2297 1413 2364 beneflcio.

384 2407 414 2490 d)
423 2407 606 2492 Suspensio
616 2407 801 2488 aberreficio
816 2424 886 2471 non
895 2406 1007 2489 privat
1019 2405 1195 2483 beneflcio,
1208 2405 1268 2470 sed
1280 2411 1413 2471 tantum
1425 2405 1515 2470 illius

343 2515 524 2591 truc-tibus,
541 2533 583 2580 ex
606 2531 731 2580 eornm.
750 2517 897 2578 sentent.
917 2512 1001 2578 lliue
1028 2532 1134 2579 onere
1155 2513 1310 2578 beneficii
1332 2513 1422 2597 apud
1444 2531 1519 2577 sus-

345 2641 490 2710 pensum
506 2627 658 2700 inruont,
675 2639 755 2686 eum
774 2619 831 2686 ills
843 2627 1108 2706 cousequantur,
1120 2641 1191 2688 nou
1206 2641 1250 2686 ex
1262 2622 1427 2686 lruotibus
1442 2639 1518 2705 per-

345 2733 463 2818 ruptis,
480 2731 541 2798 sed
556 2749 595 2796 os
611 2731 788 2797 lierretloio.

384 2841 417 2906 Si
433 2841 504 2906 inu
519 2839 700 2924 stispsnsio
715 2837 1010 2916 sitabsolutelatn,
1021 2841 1199 2925 suspendit
1209 2841 1463 2907 beneficiarium
1473 2840 1516 2906 ab

346 2947 504 3016 onnribus
518 2947 693 3013 berietlriis
704 2965 779 3032 qun
790 2953 867 3012 ortu
877 2947 1040 3032 possidet,
1051 2949 1116 3013 nisi
1128 2950 1337 3014 contrarium
1350 2949 1439 3014 elate
1451 2949 1517 3015 eol-

344 3057 470 3140 ltgutur
485 3075 528 3122 os
548 3055 823 3122 riruuutstnntiis.
842 3055 936 3120 ldem
950 3056 1050 3140 plene
1066 3056 1248 3122 dicendum
1262 3076 1301 3122 ac
1316 3057 1357 3124 de
1378 3076 1518 3140 suspeu-

346 3167 441 3234 sinuo
455 3165 611 3234 absoluta
625 3166 668 3232 ab
683 3166 807 3232 oltlcio.

386 3275 533 3342 ltultluur
548 3275 702 3359 exsurgit
714 3277 803 3340 rima
817 3274 894 3342 illos
909 3277 1041 3342 tructus
1056 3279 1179 3364 quibus
1193 3279 1303 3362 print
1324 3278 1514 3361 suspensio.

347 3383 412 3450 Sed
436 3383 472 3450 in
491 3385 608 3470 primis
627 3385 737 3470 pris-nt
760 3384 1055 3452 distributionibus
1074 3388 1281 3470 quotidianis
1302 3406 1378 3472 qun
1399 3405 1518 3470 prore·

348 3493 447 3558 uiuut
458 3511 499 3560 es
511 3493 691 3560 benetlrio.
706 3493 811 3558 Serus
829 3495 857 3558 si
874 3513 918 3559 ex
930 3493 1124 3578 perticulnri
1135 3495 1288 3560 fidelium
1301 3495 1517 3570 fundatione;

349 3619 430 3668 irunt
451 3601 486 3666 iu
508 3601 618 3686 priuis
642 3607 776 3666 teritum
797 3619 880 3668 casu
895 3609 975 3666 sunt
995 3605 1122 3686 proprii
1145 3605 1277 3668 {metus
1295 3603 1460 3670 benffieii.
1479 3637 1520 3649 —

349 3709 459 3776 terti-st
471 3709 765 3776 administratione
779 3711 947 3778 benetieii.
960 3719 997 3776 ul
1010 3712 1180 3792 colligitur
1189 3733 1233 3778 ex
1246 3732 1276 3778 t.
1291 3713 1340 3788 lo,
1349 3713 1519 3791 delitent,

349 3817 384 3882 in
400 3819 445 3887 ti,
464 3825 496 3884 et
515 3825 648 3884 eoristut
663 3837 706 3884 eo
722 3819 814 3904 quiid
836 3821 907 3884 lues·
923 3819 1172 3886 uitulinistrstie
1190 3827 1242 3886 est
1257 3841 1340 3885 usus
1353 3822 1518 3886 benetidi.

351 3927 391 3990 st
405 3945 473 3992 nitu
490 3927 598 4008 ptiust
615 3933 783 4011 purtestnte
798 3928 946 4008 eligendi
961 3927 1016 3992 rel
1030 3929 1239 3994 struerentur.
1255 3930 1521 4010 uteol'igiturex

351 4051 381 4098 e.
396 4033 427 4100 ῗ,
440 4033 481 4096 uie
496 4031 614 4100 ntes..
631 4035 665 4098 in
679 4055 747 4118 quio
766 4035 855 4100 ultrn
874 4036 1137 4117 suspensionem
1155 4055 1177 4100 a
1192 4039 1366 4101 benefieiis
1387 4035 1522 4102 sdditrn

350 4141 496 4224 peissun
514 4143 694 4224 potestatis
717 4143 876 4222 eliswnii.
895 4162 972 4228 qun
995 4152 1147 4226 potestus
1166 4145 1250 4208 elios
1272 4164 1342 4209 uon
1365 4153 1417 4210 est
1438 4165 1522 4210 usus

351 4247 517 4314 tenuat-ti.
533 4249 725 4314 lsutlerusi
747 4251 782 4315 in
799 4271 937 4334 penum
951 4251 1062 4316 stelit-ti
1085 4255 1259 4318 summissi
1284 4253 1353 4318 tuln
1376 4255 1431 4320 sit.
1451 4271 1523 4318 non

350 4357 458 4440 prim
474 4357 515 4421 iis
530 4359 696 4424 noenius
709 4361 768 4444 qui
785 4369 864 4424 sinu
880 4363 1063 4426 neusmil
1081 4361 1125 4426 sd
1139 4364 1296 4446 suspensi
1309 4363 1523 4426 sustentatio

351 4483 451 4530 netu:
469 4485 568 4532 senus
582 4469 610 4531 si
625 4471 660 4532 in
671 4470 933 4545 intitutionem,
947 4480 981 4536 et
996 4491 1185 4554 suspensus
1198 4471 1378 4537 ususexes
1392 4489 1429 4536 se
1442 4469 1525 4534 libe-

352 4591 428 4640 retu
442 4593 464 4642 e
477 4579 713 4658 suspensione.
