3482 5560
551 573 637 620 crasa
658 573 783 627 orturus
804 545 1042 619 nuceretum
1320 551 1379 620 tir

244 693 348 776 mnu
365 693 552 776 redemptio
573 694 709 775 injuste
729 687 917 758 oeeotiom's
936 709 1041 776 quom
1061 691 1137 775 quis
1147 697 1325 776 poteretur
1344 693 1380 754 io

200 802 280 884 jure
293 801 441 884 speciali,
458 802 502 864 sit
522 803 719 880 sementare,
733 803 765 865 ei
778 804 874 884 fieret
885 819 947 884 per
966 799 1138 888 dationem
1160 798 1380 886 temporetis?

204 910 237 973 1⁰
251 910 284 971 Si
305 909 441 974 vexatio
460 910 680 992 superveniat
690 910 761 992 juri
776 912 850 992 jam
864 908 965 992 plene
986 906 1128 993 quaesito
1142 908 1178 970 in
1197 906 1379 990 praelatura

204 1021 264 1081 aut
286 1017 468 1092 beneflcio,
492 1017 586 1082 nulla
608 1018 672 1082 erit
700 1018 847 1081 simonia
866 1015 1086 1080 vexationem
1108 1015 1209 1078 istam
1234 1015 1380 1096 pecunia

202 1125 371 1190 redimere
389 1126 428 1207 (c.
445 1125 531 1190 2811.
549 1123 623 1208 tit).
644 1125 741 1190 Ratio
764 1130 827 1201 est,
850 1125 928 1210 quia
947 1123 984 1188 in
1005 1121 1063 1186 tali
1078 1140 1160 1186 casu
1184 1139 1254 1186 non
1278 1120 1380 1186 datur

201 1233 391 1317 'temporale
414 1251 476 1317 pro
497 1233 673 1318 spirituali,
692 1233 752 1298 sed
774 1251 837 1316 pro
860 1230 1052 1315 temporali,
1068 1249 1128 1294 seu
1145 1227 1207 1313 pro
1232 1228 1382 1294 tollenda

204 1343 333 1424 injusta
351 1343 534 1407 vexatione
555 1362 562 1404 :
583 1361 616 1406 v.
642 1359 675 1424 g.
699 1342 728 1406 si
751 1342 826 1426 quis
849 1340 1047 1424 episcopum
1068 1337 1381 1404 conllrmatumin-

201 1452 294 1534 juste
309 1450 413 1515 vellet
429 1469 567 1528 vexare,
582 1451 709 1535 poterit
727 1451 759 1516 ei
776 1451 850 1516 dari
862 1449 1008 1534 pecunie
1025 1452 1064 1511 ut
1084 1449 1304 1511 removeatur
1317 1447 1380 1509 im-

204 1558 442 1642 pedimentum
460 1535 599 1641 injustae
621 1559 824 1624 vexationis.
845 1557 888 1621 lt
902 1558 930 1621 si
949 1555 1086 1620 vexatio
1103 1559 1155 1620 cst
1165 1555 1269 1637 justa,
1293 1572 1326 1616 v.
1343 1571 1377 1634 g.

204 1671 343 1750 propter
357 1667 501 1731 dubium
513 1665 675 1748 legitimae
691 1666 878 1741 electionis,
894 1682 965 1729 non
979 1663 1058 1728 licet
1078 1681 1155 1728 eam
1168 1661 1314 1746 pecunia
1327 1679 1379 1725 re-

205 1773 344 1852 dimere,
362 1793 444 1838 nam
457 1775 707 1858 perpecuniam
718 1792 839 1858 reapse
851 1771 1093 1837 ascenderetur
1107 1769 1150 1836 ad
1163 1769 1381 1854 praelaturam

204 1882 259 1946 vel
273 1882 487 1948 heneficium.

244 1991 276 2054 2⁰
290 1989 324 2054 Si
338 1991 475 2056 vexatio
491 1992 604 2056 obstet
614 1991 684 2074 juri
699 1989 835 2074 speciali
851 1989 1005 2055 nondum
1022 1987 1176 2074 praealto,
1194 1987 1254 2051 sed
1270 1985 1380 2052 adhuc

204 2098 421 2181 acquirendo,
438 2116 510 2184 seu,
527 2118 561 2162 v.
572 2117 606 2180 g.
623 2099 803 2164 antecedat
816 2097 1019 2162 electionem
1036 2113 1097 2160 seu
1118 2094 1379 2178 acquisitionem

203 2206 392 2289 praelaturm
405 2207 461 2271 vel
475 2207 642 2282 beneficii,
655 2207 858 2288 regulariter
871 2204 1033 2270 nonlicet
1046 2222 1123 2268 eam
1133 2203 1278 2286 pecunia
1292 2202 1380 2265 redi-

203 2331 296 2378 mere
309 2335 316 2376 :
331 2333 411 2379 uam
422 2315 469 2378 sic
478 2316 728 2398 perpecuniam
739 2315 814 2399 quis
824 2319 959 2397 pararet
974 2313 1138 2376 sihiviam
1149 2311 1273 2376 adrem
1285 2311 1379 2394 spiri·

204 2407 331 2487 tualem
339 2421 570 2487 obtinendam.
585 2423 807 2506 Tamenopus
823 2422 1037 2487 distinctione
1051 2441 1058 2482 :
1073 2421 1189 2503 plures
1204 2419 1378 2484 affirmant

203 2531 398 2612 quempiam
412 2549 513 2613 posse
528 2531 716 2595 universim
725 2549 772 2605 ¹se
789 2530 958 2594 redimere
977 2528 1019 2594 ab
1033 2530 1162 2611 injusta
1176 2527 1377 2602 vemtione;

137 2637 138 2640 ’
204 2637 235 2700 S.
256 2637 326 2720 Lig.
342 2639 387 2720 (n.
405 2639 474 2720 161)
493 2638 616 2702 melius
640 2638 819 2718 distinguit
839 2639 929 2702 inter
949 2640 1114 2701 vexantes
1133 2637 1192 2719 qui
1212 2635 1376 2719 prodesse

202 2749 361 2827 possunt,
382 2744 438 2809 vel
461 2764 547 2823 n0n;
569 2746 605 2810 in
627 2746 855 2830 primocasu,
880 2762 942 2808 seu
964 2742 1100 2828 quando
1119 2744 1232 2826 agitur
1257 2743 1298 2808 de
1320 2743 1380 2808 ali-

203 2852 325 2934 quibus
338 2853 541 2919 electoribus
552 2853 608 2919 vel
621 2853 839 2918 collatoribus
851 2853 1007 2918 beneficii
1021 2853 1376 2935 autpreesentantihus

203 2963 245 3028 ad
265 2962 365 3039 illud,
390 2961 579 3045 redemptio
602 2966 694 3027 esset
714 2962 914 3040 simoniaca,
937 2961 1018 3044 quia
1037 2961 1150 3044 reipsa
1169 2959 1268 3024 datur
1287 2963 1371 3045 tem-

202 3071 317 3154 porale
342 3090 404 3155 pro
429 3069 636 3155 acquirendo
664 3069 847 3154 spirituali;
876 3069 1011 3134 sivero
1036 3069 1173 3132 vexatio
1197 3069 1377 3151 proveniat

165 3221 168 3228 ,
205 3179 248 3244 ab
261 3177 319 3244 illo
335 3180 393 3262 qui
408 3177 519 3243 solum
531 3196 659 3247 nocere
673 3182 797 3260 potest,
811 3195 881 3241 non
895 3180 1012 3240 autem
1024 3175 1197 3257 prodesse,
1209 3174 1303 3240 nulla
1314 3177 1379 3241 erit

203 3287 359 3364 simonia,
376 3287 505 3358 cumin
520 3285 578 3350 tali
593 3304 675 3351 casu
696 3304 767 3349 non
780 3285 879 3348 detur
893 3282 1079 3368 temporale
1092 3301 1154 3366 pro
1168 3283 1376 3367 acquirendo

204 3373 379 3488 spirituali.
393 3394 488 3458 Unde
501 3394 538 3458 in
554 3393 678 3478 specie,

243 3503 277 3566 Si
296 3504 432 3567 vexatio
453 3502 631 3566 immineat
652 3501 694 3566 ab
714 3506 888 3576 extraneo,
905 3505 944 3564 ut
959 3501 1038 3584 quia
1056 3501 1085 3564 is
1101 3500 1176 3564 vult
1193 3495 1377 3565 redimenti

164 3654 167 3660 ·
202 3621 326 3675 nocere
349 3629 411 3694 per
429 3610 584 3674 sinistras
607 3609 791 3673 relationes
813 3613 847 3672 ct
867 3609 1108 3692 persuasiones
1128 3608 1306 3690 malignas,
1323 3625 1376 3671 re-

203 3718 353 3801 demptio
368 3717 559 3783 vexationis
573 3722 687 3801 petest
704 3717 778 3781 fieri
793 3717 877 3780 citra
891 3717 1082 3792 simoniam,
1101 3717 1180 3800 quia
1199 3718 1246 3781 sic
1265 3734 1378 3782 remo-

133 3805 139 3826 *
202 3831 302 3890 vetur
315 3829 450 3890 tantum
463 3825 643 3890 difficultas
657 3826 784 3908 injuste
800 3824 982 3901 causanda,
999 3828 1033 3888 et
1044 3842 1114 3889 non
1126 3825 1262 3909 proprie
1275 3824 1377 3889 estlei-

203 3938 259 3997 tur
269 3935 325 3998 via
340 3933 473 4018 planior
489 3933 531 3998 ad
544 3933 748 3998 electionem
761 3925 822 3998 vel'
836 3933 1051 3998 heneficium.

242 4043 415 4106 Diciturin
428 4042 616 4126 quaestione
632 4067 647 4099 a
671 4043 799 4125 injusta
822 4067 837 4100 s
852 4041 1008 4118 vexatio;
1025 4061 1107 4118 nam
1130 4043 1159 4105 si
1176 4045 1270 4124 justa
1285 4046 1378 4106 esset

202 4151 349 4227 vexatio,
366 4167 469 4214 nemo
488 4153 604 4234 posset
625 4167 661 4214 se
682 4149 861 4225 redimere,
882 4149 1017 4214 etiamsi
1034 4167 1164 4215 vexans
1181 4167 1251 4213 non
1269 4149 1379 4231 possit

201 4258 389 4341 prodesse:
408 4256 466 4321 illa
486 4256 578 4320 enim
596 4255 786 4339 redemptio
800 4261 934 4338 pararet
952 4256 1043 4320 viam
1066 4256 1110 4320 ad
1132 4253 1377 4338 acquirendum

203 4365 387 4450 spirituale,
404 4365 460 4430 vel
474 4365 517 4430 ad
530 4364 751 4429 retinendum
766 4365 980 4448 acquisitum.
1359 4375 1362 4382 '
