3500 5552
587 500 673 548 LIBER
695 501 822 556 QUINTUS
844 504 1063 550 oecanratlun.
1102 572 1105 582 Ι
1360 488 1419 552 543

243 617 298 682 rel
326 618 361 681 in
379 636 518 699 genere,
547 619 602 682 vel
626 619 661 682 in
693 621 804 703 specie
826 625 1078 686 sacramentum
1098 622 1322 704 peanitentiae,
1346 623 1419 686 sine

243 727 370 809 praevio
390 729 558 792 examine.
577 729 798 814 Quocumque
813 731 915 796 modo
935 733 1004 808 liat,
1030 731 1131 796 debet
1145 733 1283 796 concedi
1301 733 1417 813 gratis,

242 835 326 900 alias
340 835 527 900 simoniaca
541 838 639 902 toret.

280 947 507 1028 Atnunquam
518 946 848 1030 sullicitapprobatio
863 949 980 1030 petita,
992 949 1191 1032 etiamsiper
1201 949 1419 1013 manifestam

241 1055 444 1138 injustitiam
459 1056 501 1120 ab
517 1055 674 1139 episcopo
691 1056 889 1138 denegetur,
903 1059 982 1142 quia
996 1076 1090 1123 conc.
1106 1056 1192 1120 Trid.
1208 1057 1246 1138 (s.
1260 1057 1309 1134 rt,
1323 1075 1351 1121 c.
1368 1059 1416 1131 15,

242 1161 283 1226 de
306 1163 395 1246 Res.)
416 1163 522 1244 exigit
546 1163 700 1229 absolute
731 1169 765 1229 et
789 1164 914 1230 diserte
938 1165 1228 1250 approbationem,
1254 1168 1419 1247 tanquam

240 1269 472 1335 conditionem
488 1275 525 1334 ut
540 1273 615 1354 quis
628 1272 744 1337 audire
759 1273 868 1355 possit
881 1274 1126 1344 confessiones,
1141 1275 1176 1336 et
1193 1271 1324 1338 nullam
1341 1273 1420 1338 facit

241 1378 493 1443 distinctionem
507 1380 597 1444 inter
610 1379 790 1445 saeculares
806 1386 841 1445 et
853 1380 1039 1462 regulares.

280 1487 309 1568 c)
334 1485 510 1550 Limr'totr'o
537 1489 789 1571 approbationis
813 1489 887 1552 lieri
913 1493 1028 1572 potest
1049 1490 1090 1553 ab
1116 1490 1275 1573 episcopo
1298 1507 1419 1554 conce·

241 1593 353 1670 dente,
367 1599 401 1659 et
413 1595 552 1679 quidem
563 1597 594 1658 1⁰
604 1595 735 1661 ratione
747 1595 961 1661 subditomm
975 1617 981 1659 :
996 1614 1076 1662 nam
1087 1596 1209 1680 aliquis
1218 1601 1332 1680 potest
1342 1616 1417 1662 esse

239 1704 384 1770 idoneus
402 1711 559 1788 respectu
573 1704 721 1784 rudium,
739 1708 881 1791 quinon
898 1711 950 1771 εει
968 1711 1124 1790 respectu
1145 1707 1416 1781 civitatensium;

240 1812 322 1876 item
355 1818 511 1896 respectu
540 1801 707 1892 virorum,
736 1816 792 1899 qni
823 1834 894 1880 non
926 1819 979 1880 est
1008 1819 1165 1899 respectu
1198 1815 1413 1880 feminamm.

239 1921 271 1983 ιθ
285 1921 463 1987 Restrictio
477 1923 550 1988 haec
573 1928 686 2007 petest
706 1923 809 1989 etiam
822 1924 991 2006 respicere
1013 1929 1147 2007 tempus
1165 1943 1172 1986 :
1189 1943 1221 1988 v.
1242 1942 1275 2004 g.
1294 1923 1322 1987 si
1341 1923 1416 2006 quis

240 2030 486 2111 approbaretur
498 2050 560 2114 pro
576 2031 634 2097 tali
646 2029 871 2108 hebdomada,
885 2032 928 2095 ob
943 2049 1148 2096 concursum
1162 2030 1413 2114 poenitentium,

240 2135 295 2200 vel
315 2137 358 2200 ad
377 2156 517 2216 annum,
534 2157 575 2205 eo
597 2141 664 2204 fine
680 2144 719 2204 ut
732 2140 954 2223 perspiciatur
970 2141 1045 2221 ejus
1062 2139 1224 2221 probitas,
1245 2139 1413 2214 discreti0,

241 2242 402 2322 doctrina,
417 2250 480 2310 etc.
503 2247 615 2331 Aliqui
628 2251 799 2329 negarunt
821 2247 925 2312 talem
946 2247 1020 2312 lieri
1043 2265 1144 2329 posse
1164 2247 1416 2312 restrictionem

240 2352 349 2435 quoad
365 2357 510 2438 tempus,
530 2356 609 2440 quia
621 2357 678 2440 qui
694 2355 801 2420 semel
816 2355 880 2420 ruit
893 2355 1049 2433 idoneus,
1065 2355 1268 2439 supponitur
1282 2373 1417 2438 semper

237 2459 393 2539 idoneus,
416 2468 451 2526 ει
466 2463 664 2546 approbatio
687 2462 730 2527 de
751 2483 787 2528 se
809 2468 880 2528 tam
894 2464 1031 2547 respicit
1044 2465 1199 2528 futurum
1214 2481 1317 2548 quam
1331 2481 1417 2544 prae-

238 2588 338 2646 sens;
360 2571 420 2634 sed
440 2570 512 2635 dari
535 2576 681 2654 pessunt
696 2574 799 2655 justae
813 2591 925 2638 causae
939 2573 1030 2636 illius
1044 2573 1276 2650 restrictionis,
1294 2576 1331 2635 ut
1343 2573 1415 2654 jam

236 2683 371 2744 constat
385 2697 428 2744 ex
443 2680 661 2744 enumeratis.

276 2789 305 2870 f)
319 2787 524 2853 decorabilis
537 2792 590 2852 est
603 2788 802 2870 approbatio
823 2788 911 2864 data,
931 2794 968 2852 ut
989 2789 1088 2853 docet
1106 2788 1322 2855 communior
1340 2805 1415 2851 sen-

237 2897 343 2960 tentia
358 2893 609 2978 contraplnres.
625 2893 751 2959 Tamen
762 2913 848 2978 opus
859 2895 1137 2960 estdistinctiene
1154 2917 1160 2958 :
1178 2897 1206 2960 si
1216 2895 1414 2978 approbatio

237 3020 399 3067 concessa
421 3001 486 3066 init
513 3020 592 3066 cum
615 3002 781 3067 beneflcio
810 3003 993 3086 parochiali
1022 3003 1077 3066 vel
1103 3009 1231 3078 curate,
1262 3004 1414 3067 revocari

237 3111 366 3194 nequit,
383 3110 447 3174 nisi
464 3110 622 3174 sacerdos
645 3109 709 3174 tale
731 3110 935 3174 beneficium
953 3111 1122 3186 obtinens,
1141 3129 1183 3176 ex
1202 3113 1295 3194 justa
1312 3129 1414 3175 causa

236 3217 301 3282 hoe
319 3217 484 3282 beneflcio
504 3217 666 3300 privetur,
690 3218 747 3282 vel
764 3219 806 3282 ab
821 3219 932 3282 officio
949 3237 991 3282 ex
1005 3217 1107 3280 simili
1121 3235 1226 3282 causa
1240 3235 1414 3281 removea-

237 3331 293 3388 tur
313 3329 373 3389 aut
389 3324 636 3407 suspendatur,
658 3325 744 3388 ratio
767 3329 829 3400 est,
852 3325 931 3408 quia
949 3324 1140 3408 jurisdictio
1154 3326 1248 3388 venit
1266 3343 1308 3389 ex
1321 3327 1411 3406 jure,

236 3439 271 3496 et
285 3431 443 3514 alligatur
457 3431 578 3496 olsscio.
597 3431 630 3495 Si
645 3437 761 3496 autem
771 3432 969 3515 approbatio
984 3432 1062 3496 data
1072 3432 1114 3495 sit
1127 3431 1287 3507 solitarie,
1300 3436 1414 3515 potest

236 3540 398 3617 revocari,
421 3539 669 3604 interveniente
691 3539 844 3620 legitima
865 3557 978 3616 causa,
1003 3559 1035 3603 v.
1052 3558 1085 3620 g.
1110 3543 1248 3622 propter
1263 3544 1412 3604 mutatos

236 3664 362 3723 mores,
388 3647 595 3712 oblivionem
618 3648 767 3712 scientiar
795 3646 942 3712 moralis.
973 3647 1050 3711 Sine
1079 3664 1182 3712 causa
1209 3665 1279 3713 non
1299 3651 1413 3730 potest

234 3757 378 3832 evocari,
414 3756 442 3819 si
468 3755 547 3820 data
567 3757 632 3820 fuit
644 3755 799 3822 absolute
819 3761 853 3820 et
877 3757 949 3821 sine
963 3755 1177 3833 limitatione,
1196 3757 1275 3841 quie
1289 3760 1341 3820 est
1354 3759 1410 3838 jus

236 3865 420 3947 approbato
437 3865 628 3948 quaesitum.

570 4053 612 4104 lv.
629 4053 668 4103 De
682 4050 881 4114 Junsdicttone
898 4049 1072 4104 confessarii.

275 4199 307 4276 a)
322 4196 369 4260 De
381 4196 617 4280 jurisdictione
632 4197 667 4261 in
681 4215 807 4279 genere
823 4197 957 4278 egimus
971 4198 1006 4260 in
1017 4197 1068 4260 tit.
1081 4214 1154 4259 xxm
1168 4195 1225 4260 lib.
1235 4194 1349 4273 l,sect.
1361 4195 1407 4273 l⁸;

233 4304 287 4368 hio
301 4303 466 4370 nonnulla
485 4309 617 4368 tantum
637 4309 717 4368 sunt
738 4303 962 4387 expendenda
976 4306 1064 4369 cirea
1080 4305 1352 4386 jurisdictionem
1373 4305 1408 4366 in

233 4413 308 4476 loro
328 4413 462 4477 interno
486 4430 547 4475 seu
564 4411 810 4476 sacramentali.
823 4411 1014 4476 Jurisdictio
1033 4410 1091 4476 illa
1110 4417 1163 4476 est
1175 4416 1328 4495 potestas
1343 4428 1409 4493 qua

233 4520 402 4596 sacerdos,
425 4525 586 4602 tanquam
599 4519 718 4602 judex,
733 4524 846 4603 potest
859 4520 894 4583 in
910 4524 987 4586 actu
1002 4520 1152 4586 secundo
1167 4521 1255 4584 terre
1272 4524 1409 4588 senten-

232 4631 316 4695 tiam
329 4629 553 4695 absolutionis
568 4629 821 4694 saoramentalis
835 4629 872 4694 in
893 4631 1077 4694 subditum.
1101 4629 1227 4693 Dicitur
1248 4653 1263 4687 α
1272 4629 1307 4691 in
1329 4632 1407 4693 actu
