3508 5568
391 515 432 582 34
850 534 900 582 tus
922 533 1101 581 canonican.

391 672 463 736 cap.
480 653 539 717 ssn.
556 653 597 718 de
611 649 829 730 Consectari,
846 652 902 716 ubi
917 653 1122 736 approbatur
1142 649 1253 714 onmis
1279 649 1491 716 cousuetudo
1515 667 1565 714 ra·

312 763 316 783 ⁶
379 761 573 840 tionabilis,
586 768 633 837 ‚et
650 761 801 844 legitime
823 763 1037 845 prascripta3
1067 760 1126 826 sed
1150 759 1362 825 consuetudo
1383 778 1450 843 qua
1468 759 1567 824 indu-

391 876 524 946 cuntur,
545 870 602 935 vel
615 871 822 952 abrogentur
834 869 1080 954 impedimenta
1092 868 1164 934 solo
1180 870 1256 951 Jure
1276 867 1502 933 ecclesiastico
1517 865 1564 930 di·

391 980 550 1045 rimentis
576 980 843 1056 matrimonium,
870 984 1084 1062 potestesse
1113 977 1333 1052 rationabilis,
1359 981 1394 1041 et
1413 975 1564 1058 legitime

390 1090 596 1174 praescripta,
621 1108 682 1153 seu
697 1089 851 1171 legitimo
872 1093 1025 1172 tempore
1041 1089 1179 1165 durans,
1204 1087 1290 1152 sicut
1304 1105 1376 1170 cap.
1393 1087 1410 1149 1
1428 1089 1462 1150 et
1473 1086 1503 1160 3,
1523 1083 1564 1147 dc

393 1197 536 1283 Gopaat.
548 1199 666 1282 spirit,
680 1199 819 1280 jubetur
829 1199 1004 1264 observari
1015 1197 1227 1264 consuetudo
1240 1197 1329 1262 circa
1341 1194 1566 1278 impedimen-

335 1379 338 1383 ,
392 1311 465 1370 tum
479 1307 691 1389 cognationis
704 1307 905 1391 spiritualim
923 1326 1016 1390 ergo.
1027 1307 1149 1374 Exboc
1160 1306 1269 1389 capite
1280 1303 1379 1369 multi
1391 1303 1470 1378 uu,
1482 1319 1567 1386 praa-

393 1416 509 1481 sertim
525 1415 692 1494 Germani,
711 1416 834 1483 docent
847 1417 1065 1483 matrimonia
1076 1417 1314 1484 hereticorum
1328 1415 1363 1478 in
1375 1411 1564 1486 Germania,

392 1544 468 1608 quae
493 1530 666 1592 contracta
687 1531 766 1590 sunt
782 1545 861 1590 cum
881 1525 954 1590 solo
968 1527 1215 1610 impedimento
1226 1525 1313 1608 juris
1335 1520 1563 1596 ecclesiastici,

392 1634 604 1712 esseratida,
621 1635 700 1718 quia
712 1634 807 1717 leges
820 1634 1052 1712 connubiales,
1070 1634 1191 1699 saltem
1205 1632 1317 1717 quoad
1340 1631 1411 1695 vim
1433 1629 1566 1694 irritati-

392 1761 482 1822 vam,
495 1744 665 1824 abrogatae
684 1743 844 1808 videntur
864 1763 924 1827 per
944 1743 1151 1808 contrariam
1173 1739 1564 1821 consuetudinemque

392 1851 488 1916 inhia
499 1851 761 1916 circumstantiis
773 1850 1167 1936 reputaturrationabilis
1178 1849 1360 1914 obbonum
1370 1865 1565 1924 commune,

392 1977 436 2024 ne
448 1958 594 2040 plurima
603 1959 820 2024 matrimonia
832 1959 1072 2035 dissolvantur,
1085 1958 1144 2022 lilii
1157 1977 1218 2042 pro
1230 1957 1352 2041 spuriis
1365 1957 1565 2034 habeantur,

393 2071 494 2150 atque
519 2067 695 2151 incapaces
717 2068 785 2131 sint
809 2067 1000 2133 ciliciorum
1023 2065 1237 2151 publicorum
1260 2071 1293 2130 et
1308 2063 1566 2140 beneficiorum,

393 2193 437 2240 ne
458 2193 536 2258 pan,
558 2180 593 2239 et
614 2175 839 2260 tranquillitas
860 2175 995 2258 publica
1020 2175 1186 2251 turbetur,
1211 2172 1401 2257 praesertim
1422 2171 1449 2236 si
1475 2170 1567 2234 nullo

393 2282 660 2366 modosperetur
674 2283 892 2348 observantia
904 2301 987 2347 sacr.
1003 2301 1185 2348 canonmn.
1550 2270 1554 2283 ’

429 2434 533 2492 Dices:
551 2436 578 2489 t⁰
592 2434 832 2492 consuetudines
845 2435 911 2492 istae
926 2435 1124 2507 reprobantur
1135 2447 1199 2506 cap.
1218 2433 1270 2490 lb.
1285 2437 1306 2488 t.
1319 2437 1349 2489 et
1360 2447 1386 2490 c.
1403 2435 1430 2502 5,
1445 2431 1480 2489 dc
1493 2431 1567 2491 Coa·

394 2523 534 2597 scopein.
553 2527 583 2581 2ο
596 2523 775 2594 Sequeretur
797 2523 877 2596 quod
897 2523 1067 2582 sacerdotes
1089 2527 1234 2595 apostatae
1265 2521 1362 2580 valide
1389 2519 1568 2580 contrahant

395 2613 585 2671 matrimonia
612 2613 644 2670 in
666 2614 753 2672 terris
777 2614 996 2672 baereticorum.
1022 2619 1051 2672 a·
1075 2613 1268 2672 Consuetudo
1286 2613 1361 2684 (cap.
1384 2617 1394 2668 1
1425 2615 1455 2668 et
1475 2615 1508 2676 3,
1534 2610 1569 2670 de

396 2703 517 2775 coenat.
539 2701 651 2774 spirit.)
668 2702 735 2760 ideo
752 2703 935 2774 sustinetur,
952 2704 1023 2778 quia
1042 2718 1182 2776 expresse
1199 2702 1414 2776 approbatura
1430 2705 1518 2778 Papa.
1534 2729 1569 2744 -

395 2793 485 2864 llesp.
497 2790 534 2848 ad
548 2795 573 2848 1.
588 2793 618 2849 C.
634 2791 664 2848 h.
678 2797 699 2848 t.
717 2793 935 2864 praetexebatur
948 2793 1006 2865 lex,
1018 2799 1070 2852 aut
1082 2792 1270 2852 consuetudo
1286 2791 1434 2850 contraria
1445 2791 1507 2863 juri
1523 2790 1569 2848 di-

394 2881 518 2950 2122,νί
533 2879 620 2953 cuius
635 2882 859 2939 matrimonium
875 2882 930 2940 rite
945 2888 1135 2941 contractum
1151 2883 1377 2941 dissolveretur.
1395 2883 1464 2953 Cap.
1481 2885 1497 2936 5
1516 2880 1565 2937 cit.

396 2969 529 3042 procedit
555 2969 591 3027 de
606 2971 825 3028 consuetudine
855 2971 1060 3041 irrationabili,
1085 2979 1114 3029 et
1131 2971 1263 3045 legitime
1294 2986 1354 3028 non
1377 2970 1568 3044 praescripta,

396 3073 486 3130 quam
501 3063 733 3132 presumpturos
750 3060 890 3118 inchoare
902 3066 1094 3119 attentarunt.
1104 3062 1146 3118 Ad
1162 3067 1188 3118 2.
1201 3065 1272 3134 Neg.
1287 3075 1350 3133 seq.
1366 3080 1373 3130 ;
1388 3073 1457 3118 nam
1471 3061 1569 3133 quoad

396 3147 586 3206 matrimonia
605 3149 795 3208 sacerdotum
808 3155 837 3206 et
858 3149 1069 3223 religiosorum
1084 3165 1145 3208 non
1166 3157 1211 3210 est
1229 3151 1353 3208 inducta
1367 3148 1569 3216 consuetudo,

307 3293 310 3302 .
398 3238 450 3297 sed
467 3239 568 3312 potius
583 3239 770 3298 consuetudo
790 3241 940 3298 contraria
958 3240 1158 3299 observatur:
1180 3239 1327 3314 siquidem
1344 3239 1393 3297 isti
1418 3239 1456 3298 ad
1474 3239 1570 3298 Eccle-

398 3329 474 3386 siam
489 3328 614 3387 reduces
630 3335 807 3402 separantur
825 3329 862 3386 ab
878 3329 1023 3388 uxoribus
1038 3330 1195 3403 putatitiis,
1213 3336 1241 3387 ct
1256 3329 1300 3386 liae
1311 3329 1347 3387 ad
1363 3329 1437 3386 alias
1450 3328 1571 3400 nuptias

398 3419 526 3477 transire
540 3419 761 3492 permittuntur.
775 3420 818 3478 ild
831 3425 857 3478 3.
873 3421 1054 3493 Approbalio
1065 3421 1123 3478 ista
1137 3427 1184 3478 cst
1194 3421 1292 3480 solum
1307 3419 1484 3477 declarativa
1498 3417 1572 3492 legi·

399 3511 479 3568 timae
493 3511 734 3582 consuetudinis,
753 3527 820 3584 qua
836 3517 903 3570 ante
924 3509 1013 3568 ullam
1036 3511 1225 3583 personalem
1245 3508 1489 3583 approbationem
1510 3509 1570 3564 rim

400 3614 486 3658 suam
507 3599 610 3658 babuit
627 3601 674 3674 (1).

440 3763 539 3850 Resp.
556 3769 586 3832 5.
610 3767 699 3852 Papa
725 3787 767 3833 ex
795 3769 894 3850 gravi
914 3786 1016 3833 causa
1043 3773 1157 3851 potest
1179 3767 1270 3832 inter
1295 3767 1378 3832 duas
1408 3784 1572 3851 personas

400 3873 600 3942 interdicere
623 3878 879 3942 matrimonium
901 3877 964 3941 sub
978 3876 1144 3953 nullitate,
1171 3895 1232 3940 seu
1254 3896 1333 3941 cum
1350 3876 1486 3941 decreto
1501 3877 1573 3940 irri-

399 4058 551 4112 lacultatem
564 4059 754 4126 impedimenta
765 4059 916 4110 dirimenlia
928 4057 1073 4110 inducendi
1085 4057 1209 4120 Ecclesiae
1219 4072 1316 4124 negare
1325 4057 1450 4120 audeant,
1462 4058 1505 4110 vel
1517 4071 1572 4109 non

400 4141 464 4188 sunt
476 4135 618 4203 dogmatici
631 4137 674 4188 rel
686 4137 718 4189 de
732 4137 783 4188 bac
796 4139 917 4186 mutuata
935 4139 1065 4200 potestate
1076 4134 1243 4200 intelligendi
1257 4137 1329 4186 sunt.

431 4214 490 4264 Lilt.
506 4215 596 4278 Apost.
608 4213 649 4265 Ad
661 4213 820 4279 Apostolos,
833 4215 863 4261 22
878 4211 984 4276 augusti
999 4213 1069 4264 leel.

431 4291 486 4342 Art.
500 4293 540 4341 11.
560 4289 706 4341 Tridentini
724 4289 809 4339 torma
823 4289 872 4338 sub
889 4287 1050 4341 infirmitatis
1066 4301 1147 4353 poena
1162 4301 1217 4339 non
1234 4286 1343 4351 obligat,
1361 4287 1408 4338 ubi
1426 4287 1470 4340 lex
1487 4287 1573 4340 civille

401 4365 479 4416 aliam
491 4365 603 4417 lormam
620 4365 776 4430 praetiluat,
793 4368 819 4414 et
833 4363 896 4414 velit
915 4363 965 4414 bac
985 4377 1055 4416 nova
1068 4365 1154 4415 torma
1170 4363 1362 4415 interveniente
1374 4364 1573 4418 matrimonium

401 4441 497 4494 valere.
1453 4455 1454 4458 ¹

431 4517 491 4570 Litt.
506 4519 596 4583 Apoet.
605 4517 649 4570 Ad
663 4515 820 4585 spectatas,
832 4517 862 4568 22
875 4517 980 4582 augusti
997 4516 1065 4568 test.
1513 4559 1518 4575 ,

434 4595 467 4659 (11
482 4594 547 4646 Vide
564 4597 599 4647 tte
612 4594 719 4658 Angelis
730 4594 767 4658 (h.
781 4596 801 4646 t.
821 4607 848 4646 2.
869 4594 905 4658 llil
922 4595 991 4646 circa
1009 4594 1164 4646 volantatem
1178 4593 1300 4646 Ecclesia
1314 4593 1454 4648 hereticos
1467 4597 1572 4661 adigere

402 4685 448 4724 seu
460 4670 577 4736 obligare
591 4671 761 4722 intendentia.
