<?xml version="1.0" encoding="UTF-8"?>
<!DOCTYPE html PUBLIC "-//W3C//DTD XHTML 1.0 Transitional//EN"
    "http://www.w3.org/TR/xhtml1/DTD/xhtml1-transitional.dtd">
<html xmlns="http://www.w3.org/1999/xhtml" xml:lang="en" lang="en">
 <head>
  <title>
</title>
<meta http-equiv="Content-Type" content="text/html;charset=utf-8" />
  <meta name='ocr-system' content='tesseract 3.04.00' />
  <meta name='ocr-capabilities' content='ocr_page ocr_carea ocr_par ocr_line ocrx_word'/>
</head>
<body>
  <div class='ocr_page' id='page_1' title='image "./juscanonicumjux01grangoog/juscanonicumjux01grangoog_0260.png"; bbox 0 0 3482 5560; ppageno 0'>
   <div class='ocr_carea' id='block_1_1' title="bbox 375 551 1082 632">
    <p class='ocr_par' dir='ltr' id='par_1_1' title="bbox 375 551 1082 632">
     <span class='ocr_line' id='line_1_1' title="bbox 375 551 1082 632; baseline -0.003 0"><span class='ocrx_word' id='word_1_1' title='bbox 375 551 447 632; x_wconf 81' lang='lat' dir='ltr'>sec</span> <span class='ocrx_word' id='word_1_2' title='bbox 831 584 882 630; x_wconf 85' lang='lat' dir='ltr'>rus</span> <span class='ocrx_word' id='word_1_3' title='bbox 901 585 1082 632; x_wconf 72' lang='lat' dir='ltr'>canonicus.</span> 
     </span>
    </p>
   </div>
   <div class='ocr_carea' id='block_1_2' title="bbox 373 699 1615 1668">
    <p class='ocr_par' dir='ltr' id='par_1_2' title="bbox 374 699 1549 1004">
     <span class='ocr_line' id='line_1_2' title="bbox 374 699 1549 786; baseline -0.001 -17"><span class='ocrx_word' id='word_1_4' title='bbox 374 701 595 769; x_wconf 89' lang='lat' dir='ltr'>commissum</span> <span class='ocrx_word' id='word_1_5' title='bbox 620 705 673 766; x_wconf 97' lang='grc' dir='ltr'>εει</span> <span class='ocrx_word' id='word_1_6' title='bbox 693 699 770 766; x_wconf 91' lang='lat' dir='ltr'>dolo</span> <span class='ocrx_word' id='word_1_7' title='bbox 792 701 848 766; x_wconf 89' lang='lat' dir='ltr'>vel</span> <span class='ocrx_word' id='word_1_8' title='bbox 872 701 981 786; x_wconf 88' lang='lat' dir='ltr'>culpa.</span> <span class='ocrx_word' id='word_1_9' title='bbox 1003 701 1207 780; x_wconf 81' lang='lat' dir='ltr'><strong>Generatim,</strong></span> <span class='ocrx_word' id='word_1_10' title='bbox 1234 702 1364 768; x_wconf 79' lang='lat' dir='ltr'><strong>crimen</strong></span> <span class='ocrx_word' id='word_1_11' title='bbox 1388 705 1549 768; x_wconf 89' lang='lat' dir='ltr'>censetur</span> 
     </span>
     <span class='ocr_line' id='line_1_3' title="bbox 376 809 1548 896; baseline 0.001 -21"><span class='ocrx_word' id='word_1_12' title='bbox 376 811 548 876; x_wconf 90' lang='lat' dir='ltr'>notorium</span> <span class='ocrx_word' id='word_1_13' title='bbox 561 811 596 874; x_wconf 94' lang='lat' dir='ltr'>in</span> <span class='ocrx_word' id='word_1_14' title='bbox 610 811 741 875; x_wconf 89' lang='lat' dir='ltr'>ratione</span> <span class='ocrx_word' id='word_1_15' title='bbox 758 809 869 875; x_wconf 79' lang='lat' dir='ltr'>delicti</span> <span class='ocrx_word' id='word_1_16' title='bbox 882 816 917 876; x_wconf 92' lang='lat' dir='ltr'>et</span> <span class='ocrx_word' id='word_1_17' title='bbox 931 809 1080 888; x_wconf 84' lang='lat' dir='ltr'>malitiae,</span> <span class='ocrx_word' id='word_1_18' title='bbox 1095 810 1231 896; x_wconf 87' lang='lat' dir='ltr'>quando</span> <span class='ocrx_word' id='word_1_19' title='bbox 1244 812 1373 878; x_wconf 87' lang='lat' dir='ltr'>iactum</span> <span class='ocrx_word' id='word_1_20' title='bbox 1386 816 1440 876; x_wconf 90' lang='lat' dir='ltr'>est</span> <span class='ocrx_word' id='word_1_21' title='bbox 1453 815 1548 878; x_wconf 76' lang='lat' dir='ltr'>noto</span> 
     </span>
     <span class='ocr_line' id='line_1_4' title="bbox 375 919 1276 1004; baseline -0.002 -18"><span class='ocrx_word' id='word_1_22' title='bbox 375 921 475 996; x_wconf 90' lang='lat' dir='ltr'>rium,</span> <span class='ocrx_word' id='word_1_23' title='bbox 493 925 528 986; x_wconf 90' lang='lat' dir='ltr'>ct</span> <span class='ocrx_word' id='word_1_24' title='bbox 538 919 631 984; x_wconf 91' lang='lat' dir='ltr'>nulla</span> <span class='ocrx_word' id='word_1_25' title='bbox 642 924 782 1004; x_wconf 87' lang='lat' dir='ltr'>apparet</span> <span class='ocrx_word' id='word_1_26' title='bbox 792 922 947 1003; x_wconf 84' lang='lat' dir='ltr'>exceptio</span> <span class='ocrx_word' id='word_1_27' title='bbox 961 920 1085 986; x_wconf 93' lang='lat' dir='ltr'>tollens</span> <span class='ocrx_word' id='word_1_28' title='bbox 1101 921 1276 986; x_wconf 89' lang='lat' dir='ltr'>malitiam.</span> 
     </span>
    </p>

    <p class='ocr_par' dir='ltr' id='par_1_3' title="bbox 373 1028 1615 1668">
     <span class='ocr_line' id='line_1_5' title="bbox 413 1028 1546 1112; baseline 0 -19"><span class='ocrx_word' id='word_1_29' title='bbox 413 1029 446 1093; x_wconf 76' lang='lat'>4⁰</span> <span class='ocrx_word' id='word_1_30' title='bbox 467 1028 599 1092; x_wconf 82' lang='lat' dir='ltr'>Crimen</span> <span class='ocrx_word' id='word_1_31' title='bbox 622 1029 792 1094; x_wconf 88' lang='lat' dir='ltr'>occultum</span> <span class='ocrx_word' id='word_1_32' title='bbox 818 1029 937 1112; x_wconf 85' lang='lat' dir='ltr'>triplici</span> <span class='ocrx_word' id='word_1_33' title='bbox 961 1029 1063 1096; x_wconf 91' lang='lat' dir='ltr'>modo</span> <span class='ocrx_word' id='word_1_34' title='bbox 1091 1031 1127 1094; x_wconf 92' lang='lat' dir='ltr'>in</span> <span class='ocrx_word' id='word_1_35' title='bbox 1152 1030 1320 1112; x_wconf 89' lang='lat' dir='ltr'>judicium</span> <span class='ocrx_word' id='word_1_36' title='bbox 1342 1029 1546 1096; x_wconf 76' lang='lat' dir='ltr'>deducitur:</span> 
     </span>
     <span class='ocr_line' id='line_1_6' title="bbox 376 1136 1549 1220; baseline 0.002 -20"><span class='ocrx_word' id='word_1_37' title='bbox 376 1137 406 1200; x_wconf 83' lang='lat' dir='ltr'>l⁰</span> <span class='ocrx_word' id='word_1_38' title='bbox 425 1154 486 1220; x_wconf 91' lang='lat' dir='ltr'>per</span> <span class='ocrx_word' id='word_1_39' title='bbox 499 1137 757 1216; x_wconf 81' lang='lat' dir='ltr'>accusationem,</span> <span class='ocrx_word' id='word_1_40' title='bbox 781 1137 862 1202; x_wconf 93' lang='lat' dir='ltr'>dum</span> <span class='ocrx_word' id='word_1_41' title='bbox 877 1143 1054 1203; x_wconf 89' lang='lat' dir='ltr'>accusator</span> <span class='ocrx_word' id='word_1_42' title='bbox 1073 1138 1203 1203; x_wconf 81' lang='lat' dir='ltr'>crimen</span> <span class='ocrx_word' id='word_1_43' title='bbox 1218 1136 1328 1202; x_wconf 86' lang='lat' dir='ltr'>dclert</span> <span class='ocrx_word' id='word_1_44' title='bbox 1349 1143 1384 1202; x_wconf 94' lang='lat' dir='ltr'>et</span> <span class='ocrx_word' id='word_1_45' title='bbox 1406 1136 1450 1203; x_wconf 90' lang='lat' dir='ltr'>ad</span> <span class='ocrx_word' id='word_1_46' title='bbox 1465 1137 1549 1202; x_wconf 90' lang='lat' dir='ltr'>illud</span> 
     </span>
     <span class='ocr_line' id='line_1_7' title="bbox 373 1242 1548 1330; baseline 0.002 -21"><span class='ocrx_word' id='word_1_47' title='bbox 373 1242 587 1328; x_wconf 90' lang='lat' dir='ltr'>probandum</span> <span class='ocrx_word' id='word_1_48' title='bbox 606 1263 643 1308; x_wconf 90' lang='lat' dir='ltr'>se</span> <span class='ocrx_word' id='word_1_49' title='bbox 667 1244 811 1327; x_wconf 81' lang='lat' dir='ltr'>obligat;</span> <span class='ocrx_word' id='word_1_50' title='bbox 835 1245 1110 1330; x_wconf 63' lang='lat' dir='ltr'>reliquentem,</span> <span class='ocrx_word' id='word_1_51' title='bbox 1133 1245 1217 1310; x_wconf 92' lang='lat' dir='ltr'>dum</span> <span class='ocrx_word' id='word_1_52' title='bbox 1240 1245 1371 1310; x_wconf 87' lang='lat' dir='ltr'>crimen</span> <span class='ocrx_word' id='word_1_53' title='bbox 1393 1265 1437 1311; x_wconf 84' lang='lat' dir='ltr'>ex</span> <span class='ocrx_word' id='word_1_54' title='bbox 1456 1245 1548 1312; x_wconf 81' lang='lat' dir='ltr'>fama</span> 
     </span>
     <span class='ocr_line' id='line_1_8' title="bbox 374 1349 1546 1440; baseline 0 -24"><span class='ocrx_word' id='word_1_55' title='bbox 374 1349 429 1416; x_wconf 85' lang='lat' dir='ltr'>vel</span> <span class='ocrx_word' id='word_1_56' title='bbox 443 1350 540 1416; x_wconf 86' lang='lat' dir='ltr'>aliter</span> <span class='ocrx_word' id='word_1_57' title='bbox 550 1353 742 1430; x_wconf 76' lang='lat' dir='ltr'>innotescit,</span> <span class='ocrx_word' id='word_1_58' title='bbox 757 1353 805 1418; x_wconf 88' lang='lat' dir='ltr'>ita</span> <span class='ocrx_word' id='word_1_59' title='bbox 819 1358 857 1417; x_wconf 90' lang='lat' dir='ltr'>ut</span> <span class='ocrx_word' id='word_1_60' title='bbox 868 1353 976 1437; x_wconf 85' lang='lat' dir='ltr'>judex</span> <span class='ocrx_word' id='word_1_61' title='bbox 989 1352 1061 1437; x_wconf 91' lang='lat' dir='ltr'>ipse</span> <span class='ocrx_word' id='word_1_62' title='bbox 1075 1351 1159 1418; x_wconf 93' lang='lat' dir='ltr'>illud</span> <span class='ocrx_word' id='word_1_63' title='bbox 1180 1353 1344 1440; x_wconf 89' lang='lat' dir='ltr'>inquirat;</span> <span class='ocrx_word' id='word_1_64' title='bbox 1366 1353 1398 1417; x_wconf 80' lang='lat'>3⁰</span> <span class='ocrx_word' id='word_1_65' title='bbox 1419 1353 1546 1418; x_wconf 81' lang='lat' dir='ltr'>denan-</span> 
     </span>
     <span class='ocr_line' id='line_1_9' title="bbox 375 1458 1549 1544; baseline 0.003 -22"><span class='ocrx_word' id='word_1_66' title='bbox 375 1460 526 1538; x_wconf 72' lang='lat' dir='ltr'>tratione,</span> <span class='ocrx_word' id='word_1_67' title='bbox 540 1458 622 1523; x_wconf 92' lang='lat' dir='ltr'>dum</span> <span class='ocrx_word' id='word_1_68' title='bbox 640 1460 716 1544; x_wconf 88' lang='lat' dir='ltr'>quis</span> <span class='ocrx_word' id='word_1_69' title='bbox 735 1459 841 1543; x_wconf 80' lang='lat' dir='ltr'>judici</span> <span class='ocrx_word' id='word_1_70' title='bbox 862 1459 992 1525; x_wconf 86' lang='lat' dir='ltr'>crimen</span> <span class='ocrx_word' id='word_1_71' title='bbox 1012 1460 1163 1525; x_wconf 89' lang='lat' dir='ltr'>alienum</span> <span class='ocrx_word' id='word_1_72' title='bbox 1185 1459 1374 1540; x_wconf 88' lang='lat' dir='ltr'>denuntiat,</span> <span class='ocrx_word' id='word_1_73' title='bbox 1391 1464 1430 1525; x_wconf 92' lang='lat' dir='ltr'>ut</span> <span class='ocrx_word' id='word_1_74' title='bbox 1439 1460 1549 1544; x_wconf 79' lang='lat' dir='ltr'>judex</span> 
     </span>
     <span class='ocr_line' id='line_1_10' title="bbox 375 1565 1615 1668; baseline 0.002 -36"><span class='ocrx_word' id='word_1_75' title='bbox 375 1566 416 1632; x_wconf 91' lang='lat' dir='ltr'>dc</span> <span class='ocrx_word' id='word_1_76' title='bbox 430 1565 487 1631; x_wconf 93' lang='lat' dir='ltr'>illo</span> <span class='ocrx_word' id='word_1_77' title='bbox 500 1567 657 1652; x_wconf 87' lang='lat' dir='ltr'>inquirat.</span> <span class='ocrx_word' id='word_1_78' title='bbox 675 1567 732 1632; x_wconf 89' lang='lat' dir='ltr'>lsti</span> <span class='ocrx_word' id='word_1_79' title='bbox 749 1574 817 1633; x_wconf 87' lang='lat' dir='ltr'>tres</span> <span class='ocrx_word' id='word_1_80' title='bbox 831 1569 923 1634; x_wconf 90' lang='lat' dir='ltr'>modi</span> <span class='ocrx_word' id='word_1_81' title='bbox 939 1574 1184 1636; x_wconf 89' lang='lat' dir='ltr'>enumerantur</span> <span class='ocrx_word' id='word_1_82' title='bbox 1196 1569 1233 1633; x_wconf 91' lang='lat' dir='ltr'>in</span> <span class='ocrx_word' id='word_1_83' title='bbox 1248 1569 1381 1635; x_wconf 87' lang='lat' dir='ltr'>rubrica</span> <span class='ocrx_word' id='word_1_84' title='bbox 1395 1567 1495 1634; x_wconf 85' lang='lat' dir='ltr'>tituli.</span> <span class='ocrx_word' id='word_1_85' title='bbox 1609 1653 1615 1668; x_wconf 30' lang='lat'><strong><em>⁹</em></strong></span> 
     </span>
    </p>
   </div>
   <div class='ocr_carea' id='block_1_3' title="bbox 611 1801 1306 1877">
    <p class='ocr_par' dir='ltr' id='par_1_4' title="bbox 611 1801 1306 1877">
     <span class='ocr_line' id='line_1_11' title="bbox 611 1801 1306 1877; baseline 0.004 -16"><span class='ocrx_word' id='word_1_86' title='bbox 611 1801 629 1876; x_wconf 68' lang='grc'>5</span> <span class='ocrx_word' id='word_1_87' title='bbox 653 1806 674 1861; x_wconf 93' lang='lat' dir='ltr'>l.</span> <span class='ocrx_word' id='word_1_88' title='bbox 700 1803 738 1862; x_wconf 82' lang='lat' dir='ltr'>lle</span> <span class='ocrx_word' id='word_1_89' title='bbox 756 1817 898 1876; x_wconf 82' lang='lat' dir='ltr'>processu</span> <span class='ocrx_word' id='word_1_90' title='bbox 916 1817 972 1877; x_wconf 82' lang='lat' dir='ltr'>per</span> <span class='ocrx_word' id='word_1_91' title='bbox 991 1804 1072 1864; x_wconf 82' lang='lat' dir='ltr'>aiom</span> <span class='ocrx_word' id='word_1_92' title='bbox 1092 1805 1306 1864; x_wconf 76' lang='lat' dir='ltr'>accusationis.</span> 
     </span>
    </p>
   </div>
   <div class='ocr_carea' id='block_1_4' title="bbox 657 1978 1265 2033">
    <p class='ocr_par' dir='ltr' id='par_1_5' title="bbox 657 1978 1265 2033">
     <span class='ocr_line' id='line_1_12' title="bbox 657 1978 1265 2033; baseline 0 -3"><span class='ocrx_word' id='word_1_93' title='bbox 657 1979 676 2030; x_wconf 92' lang='lat'>1.</span> <span class='ocrx_word' id='word_1_94' title='bbox 692 1981 731 2032; x_wconf 85' lang='lat' dir='ltr'>De</span> <span class='ocrx_word' id='word_1_95' title='bbox 746 1981 850 2033; x_wconf 86' lang='lat' dir='ltr'>natura</span> <span class='ocrx_word' id='word_1_96' title='bbox 863 1980 893 2032; x_wconf 86' lang='lat' dir='ltr'>et</span> <span class='ocrx_word' id='word_1_97' title='bbox 906 1979 1053 2033; x_wconf 78' lang='lat' dir='ltr'>effectibus</span> <span class='ocrx_word' id='word_1_98' title='bbox 1067 1978 1265 2032; x_wconf 86' lang='lat' dir='ltr'>accusationis.</span> 
     </span>
    </p>
   </div>
   <div class='ocr_carea' id='block_1_5' title="bbox 373 2119 1577 4045">
    <p class='ocr_par' dir='ltr' id='par_1_6' title="bbox 373 2119 1577 3486">
     <span class='ocr_line' id='line_1_13' title="bbox 395 2119 1550 2214; baseline 0.002 -26"><span class='ocrx_word' id='word_1_99' title='bbox 395 2119 399 2136; x_wconf 80' lang='grc'><strong><em>’</em></strong></span> <span class='ocrx_word' id='word_1_100' title='bbox 416 2125 447 2205; x_wconf 84' lang='grc' dir='ltr'>α)</span> <span class='ocrx_word' id='word_1_101' title='bbox 462 2125 637 2193; x_wconf 80' lang='lat' dir='ltr'>Accusatio</span> <span class='ocrx_word' id='word_1_102' title='bbox 653 2133 705 2192; x_wconf 91' lang='lat' dir='ltr'>est</span> <span class='ocrx_word' id='word_1_103' title='bbox 721 2133 816 2194; x_wconf 92' lang='lat' dir='ltr'>actus</span> <span class='ocrx_word' id='word_1_104' title='bbox 830 2129 993 2194; x_wconf 87' lang='lat' dir='ltr'>solemnis</span> <span class='ocrx_word' id='word_1_105' title='bbox 1008 2147 1076 2214; x_wconf 89' lang='lat' dir='ltr'>quo</span> <span class='ocrx_word' id='word_1_106' title='bbox 1098 2129 1173 2213; x_wconf 91' lang='lat' dir='ltr'>quis</span> <span class='ocrx_word' id='word_1_107' title='bbox 1195 2127 1417 2192; x_wconf 88' lang='lat' dir='ltr'>criminosum</span> <span class='ocrx_word' id='word_1_108' title='bbox 1439 2125 1550 2190; x_wconf 87' lang='lat' dir='ltr'>delert</span> 
     </span>
     <span class='ocr_line' id='line_1_14' title="bbox 375 2232 1548 2329; baseline 0.001 -33"><span class='ocrx_word' id='word_1_109' title='bbox 375 2232 410 2296; x_wconf 91' lang='lat' dir='ltr'>in</span> <span class='ocrx_word' id='word_1_110' title='bbox 429 2233 595 2329; x_wconf 88' lang='lat' dir='ltr'>judicium</span> <span class='ocrx_word' id='word_1_111' title='bbox 617 2236 660 2301; x_wconf 94' lang='lat' dir='ltr'>ad</span> <span class='ocrx_word' id='word_1_112' title='bbox 688 2236 857 2321; x_wconf 90' lang='lat' dir='ltr'>publicam</span> <span class='ocrx_word' id='word_1_113' title='bbox 885 2236 1081 2302; x_wconf 85' lang='lat' dir='ltr'>vindictam.</span> <span class='ocrx_word' id='word_1_114' title='bbox 1103 2236 1307 2302; x_wconf 90' lang='lat' dir='ltr'>Solemnitas</span> <span class='ocrx_word' id='word_1_115' title='bbox 1334 2235 1400 2300; x_wconf 89' lang='lat' dir='ltr'>ista</span> <span class='ocrx_word' id='word_1_116' title='bbox 1427 2236 1548 2317; x_wconf 84' lang='lat' dir='ltr'>ajure</span> 
     </span>
     <span class='ocr_line' id='line_1_15' title="bbox 375 2341 1547 2428; baseline 0.002 -24"><span class='ocrx_word' id='word_1_117' title='bbox 375 2342 567 2426; x_wconf 83' lang='lat' dir='ltr'>praescripta</span> <span class='ocrx_word' id='word_1_118' title='bbox 579 2344 615 2409; x_wconf 92' lang='lat' dir='ltr'>in</span> <span class='ocrx_word' id='word_1_119' title='bbox 628 2343 693 2409; x_wconf 93' lang='lat' dir='ltr'>hoc</span> <span class='ocrx_word' id='word_1_120' title='bbox 706 2344 924 2428; x_wconf 88' lang='lat' dir='ltr'>potissimum</span> <span class='ocrx_word' id='word_1_121' title='bbox 936 2345 1091 2410; x_wconf 83' lang='lat' dir='ltr'>consistit</span> <span class='ocrx_word' id='word_1_122' title='bbox 1112 2350 1151 2409; x_wconf 93' lang='lat' dir='ltr'>ut</span> <span class='ocrx_word' id='word_1_123' title='bbox 1164 2343 1326 2410; x_wconf 85' lang='lat' dir='ltr'>afferatur</span> <span class='ocrx_word' id='word_1_124' title='bbox 1344 2341 1489 2420; x_wconf 87' lang='lat' dir='ltr'>libellus,</span> <span class='ocrx_word' id='word_1_125' title='bbox 1509 2341 1547 2406; x_wconf 92' lang='lat' dir='ltr'>in</span> 
     </span>
     <span class='ocr_line' id='line_1_16' title="bbox 376 2451 1548 2536; baseline 0.001 -23"><span class='ocrx_word' id='word_1_126' title='bbox 376 2467 442 2532; x_wconf 88' lang='lat' dir='ltr'>quo</span> <span class='ocrx_word' id='word_1_127' title='bbox 458 2451 600 2534; x_wconf 83' lang='lat' dir='ltr'>exprimi</span> <span class='ocrx_word' id='word_1_128' title='bbox 613 2451 739 2517; x_wconf 90' lang='lat' dir='ltr'>debent</span> <span class='ocrx_word' id='word_1_129' title='bbox 753 2472 880 2519; x_wconf 92' lang='lat' dir='ltr'>nomeu</span> <span class='ocrx_word' id='word_1_130' title='bbox 889 2453 1024 2536; x_wconf 86' lang='lat' dir='ltr'>judicis,</span> <span class='ocrx_word' id='word_1_131' title='bbox 1038 2453 1186 2519; x_wconf 89' lang='lat' dir='ltr'>accusati</span> <span class='ocrx_word' id='word_1_132' title='bbox 1196 2456 1231 2516; x_wconf 92' lang='lat' dir='ltr'>et</span> <span class='ocrx_word' id='word_1_133' title='bbox 1245 2451 1461 2526; x_wconf 88' lang='lat' dir='ltr'>accusatoris,</span> <span class='ocrx_word' id='word_1_134' title='bbox 1472 2468 1548 2534; x_wconf 91' lang='lat' dir='ltr'>spe-</span> 
     </span>
     <span class='ocr_line' id='line_1_17' title="bbox 374 2556 1548 2645; baseline 0.003 -25"><span class='ocrx_word' id='word_1_135' title='bbox 374 2557 616 2636; x_wconf 86' lang='lat' dir='ltr'>ciescriminis,</span> <span class='ocrx_word' id='word_1_136' title='bbox 629 2556 725 2624; x_wconf 91' lang='lat' dir='ltr'>locus</span> <span class='ocrx_word' id='word_1_137' title='bbox 742 2565 776 2624; x_wconf 92' lang='lat' dir='ltr'>et</span> <span class='ocrx_word' id='word_1_138' title='bbox 795 2565 931 2645; x_wconf 88' lang='lat' dir='ltr'>tempus</span> <span class='ocrx_word' id='word_1_139' title='bbox 945 2562 1069 2644; x_wconf 90' lang='lat' dir='ltr'>patrati</span> <span class='ocrx_word' id='word_1_140' title='bbox 1083 2561 1244 2625; x_wconf 90' lang='lat' dir='ltr'>criminis.</span> <span class='ocrx_word' id='word_1_141' title='bbox 1266 2597 1306 2606; x_wconf 94' lang='lat'><em>-</em></span> <span class='ocrx_word' id='word_1_142' title='bbox 1321 2559 1370 2623; x_wconf 85' lang='lat' dir='ltr'>Ex</span> <span class='ocrx_word' id='word_1_143' title='bbox 1386 2562 1464 2643; x_wconf 87' lang='lat' dir='ltr'>jure</span> <span class='ocrx_word' id='word_1_144' title='bbox 1482 2557 1548 2623; x_wconf 89' lang='lat' dir='ltr'>Ro-</span> 
     </span>
     <span class='ocr_line' id='line_1_18' title="bbox 374 2665 1547 2752; baseline 0.001 -25"><span class='ocrx_word' id='word_1_145' title='bbox 374 2681 476 2728; x_wconf 90' lang='lat' dir='ltr'>mano</span> <span class='ocrx_word' id='word_1_146' title='bbox 490 2669 524 2728; x_wconf 91' lang='lat' dir='ltr'>et</span> <span class='ocrx_word' id='word_1_147' title='bbox 536 2683 565 2730; x_wconf 88' lang='lat' dir='ltr'>c.</span> <span class='ocrx_word' id='word_1_148' title='bbox 581 2667 620 2730; x_wconf 83' lang='lat'>16</span> <span class='ocrx_word' id='word_1_149' title='bbox 633 2667 737 2750; x_wconf 88' lang='lat' dir='ltr'>hujus</span> <span class='ocrx_word' id='word_1_150' title='bbox 753 2667 852 2744; x_wconf 87' lang='lat' dir='ltr'>tituli,</span> <span class='ocrx_word' id='word_1_151' title='bbox 867 2667 1105 2752; x_wconf 84' lang='lat' dir='ltr'>requirebatur</span> <span class='ocrx_word' id='word_1_152' title='bbox 1119 2669 1320 2752; x_wconf 81' lang='lat' dir='ltr'>subscriptio</span> <span class='ocrx_word' id='word_1_153' title='bbox 1341 2665 1547 2731; x_wconf 87' lang='lat' dir='ltr'>accusatoris</span> 
     </span>
     <span class='ocr_line' id='line_1_19' title="bbox 373 2770 1544 2860; baseline 0.001 -27"><span class='ocrx_word' id='word_1_154' title='bbox 373 2770 410 2834; x_wconf 93' lang='lat' dir='ltr'>in</span> <span class='ocrx_word' id='word_1_155' title='bbox 421 2771 560 2849; x_wconf 89' lang='lat' dir='ltr'>crimen,</span> <span class='ocrx_word' id='word_1_156' title='bbox 577 2791 638 2838; x_wconf 91' lang='lat' dir='ltr'>seu</span> <span class='ocrx_word' id='word_1_157' title='bbox 652 2775 688 2838; x_wconf 91' lang='lat' dir='ltr'>in</span> <span class='ocrx_word' id='word_1_158' title='bbox 701 2793 841 2858; x_wconf 84' lang='lat' dir='ltr'>poenam</span> <span class='ocrx_word' id='word_1_159' title='bbox 856 2774 1002 2853; x_wconf 87' lang='lat' dir='ltr'>talionis,</span> <span class='ocrx_word' id='word_1_160' title='bbox 1020 2775 1049 2840; x_wconf 87' lang='lat' dir='ltr'>ei</span> <span class='ocrx_word' id='word_1_161' title='bbox 1069 2775 1105 2840; x_wconf 90' lang='lat' dir='ltr'>in</span> <span class='ocrx_word' id='word_1_162' title='bbox 1122 2775 1324 2860; x_wconf 83' lang='lat' dir='ltr'>probatione</span> <span class='ocrx_word' id='word_1_163' title='bbox 1340 2773 1519 2839; x_wconf 86' lang='lat' dir='ltr'>deiecisset</span> <span class='ocrx_word' id='word_1_164' title='bbox 1535 2793 1544 2834; x_wconf 91' lang='lat'>:</span> 
     </span>
     <span class='ocr_line' id='line_1_20' title="bbox 376 2878 1547 2964; baseline 0.002 -24"><span class='ocrx_word' id='word_1_165' title='bbox 376 2878 422 2942; x_wconf 91' lang='lat' dir='ltr'>sic</span> <span class='ocrx_word' id='word_1_166' title='bbox 448 2881 667 2946; x_wconf 87' lang='lat' dir='ltr'>coercebatur</span> <span class='ocrx_word' id='word_1_167' title='bbox 692 2883 867 2946; x_wconf 87' lang='lat' dir='ltr'>temeritas</span> <span class='ocrx_word' id='word_1_168' title='bbox 891 2887 1138 2948; x_wconf 87' lang='lat' dir='ltr'>accusatorum.</span> <span class='ocrx_word' id='word_1_169' title='bbox 1161 2881 1228 2946; x_wconf 88' lang='lat' dir='ltr'>Sed</span> <span class='ocrx_word' id='word_1_170' title='bbox 1250 2883 1323 2947; x_wconf 85' lang='lat' dir='ltr'>haec</span> <span class='ocrx_word' id='word_1_171' title='bbox 1345 2880 1547 2964; x_wconf 91' lang='lat' dir='ltr'>subscriptio</span> 
     </span>
     <span class='ocr_line' id='line_1_21' title="bbox 375 2986 1547 3074; baseline 0.003 -26"><span class='ocrx_word' id='word_1_172' title='bbox 375 3003 434 3049; x_wconf 90' lang='lat' dir='ltr'>seu</span> <span class='ocrx_word' id='word_1_173' title='bbox 450 2986 623 3071; x_wconf 89' lang='lat' dir='ltr'>inscriptio</span> <span class='ocrx_word' id='word_1_174' title='bbox 642 2989 774 3054; x_wconf 84' lang='lat' dir='ltr'>sublata</span> <span class='ocrx_word' id='word_1_175' title='bbox 793 2996 855 3068; x_wconf 89' lang='lat' dir='ltr'>est,</span> <span class='ocrx_word' id='word_1_176' title='bbox 878 3010 922 3056; x_wconf 92' lang='lat' dir='ltr'>ne</span> <span class='ocrx_word' id='word_1_177' title='bbox 941 2996 1037 3056; x_wconf 92' lang='lat' dir='ltr'>metu</span> <span class='ocrx_word' id='word_1_178' title='bbox 1058 3009 1169 3074; x_wconf 85' lang='lat' dir='ltr'>poenae</span> <span class='ocrx_word' id='word_1_179' title='bbox 1193 2989 1328 3056; x_wconf 88' lang='lat' dir='ltr'>talionis</span> <span class='ocrx_word' id='word_1_180' title='bbox 1352 2988 1547 3054; x_wconf 88' lang='lat' dir='ltr'>deterrean-</span> 
     </span>
     <span class='ocr_line' id='line_1_22' title="bbox 375 3095 1577 3183; baseline 0.003 -27"><span class='ocrx_word' id='word_1_181' title='bbox 375 3097 430 3158; x_wconf 90' lang='lat' dir='ltr'>tur</span> <span class='ocrx_word' id='word_1_182' title='bbox 450 3095 547 3179; x_wconf 90' lang='lat' dir='ltr'>probi</span> <span class='ocrx_word' id='word_1_183' title='bbox 571 3115 592 3162; x_wconf 89' lang='lat' dir='ltr'>a</span> <span class='ocrx_word' id='word_1_184' title='bbox 613 3097 804 3164; x_wconf 78' lang='lat' dir='ltr'>deserendis</span> <span class='ocrx_word' id='word_1_185' title='bbox 824 3099 1014 3165; x_wconf 90' lang='lat' dir='ltr'>criminosis</span> <span class='ocrx_word' id='word_1_186' title='bbox 1036 3119 1044 3162; x_wconf 75' lang='grc' dir='ltr'><strong>ε</strong></span> <span class='ocrx_word' id='word_1_187' title='bbox 1071 3099 1150 3164; x_wconf 92' lang='lat' dir='ltr'>huic</span> <span class='ocrx_word' id='word_1_188' title='bbox 1171 3117 1282 3183; x_wconf 82' lang='lat' dir='ltr'>pmnae</span> <span class='ocrx_word' id='word_1_189' title='bbox 1306 3097 1469 3163; x_wconf 89' lang='lat' dir='ltr'>successit</span> <span class='ocrx_word' id='word_1_190' title='bbox 1494 3103 1577 3161; x_wconf 85' lang='lat' dir='ltr'>sa-&#39;</span> 
     </span>
     <span class='ocr_line' id='line_1_23' title="bbox 374 3201 1546 3291; baseline 0.002 -27"><span class='ocrx_word' id='word_1_191' title='bbox 374 3201 508 3268; x_wconf 87' lang='lat' dir='ltr'>tiedatic</span> <span class='ocrx_word' id='word_1_192' title='bbox 535 3223 595 3269; x_wconf 90' lang='lat' dir='ltr'>seu</span> <span class='ocrx_word' id='word_1_193' title='bbox 619 3206 731 3271; x_wconf 90' lang='lat' dir='ltr'>cautio</span> <span class='ocrx_word' id='word_1_194' title='bbox 758 3206 882 3272; x_wconf 89' lang='lat' dir='ltr'>idonea</span> <span class='ocrx_word' id='word_1_195' title='bbox 902 3225 963 3291; x_wconf 89' lang='lat' dir='ltr'>per</span> <span class='ocrx_word' id='word_1_196' title='bbox 979 3206 1201 3290; x_wconf 85' lang='lat' dir='ltr'>fidejussores</span> <span class='ocrx_word' id='word_1_197' title='bbox 1225 3205 1280 3271; x_wconf 93' lang='lat' dir='ltr'>vel</span> <span class='ocrx_word' id='word_1_198' title='bbox 1298 3206 1453 3290; x_wconf 82' lang='lat' dir='ltr'>pignora,</span> <span class='ocrx_word' id='word_1_199' title='bbox 1475 3205 1546 3288; x_wconf 86' lang='lat' dir='ltr'>qui-</span> 
     </span>
     <span class='ocr_line' id='line_1_24' title="bbox 373 3309 1545 3400; baseline 0.003 -27"><span class='ocrx_word' id='word_1_200' title='bbox 373 3309 438 3376; x_wconf 93' lang='lat' dir='ltr'>bus</span> <span class='ocrx_word' id='word_1_201' title='bbox 466 3313 646 3397; x_wconf 87' lang='lat' dir='ltr'>querelans</span> <span class='ocrx_word' id='word_1_202' title='bbox 672 3319 793 3381; x_wconf 87' lang='lat' dir='ltr'>caveat</span> <span class='ocrx_word' id='word_1_203' title='bbox 820 3315 861 3381; x_wconf 91' lang='lat' dir='ltr'>de</span> <span class='ocrx_word' id='word_1_204' title='bbox 890 3314 1062 3382; x_wconf 85' lang='lat' dir='ltr'>solvendis</span> <span class='ocrx_word' id='word_1_205' title='bbox 1094 3314 1254 3400; x_wconf 88' lang='lat' dir='ltr'>expensis</span> <span class='ocrx_word' id='word_1_206' title='bbox 1281 3319 1316 3380; x_wconf 92' lang='lat' dir='ltr'>ct</span> <span class='ocrx_word' id='word_1_207' title='bbox 1347 3311 1545 3398; x_wconf 87' lang='lat' dir='ltr'>reparandis</span> 
     </span>
     <span class='ocr_line' id='line_1_25' title="bbox 374 3418 517 3486; baseline 0.007 -2"><span class='ocrx_word' id='word_1_208' title='bbox 374 3418 517 3486; x_wconf 88' lang='lat' dir='ltr'>damnis.</span> 
     </span>
    </p>

    <p class='ocr_par' dir='ltr' id='par_1_7' title="bbox 374 3527 1545 4045">
     <span class='ocr_line' id='line_1_26' title="bbox 413 3527 1543 3616; baseline 0.004 -27"><span class='ocrx_word' id='word_1_209' title='bbox 413 3527 443 3609; x_wconf 86' lang='lat' dir='ltr'>b)</span> <span class='ocrx_word' id='word_1_210' title='bbox 457 3527 602 3594; x_wconf 80' lang='lat' dir='ltr'>Effectus</span> <span class='ocrx_word' id='word_1_211' title='bbox 614 3531 814 3596; x_wconf 89' lang='lat' dir='ltr'>accusatorii</span> <span class='ocrx_word' id='word_1_212' title='bbox 825 3529 941 3608; x_wconf 91' lang='lat' dir='ltr'>libelli,</span> <span class='ocrx_word' id='word_1_213' title='bbox 959 3551 1002 3596; x_wconf 84' lang='lat' dir='ltr'>ex</span> <span class='ocrx_word' id='word_1_214' title='bbox 1018 3537 1112 3616; x_wconf 90' lang='lat' dir='ltr'>parte</span> <span class='ocrx_word' id='word_1_215' title='bbox 1122 3531 1260 3613; x_wconf 81' lang='lat' dir='ltr'>judicis,</span> <span class='ocrx_word' id='word_1_216' title='bbox 1277 3529 1433 3614; x_wconf 89' lang='lat' dir='ltr'>estquod</span> <span class='ocrx_word' id='word_1_217' title='bbox 1447 3545 1543 3594; x_wconf 70' lang='lat' dir='ltr'>accc⁴</span> 
     </span>
     <span class='ocr_line' id='line_1_27' title="bbox 374 3637 1542 3723; baseline 0.003 -25"><span class='ocrx_word' id='word_1_218' title='bbox 374 3641 486 3700; x_wconf 87' lang='lat' dir='ltr'>satum</span> <span class='ocrx_word' id='word_1_219' title='bbox 509 3637 611 3702; x_wconf 87' lang='lat' dir='ltr'>citare</span> <span class='ocrx_word' id='word_1_220' title='bbox 639 3642 761 3721; x_wconf 88' lang='lat' dir='ltr'>potest,</span> <span class='ocrx_word' id='word_1_221' title='bbox 791 3639 894 3703; x_wconf 89' lang='lat' dir='ltr'>etiam</span> <span class='ocrx_word' id='word_1_222' title='bbox 913 3637 1059 3717; x_wconf 85' lang='lat' dir='ltr'>realiter,</span> <span class='ocrx_word' id='word_1_223' title='bbox 1084 3657 1147 3722; x_wconf 90' lang='lat' dir='ltr'>per</span> <span class='ocrx_word' id='word_1_224' title='bbox 1167 3642 1358 3723; x_wconf 85' lang='lat' dir='ltr'>capturam;</span> <span class='ocrx_word' id='word_1_225' title='bbox 1384 3657 1427 3702; x_wconf 85' lang='lat' dir='ltr'>cx</span> <span class='ocrx_word' id='word_1_226' title='bbox 1447 3641 1542 3720; x_wconf 88' lang='lat' dir='ltr'>parte</span> 
     </span>
     <span class='ocr_line' id='line_1_28' title="bbox 375 3746 1545 3830; baseline 0.001 -23"><span class='ocrx_word' id='word_1_227' title='bbox 375 3747 532 3821; x_wconf 80' lang='lat' dir='ltr'>accusati,</span> <span class='ocrx_word' id='word_1_228' title='bbox 555 3746 646 3830; x_wconf 83' lang='lat' dir='ltr'>quod</span> <span class='ocrx_word' id='word_1_229' title='bbox 659 3747 688 3811; x_wconf 94' lang='lat' dir='ltr'>is</span> <span class='ocrx_word' id='word_1_230' title='bbox 704 3748 871 3813; x_wconf 79' lang='lat' dir='ltr'>reseratur</span> <span class='ocrx_word' id='word_1_231' title='bbox 892 3748 927 3811; x_wconf 91' lang='lat' dir='ltr'>in</span> <span class='ocrx_word' id='word_1_232' title='bbox 948 3766 1133 3813; x_wconf 90' lang='lat' dir='ltr'>numerum</span> <span class='ocrx_word' id='word_1_233' title='bbox 1152 3766 1306 3830; x_wconf 85' lang='lat' dir='ltr'>reorum;</span> <span class='ocrx_word' id='word_1_234' title='bbox 1330 3746 1480 3822; x_wconf 88' lang='lat' dir='ltr'>tandem,</span> <span class='ocrx_word' id='word_1_235' title='bbox 1500 3763 1545 3808; x_wconf 81' lang='lat' dir='ltr'>cx</span> 
     </span>
     <span class='ocr_line' id='line_1_29' title="bbox 374 3855 1545 3942; baseline -0.002 -24"><span class='ocrx_word' id='word_1_236' title='bbox 374 3858 469 3937; x_wconf 89' lang='lat' dir='ltr'>parte</span> <span class='ocrx_word' id='word_1_237' title='bbox 489 3857 702 3935; x_wconf 82' lang='lat' dir='ltr'>accusatoris,</span> <span class='ocrx_word' id='word_1_238' title='bbox 725 3856 816 3940; x_wconf 89' lang='lat' dir='ltr'>quod</span> <span class='ocrx_word' id='word_1_239' title='bbox 840 3857 870 3921; x_wconf 88' lang='lat' dir='ltr'>is</span> <span class='ocrx_word' id='word_1_240' title='bbox 893 3856 1062 3938; x_wconf 82' lang='lat' dir='ltr'>obligetur</span> <span class='ocrx_word' id='word_1_241' title='bbox 1078 3857 1222 3942; x_wconf 91' lang='lat' dir='ltr'>probare</span> <span class='ocrx_word' id='word_1_242' title='bbox 1242 3855 1404 3922; x_wconf 87' lang='lat' dir='ltr'>delictum</span> <span class='ocrx_word' id='word_1_243' title='bbox 1425 3871 1545 3918; x_wconf 90' lang='lat' dir='ltr'>sccun-</span> 
     </span>
     <span class='ocr_line' id='line_1_30' title="bbox 376 3959 727 4045; baseline -0.003 -19"><span class='ocrx_word' id='word_1_244' title='bbox 376 3959 457 4026; x_wconf 90' lang='lat' dir='ltr'>dum</span> <span class='ocrx_word' id='word_1_245' title='bbox 473 3962 618 4028; x_wconf 78' lang='lat' dir='ltr'>sormam</span> <span class='ocrx_word' id='word_1_246' title='bbox 630 3963 727 4045; x_wconf 85' lang='lat' dir='ltr'>jnris.</span> 
     </span>
    </p>
   </div>
   <div class='ocr_carea' id='block_1_6' title="bbox 623 4146 1296 4212">
    <p class='ocr_par' dir='ltr' id='par_1_8' title="bbox 623 4146 1296 4212">
     <span class='ocr_line' id='line_1_31' title="bbox 623 4146 1296 4212; baseline -0.003 -13"><span class='ocrx_word' id='word_1_247' title='bbox 623 4148 653 4198; x_wconf 92' lang='lat' dir='ltr'>ll.</span> <span class='ocrx_word' id='word_1_248' title='bbox 671 4147 791 4209; x_wconf 82' lang='lat' dir='ltr'>Quinam</span> <span class='ocrx_word' id='word_1_249' title='bbox 809 4159 943 4201; x_wconf 80' lang='lat' dir='ltr'>accusare</span> <span class='ocrx_word' id='word_1_250' title='bbox 959 4149 1003 4201; x_wconf 81' lang='lat' dir='ltr'>vel</span> <span class='ocrx_word' id='word_1_251' title='bbox 1020 4148 1146 4201; x_wconf 87' lang='lat' dir='ltr'>accusari</span> <span class='ocrx_word' id='word_1_252' title='bbox 1163 4146 1296 4212; x_wconf 73' lang='lat' dir='ltr'>possins</span> 
     </span>
    </p>
   </div>
   <div class='ocr_carea' id='block_1_7' title="bbox 375 4289 1546 4801">
    <p class='ocr_par' dir='ltr' id='par_1_9' title="bbox 375 4289 1546 4801">
     <span class='ocr_line' id='line_1_32' title="bbox 415 4289 1544 4376; baseline -0.003 -20"><span class='ocrx_word' id='word_1_253' title='bbox 415 4293 448 4374; x_wconf 87' lang='lat' dir='ltr'>a)</span> <span class='ocrx_word' id='word_1_254' title='bbox 461 4291 689 4358; x_wconf 73' lang='lat' dir='ltr'>damnatores.</span> <span class='ocrx_word' id='word_1_255' title='bbox 704 4296 739 4358; x_wconf 88' lang='lat' dir='ltr'>l⁰</span> <span class='ocrx_word' id='word_1_256' title='bbox 751 4293 882 4360; x_wconf 88' lang='lat' dir='ltr'>Inutilis</span> <span class='ocrx_word' id='word_1_257' title='bbox 896 4294 998 4360; x_wconf 92' lang='lat' dir='ltr'>hodie</span> <span class='ocrx_word' id='word_1_258' title='bbox 1012 4293 1148 4359; x_wconf 86' lang='lat' dir='ltr'>videtur</span> <span class='ocrx_word' id='word_1_259' title='bbox 1158 4294 1231 4357; x_wconf 81' lang='lat' dir='ltr'>haec</span> <span class='ocrx_word' id='word_1_260' title='bbox 1246 4292 1401 4376; x_wconf 85' lang='lat' dir='ltr'>quaestic,</span> <span class='ocrx_word' id='word_1_261' title='bbox 1418 4308 1496 4356; x_wconf 89' lang='lat' dir='ltr'>cum</span> <span class='ocrx_word' id='word_1_262' title='bbox 1509 4289 1544 4354; x_wconf 92' lang='lat' dir='ltr'>in</span> 
     </span>
     <span class='ocr_line' id='line_1_33' title="bbox 376 4399 1546 4487; baseline -0.001 -24"><span class='ocrx_word' id='word_1_263' title='bbox 376 4417 589 4484; x_wconf 87' lang='lat' dir='ltr'>quocumque</span> <span class='ocrx_word' id='word_1_264' title='bbox 603 4400 724 4466; x_wconf 91' lang='lat' dir='ltr'>delicto</span> <span class='ocrx_word' id='word_1_265' title='bbox 735 4403 843 4485; x_wconf 85' lang='lat' dir='ltr'>judex</span> <span class='ocrx_word' id='word_1_266' title='bbox 855 4403 965 4487; x_wconf 88' lang='lat' dir='ltr'>possit</span> <span class='ocrx_word' id='word_1_267' title='bbox 978 4401 1163 4485; x_wconf 90' lang='lat' dir='ltr'>procedere</span> <span class='ocrx_word' id='word_1_268' title='bbox 1179 4419 1221 4465; x_wconf 84' lang='lat' dir='ltr'>ex</span> <span class='ocrx_word' id='word_1_269' title='bbox 1240 4399 1362 4476; x_wconf 82' lang='lat' dir='ltr'>cilicio,</span> <span class='ocrx_word' id='word_1_270' title='bbox 1386 4405 1422 4464; x_wconf 91' lang='lat' dir='ltr'>et</span> <span class='ocrx_word' id='word_1_271' title='bbox 1441 4417 1546 4480; x_wconf 83' lang='lat' dir='ltr'>gene-</span> 
     </span>
     <span class='ocr_line' id='line_1_34' title="bbox 375 4505 1545 4594; baseline 0 -26"><span class='ocrx_word' id='word_1_272' title='bbox 375 4506 475 4570; x_wconf 89' lang='lat' dir='ltr'>ratim</span> <span class='ocrx_word' id='word_1_273' title='bbox 487 4508 619 4573; x_wconf 90' lang='lat' dir='ltr'>sublata</span> <span class='ocrx_word' id='word_1_274' title='bbox 628 4508 671 4572; x_wconf 88' lang='lat' dir='ltr'>sil</span> <span class='ocrx_word' id='word_1_275' title='bbox 679 4511 848 4576; x_wconf 89' lang='lat' dir='ltr'>accusatio</span> <span class='ocrx_word' id='word_1_276' title='bbox 859 4509 992 4594; x_wconf 89' lang='lat' dir='ltr'>proprie</span> <span class='ocrx_word' id='word_1_277' title='bbox 1004 4508 1101 4574; x_wconf 90' lang='lat' dir='ltr'>dicta.</span> <span class='ocrx_word' id='word_1_278' title='bbox 1115 4509 1148 4573; x_wconf 91' lang='lat' dir='ltr'>Si</span> <span class='ocrx_word' id='word_1_279' title='bbox 1159 4525 1252 4589; x_wconf 83' lang='lat' dir='ltr'>ergo,</span> <span class='ocrx_word' id='word_1_280' title='bbox 1265 4507 1402 4572; x_wconf 92' lang='lat' dir='ltr'>nemine</span> <span class='ocrx_word' id='word_1_281' title='bbox 1415 4505 1545 4570; x_wconf 91' lang='lat' dir='ltr'>denun-</span> 
     </span>
     <span class='ocr_line' id='line_1_35' title="bbox 377 4613 1545 4702; baseline 0.004 -28"><span class='ocrx_word' id='word_1_282' title='bbox 377 4613 493 4691; x_wconf 86' lang='lat' dir='ltr'>tiante,</span> <span class='ocrx_word' id='word_1_283' title='bbox 505 4615 613 4698; x_wconf 83' lang='lat' dir='ltr'>judex</span> <span class='ocrx_word' id='word_1_284' title='bbox 627 4617 810 4700; x_wconf 90' lang='lat' dir='ltr'>procedere</span> <span class='ocrx_word' id='word_1_285' title='bbox 826 4622 950 4702; x_wconf 90' lang='lat' dir='ltr'>potest,</span> <span class='ocrx_word' id='word_1_286' title='bbox 969 4617 1077 4683; x_wconf 91' lang='lat' dir='ltr'>multo</span> <span class='ocrx_word' id='word_1_287' title='bbox 1098 4617 1208 4698; x_wconf 78' lang='lat' dir='ltr'>magis</span> <span class='ocrx_word' id='word_1_288' title='bbox 1222 4613 1405 4699; x_wconf 89' lang='lat' dir='ltr'>procedere</span> <span class='ocrx_word' id='word_1_289' title='bbox 1420 4615 1545 4698; x_wconf 89' lang='lat' dir='ltr'>poterit</span> 
     </span>
     <span class='ocr_line' id='line_1_36' title="bbox 377 4719 1545 4801; baseline 0.003 -19"><span class='ocrx_word' id='word_1_290' title='bbox 377 4719 524 4786; x_wconf 87' lang='lat' dir='ltr'>instante</span> <span class='ocrx_word' id='word_1_291' title='bbox 538 4730 744 4801; x_wconf 86' lang='lat' dir='ltr'>accusatore,</span> <span class='ocrx_word' id='word_1_292' title='bbox 766 4727 869 4791; x_wconf 84' lang='lat' dir='ltr'>etiam</span> <span class='ocrx_word' id='word_1_293' title='bbox 887 4725 1036 4792; x_wconf 89' lang='lat' dir='ltr'>inhabili.</span> <span class='ocrx_word' id='word_1_294' title='bbox 1059 4762 1098 4772; x_wconf 96' lang='lat'><em>-</em></span> <span class='ocrx_word' id='word_1_295' title='bbox 1121 4719 1247 4790; x_wconf 84' lang='lat' dir='ltr'>&#39;lamen</span> <span class='ocrx_word' id='word_1_296' title='bbox 1267 4722 1480 4788; x_wconf 89' lang='lat' dir='ltr'>enumeratio</span> <span class='ocrx_word' id='word_1_297' title='bbox 1494 4723 1545 4785; x_wconf 95' lang='lat' dir='ltr'>in-</span> 
     </span>
    </p>
   </div>
   <div class='ocr_carea' id='block_1_8' title="bbox 0 0 1746 5560">
    <p class='ocr_par' dir='ltr' id='par_1_10' title="bbox 0 0 1746 5560">
     <span class='ocr_line' id='line_1_37' title="bbox 0 0 1746 5560; baseline 0 0"><span class='ocrx_word' id='word_1_298' title='bbox 0 0 1746 5560; x_wconf 95' lang='lat' dir='ltr'> </span> 
     </span>
    </p>
   </div>
  </div>
 </body>
</html>
