3412 5570
406 545 467 616 404
870 564 921 614 tus
941 565 1120 616 canonicus.

400 792 502 874 juria.

356 651 361 664 ⁸
403 682 676 768 sepulturarum}
700 689 734 750 et
750 683 823 750 haeo
839 684 977 751 violatio
998 686 1162 769 accipitur
1179 686 1284 751 etiarn
1305 685 1346 752 de
1369 683 1509 772 simplici
1526 685 1568 752 in·

444 899 476 964 θ’
498 899 545 964 Ite
562 901 640 982 jure
662 901 841 978 eanonioo,
860 901 1045 967 violatores
1065 901 1283 967 ecelesiarum
1306 901 1387 968 olim
1407 903 1480 986 ipso
1497 904 1566 986 jure

402 1012 499 1074 eraut
509 1011 952 1095 exeommunicati,quaudo
964 1011 1107 1076 litsimul
1117 1011 1268 1091 effreotio
1280 1016 1314 1076 et
1324 1009 1479 1095 spoliatio
1489 1012 1525 1092 (e.
1534 1013 1566 1075 lt

403 1122 438 1182 et
451 1119 502 1194 99,
518 1119 561 1183 de
575 1119 669 1186 Sent.
690 1139 864 1198 excomm,
881 1122 970 1206 eto).
988 1121 1054 1186 Sed
1070 1121 1184 1197 hodie,
1203 1127 1282 1205 post
1297 1123 1568 1187 constitutionem

403 1225 602 1310 Apostolteoe
616 1228 727 1308 Sedis,
741 1248 813 1294 non
827 1233 1008 1294 remanent
1021 1229 1094 1294 istae
1110 1230 1497 1306 excommunicationes;
1516 1227 1568 1294 sed
1651 1249 1652 1326 ἦ

402 1334 586 1400 violatores
601 1337 713 1419 puniri
730 1343 877 1420 possunt
889 1356 993 1420 poena
1005 1338 1193 1403 arbitraria:

443 1441 491 1506 Ex
510 1444 753 1509 constitutione
771 1444 945 1510 Benedicti
965 1443 1036 1508 xlv
1049 1444 1100 1510 Ab
1120 1446 1372 1530 anqustisstmo,
1393 1447 1567 1530 suscipien-

402 1554 465 1627 tes,
493 1555 712 1634 exportantes
741 1557 801 1616 aut
828 1552 916 1635 apud
943 1571 979 1616 se
1007 1554 1194 1618 retinentes
1223 1554 1369 1630 hostias,
1397 1555 1568 1620 traduntur

399 1659 536 1728 brachio
552 1659 715 1736 seculari,
732 1661 859 1744 praevia
873 1659 1116 1741 degradatione
1130 1662 1159 1725 si
1175 1661 1243 1726 sint
1256 1662 1484 1728 eeclesiastioi.

774 2045 1000 2125 TITULUS
1047 2045 1191 2123 XVlll.

846 2231 889 2278 nu
920 2234 1049 2280 ruerrs
1073 2227 1112 2284 p).

401 2545 402 2549 ’
434 2525 514 2594 Post
537 2527 667 2594 orimen
692 2528 829 2612 rapinae,
856 2527 1011 2612 sequitur
1032 2529 1173 2604 lurtum,
1201 2547 1262 2612 per
1288 2528 1379 2612 quod
1396 2529 1565 2611 proximus

395 2636 497 2702 etiam
511 2635 646 2701 laeditur
662 2637 698 2700 in
717 2637 815 2700 honis
831 2637 994 2712 fortunae;
1011 2637 1103 2701 unde
1120 2636 1249 2701 orimen
1264 2641 1449 2719 utrumque
1470 2651 1564 2719 oppo-

316 2813 317 2816 ,
393 2744 485 2828 nitur
507 2745 651 2828 septimo
676 2743 829 2826 deoalogi
853 2749 1033 2828 praeoepto.
1061 2745 1188 2810 Tamen
1207 2745 1337 2809 lurtum
1359 2743 1564 2809 strictissime

393 2858 568 2938 sumptum
584 2853 697 2918 differt
712 2873 733 2918 a
749 2854 877 2936 rapina,
897 2853 976 2938 quia
995 2854 1035 2916 tlt
1053 2854 1126 2917 sine
1146 2855 1191 2931 vi,
1210 2858 1244 2917 et
1265 2854 1342 2917 ideo
1363 2853 1405 2917 de
1424 2857 1564 2935 utroque

392 2961 584 3026 suooessive
599 2961 712 3044 agitur
724 2961 760 3024 in
774 2979 915 3044 eorpore
923 2962 1009 3044 juris
1023 2981 1030 3023 :
1046 2978 1149 3044 quere
1166 2959 1327 3042 theologi,
1338 2961 1395 3043 qni
1411 2960 1565 3024 differen-

323 3108 328 3114 -
391 3069 473 3134 tiam
487 3069 679 3151 speoilloam
694 3068 880 3132 admittunt
894 3067 983 3132 inter
996 3068 1150 3150 rapinam
1165 3073 1199 3131 et
1213 3069 1354 3142 furtum,
1365 3067 1461 3132 illam
1475 3085 1565 3150 repe·

390 3180 468 3242 tunt
491 3197 535 3242 ex
555 3176 736 3253 violentia3
764 3175 879 3259 plures
907 3181 1023 3241 tamen
1051 3176 1174 3240 docent
1196 3177 1269 3241 haeo
1290 3175 1433 3241 erimina
1457 3174 1564 3259 speeie

285 3284 287 3287 ’
390 3301 460 3351 non
475 3285 621 3350 differre.

592 3519 609 3585 ς
623 3517 644 3574 1.
660 3515 702 3574 lte
714 3520 839 3586 natura,
859 3512 1005 3574 dtuowne
1017 3519 1047 3575 et
1061 3514 1158 3574 uariis
1171 3513 1268 3575 modis
1281 3515 1370 3588 furti.

786 3693 806 3742 1.
821 3690 927 3744 Natura
940 3691 970 3743 et
984 3689 1084 3744 divisio
1099 3690 1174 3743 lurtl.

431 3839 462 3922 α)
476 3837 628 3914 Furtum,
643 3841 794 3922 speotata
805 3836 840 3902 vi
853 3837 1014 3914 nominis,
1027 3838 1133 3914 venit,
1147 3840 1248 3920 juxta
1261 3837 1387 3922 plures,
1400 3857 1420 3904 a
1432 3836 1558 3910 fraude,

386 3948 486 4030 juxta
498 3946 594 4024 alios,
609 3946 784 4012 alerendo
796 3948 830 4009 et
843 3945 1040 4022 auterendo,
1056 3945 1122 4022 vel,
1155 3951 1193 4009 ut
1212 3944 1333 4010 volunt
1354 3945 1521 4022 nonnulli,
1542 3961 1560 4006 a

388 4073 499 4137 gresso
525 4053 690 4134 vocabulo
716 4055 785 4134 φώρ,
808 4053 898 4138 quod
923 4053 1091 4134 signifieat
1115 4054 1243 4118 iurem.
1269 4055 1410 4118 Furtum
1432 4049 1560 4118 detlniri

388 4160 475 4227 solet
494 4182 502 4225 :
518 4187 534 4221 <‹
550 4161 777 4226 Fraudulenta
789 4160 1022 4236 contrectatio,
1041 4160 1113 4225 sive
1126 4163 1289 4246 aooeptio,
1309 4162 1358 4226 rei
1374 4160 1493 4226 alienae
1509 4159 1559 4224 ret

384 4269 492 4354 ipsius
520 4288 604 4335 usus
632 4274 692 4336 aut
718 4268 957 4353 possessionis,
985 4267 1238 4333 lucrifaciendi
1264 4287 1377 4335 eausa.
1407 4293 1423 4327 a
1451 4268 1559 4352 Aliqui

382 4380 514 4463 juristae
530 4379 660 4445 addunt
676 4399 684 4442 ε
701 4401 717 4436 «
734 4378 784 4443 rei
797 4376 933 4442 mobilis
949 4381 984 4441 et
997 4377 1182 4462 eorporalis
1201 4402 1229 4455 s,
1247 4380 1326 4463 quia
1337 4381 1373 4442 in
1384 4380 1487 4443 rebus
1502 4379 1559 4442 im-

417 4561 451 4626 (1)
466 4561 558 4628 Agitur
572 4563 606 4615 ds
620 4562 671 4615 hoo
687 4561 798 4614 materia
823 4561 852 4612 ln
875 4559 960 4611 Instit.
986 4559 1033 4610 lib.
1058 4559 1099 4623 lV,
1116 4561 1154 4611 tit.
1180 4574 1200 4624 1,
1216 4561 1244 4611 in
1264 4561 1390 4614 Pandeet.
1404 4560 1451 4612 lib.
1465 4557 1557 4616 txvu,

383 4639 424 4690 tit.
437 4651 458 4690 ιι
471 4653 555 4705 seqq,
572 4641 600 4690 in
615 4639 679 4690 God.
694 4639 741 4690 lib.
755 4637 798 4702 tx,
812 4638 854 4689 tit.
875 4647 965 4695 xxvu.
979 4649 1052 4700 seqq.
1071 4640 1097 4690 et
1111 4636 1158 4688 lib.
1174 4637 1216 4698 vt,
1232 4637 1271 4688 tlt.
1287 4650 1318 4691 11.
1336 4637 1410 4690 conl.
1426 4641 1475 4688 nrt.
1492 4636 1557 4694 tana,

386 4715 445 4774 1⁹53
461 4718 488 4766 et
504 4715 565 4768 less
576 4715 642 4767 cod.
656 4715 717 4779 eir.;
731 4717 782 4766 art.
798 4713 855 4777 253,
869 4712 925 4776 ste,
937 4713 1048 4776 staats
1067 4725 1142 4778 seqq.
1159 4712 1224 4765 cod.
1239 4727 1312 4778 poen.
