<?xml version="1.0" encoding="UTF-8"?>
<!DOCTYPE html PUBLIC "-//W3C//DTD XHTML 1.0 Transitional//EN"
    "http://www.w3.org/TR/xhtml1/DTD/xhtml1-transitional.dtd">
<html xmlns="http://www.w3.org/1999/xhtml" xml:lang="en" lang="en">
 <head>
  <title>
</title>
<meta http-equiv="Content-Type" content="text/html;charset=utf-8" />
  <meta name='ocr-system' content='tesseract 3.04.00' />
  <meta name='ocr-capabilities' content='ocr_page ocr_carea ocr_par ocr_line ocrx_word'/>
</head>
<body>
  <div class='ocr_page' id='page_1' title='image "./juscanonicumjux01grangoog/juscanonicumjux01grangoog_0057.png"; bbox 0 0 3508 5568; ppageno 0'>
   <div class='ocr_carea' id='block_1_1' title="bbox 554 515 1386 595">
    <p class='ocr_par' dir='ltr' id='par_1_1' title="bbox 554 515 1386 595">
     <span class='ocr_line' id='line_1_1' title="bbox 554 515 1386 595; baseline -0.004 -9"><span class='ocrx_word' id='word_1_1' title='bbox 554 539 640 586; x_wconf 79' lang='lat' dir='ltr'><strong>arnan</strong></span> <span class='ocrx_word' id='word_1_2' title='bbox 662 537 799 595; x_wconf 74' lang='lat' dir='ltr'><strong>oramus</strong></span> <span class='ocrx_word' id='word_1_3' title='bbox 821 535 1042 586; x_wconf 74' lang='lat' dir='ltr'><strong>accamanus.</strong></span> <span class='ocrx_word' id='word_1_4' title='bbox 1346 515 1386 583; x_wconf 76' lang='grc'><strong>17</strong></span> 
     </span>
    </p>
   </div>
   <div class='ocr_carea' id='block_1_2' title="bbox 213 655 1446 2364">
    <p class='ocr_par' dir='ltr' id='par_1_2' title="bbox 213 655 1446 1281">
     <span class='ocr_line' id='line_1_2' title="bbox 213 655 1388 733; baseline -0.003 -13"><span class='ocrx_word' id='word_1_5' title='bbox 213 657 330 724; x_wconf 92' lang='lat' dir='ltr'><strong>monio</strong></span> <span class='ocrx_word' id='word_1_6' title='bbox 344 657 565 733; x_wconf 88' lang='lat' dir='ltr'><strong>clandestino,</strong></span> <span class='ocrx_word' id='word_1_7' title='bbox 583 676 662 722; x_wconf 89' lang='lat' dir='ltr'><strong>cum</strong></span> <span class='ocrx_word' id='word_1_8' title='bbox 680 656 810 722; x_wconf 89' lang='lat' dir='ltr'><strong>nonsit</strong></span> <span class='ocrx_word' id='word_1_9' title='bbox 830 655 1017 721; x_wconf 89' lang='lat' dir='ltr'><strong>invalidum</strong></span> <span class='ocrx_word' id='word_1_10' title='bbox 1032 673 1074 720; x_wconf 82' lang='lat' dir='ltr'><strong>ex</strong></span> <span class='ocrx_word' id='word_1_11' title='bbox 1096 655 1229 720; x_wconf 89' lang='lat' dir='ltr'><strong>delectu</strong></span> <span class='ocrx_word' id='word_1_12' title='bbox 1243 671 1388 718; x_wconf 90' lang='lat' dir='ltr'><strong>consen-</strong></span> 
     </span>
     <span class='ocr_line' id='line_1_3' title="bbox 215 759 1386 848; baseline -0.003 -20"><span class='ocrx_word' id='word_1_13' title='bbox 215 783 290 842; x_wconf 85' lang='lat' dir='ltr'><strong>sus;</strong></span> <span class='ocrx_word' id='word_1_14' title='bbox 305 765 384 830; x_wconf 87' lang='lat' dir='ltr'><strong>licet</strong></span> <span class='ocrx_word' id='word_1_15' title='bbox 395 765 589 848; x_wconf 89' lang='lat' dir='ltr'><strong>oppositum</strong></span> <span class='ocrx_word' id='word_1_16' title='bbox 601 763 820 848; x_wconf 72' lang='lat' dir='ltr'><strong>probabiliter</strong></span> <span class='ocrx_word' id='word_1_17' title='bbox 829 769 969 828; x_wconf 85' lang='lat' dir='ltr'><strong>teneant</strong></span> <span class='ocrx_word' id='word_1_18' title='bbox 980 762 1138 839; x_wconf 88' lang='lat' dir='ltr'><strong>Sanchez,</strong></span> <span class='ocrx_word' id='word_1_19' title='bbox 1151 759 1245 843; x_wconf 81' lang='lat' dir='ltr'><strong>Eugl.</strong></span> <span class='ocrx_word' id='word_1_20' title='bbox 1264 765 1299 826; x_wconf 93' lang='lat' dir='ltr'><strong>et</strong></span> <span class='ocrx_word' id='word_1_21' title='bbox 1313 760 1386 834; x_wconf 90' lang='lat' dir='ltr'><strong>alii;</strong></span> 
     </span>
     <span class='ocr_line' id='line_1_4' title="bbox 215 858 1389 959; baseline -0.003 -21"><span class='ocrx_word' id='word_1_22' title='bbox 215 858 384 959; x_wconf 80' lang='lat' dir='ltr'><strong>quietalis</strong></span> <span class='ocrx_word' id='word_1_23' title='bbox 401 877 593 939; x_wconf 85' lang='lat' dir='ltr'><strong>contractus</strong></span> <span class='ocrx_word' id='word_1_24' title='bbox 609 873 843 957; x_wconf 91' lang='lat' dir='ltr'><strong>sineparocho</strong></span> <span class='ocrx_word' id='word_1_25' title='bbox 866 877 901 938; x_wconf 92' lang='lat' dir='ltr'><strong>et</strong></span> <span class='ocrx_word' id='word_1_26' title='bbox 920 873 1063 938; x_wconf 89' lang='lat' dir='ltr'><strong>testibus</strong></span> <span class='ocrx_word' id='word_1_27' title='bbox 1082 891 1153 938; x_wconf 91' lang='lat' dir='ltr'><strong>non</strong></span> <span class='ocrx_word' id='word_1_28' title='bbox 1180 873 1283 937; x_wconf 90' lang='lat' dir='ltr'><strong>habet</strong></span> <span class='ocrx_word' id='word_1_29' title='bbox 1302 871 1389 952; x_wconf 79' lang='lat' dir='ltr'><strong>ligu-</strong></span> 
     </span>
     <span class='ocr_line' id='line_1_5' title="bbox 215 963 1446 1075; baseline -0.005 -29"><span class='ocrx_word' id='word_1_30' title='bbox 215 999 289 1046; x_wconf 88' lang='lat' dir='ltr'><strong>ram</strong></span> <span class='ocrx_word' id='word_1_31' title='bbox 310 983 530 1057; x_wconf 89' lang='lat' dir='ltr'><strong>matrimonii,</strong></span> <span class='ocrx_word' id='word_1_32' title='bbox 554 981 746 1065; x_wconf 72' lang='lat' dir='ltr'><strong>praesertim</strong></span> <span class='ocrx_word' id='word_1_33' title='bbox 762 999 842 1045; x_wconf 92' lang='lat' dir='ltr'><strong>cum</strong></span> <span class='ocrx_word' id='word_1_34' title='bbox 862 987 1017 1064; x_wconf 73' lang='lat' dir='ltr'><strong>personae</strong></span> <span class='ocrx_word' id='word_1_35' title='bbox 1031 999 1051 1044; x_wconf 89' lang='lat' dir='ltr'><strong>a</strong></span> <span class='ocrx_word' id='word_1_36' title='bbox 1065 979 1212 1044; x_wconf 79' lang='lat' dir='ltr'><strong>llident.</strong></span> <span class='ocrx_word' id='word_1_37' title='bbox 1235 963 1389 1042; x_wconf 87' lang='lat' dir='ltr'><strong>inhabili·</strong></span> <span class='ocrx_word' id='word_1_38' title='bbox 1443 1069 1446 1075; x_wconf 13' lang='grc' dir='ltr'><strong>Α</strong></span> 
     </span>
     <span class='ocr_line' id='line_1_6' title="bbox 216 1087 1390 1172; baseline -0.003 -19"><span class='ocrx_word' id='word_1_39' title='bbox 216 1095 331 1154; x_wconf 84' lang='lat' dir='ltr'><strong>lentur</strong></span> <span class='ocrx_word' id='word_1_40' title='bbox 353 1091 396 1156; x_wconf 88' lang='lat' dir='ltr'><strong>ad</strong></span> <span class='ocrx_word' id='word_1_41' title='bbox 417 1091 464 1156; x_wconf 89' lang='lat' dir='ltr'><strong>sic</strong></span> <span class='ocrx_word' id='word_1_42' title='bbox 486 1088 767 1166; x_wconf 89' lang='lat' dir='ltr'><strong>contrahendum,</strong></span> <span class='ocrx_word' id='word_1_43' title='bbox 786 1094 887 1172; x_wconf 87' lang='lat' dir='ltr'><strong>atque</strong></span> <span class='ocrx_word' id='word_1_44' title='bbox 902 1089 950 1154; x_wconf 86' lang='lat' dir='ltr'><strong>ita</strong></span> <span class='ocrx_word' id='word_1_45' title='bbox 968 1107 1039 1154; x_wconf 92' lang='lat' dir='ltr'><strong>non</strong></span> <span class='ocrx_word' id='word_1_46' title='bbox 1053 1087 1235 1156; x_wconf 86' lang='lat' dir='ltr'><strong>videantur</strong></span> <span class='ocrx_word' id='word_1_47' title='bbox 1248 1104 1390 1152; x_wconf 89' lang='lat' dir='ltr'><strong>consen·</strong></span> 
     </span>
     <span class='ocr_line' id='line_1_7' title="bbox 216 1198 347 1281; baseline 0.015 -21"><span class='ocrx_word' id='word_1_48' title='bbox 216 1198 279 1262; x_wconf 91' lang='lat' dir='ltr'><strong>tire</strong></span> <span class='ocrx_word' id='word_1_49' title='bbox 295 1199 347 1281; x_wconf 80' lang='lat' dir='ltr'><strong>(l).</strong></span> 
     </span>
    </p>

    <p class='ocr_par' dir='ltr' id='par_1_3' title="bbox 217 1303 1392 2364">
     <span class='ocr_line' id='line_1_8' title="bbox 256 1303 1387 1390; baseline -0.002 -22"><span class='ocrx_word' id='word_1_50' title='bbox 256 1303 356 1388; x_wconf 90' lang='lat' dir='ltr'><strong>Resp.</strong></span> <span class='ocrx_word' id='word_1_51' title='bbox 380 1306 409 1370; x_wconf 87' lang='lat'><strong>3.</strong></span> <span class='ocrx_word' id='word_1_52' title='bbox 434 1305 722 1390; x_wconf 88' lang='lat' dir='ltr'><strong>impedimentum</strong></span> <span class='ocrx_word' id='word_1_53' title='bbox 743 1305 886 1390; x_wconf 72' lang='lat' dir='ltr'><strong>publices</strong></span> <span class='ocrx_word' id='word_1_54' title='bbox 898 1303 1088 1370; x_wconf 87' lang='lat' dir='ltr'><strong>honestatis</strong></span> <span class='ocrx_word' id='word_1_55' title='bbox 1099 1309 1151 1368; x_wconf 89' lang='lat' dir='ltr'><strong>est</strong></span> <span class='ocrx_word' id='word_1_56' title='bbox 1170 1307 1387 1387; x_wconf 84' lang='lat' dir='ltr'><strong>perpetuum,</strong></span> 
     </span>
     <span class='ocr_line' id='line_1_9' title="bbox 218 1413 1387 1496; baseline 0 -20"><span class='ocrx_word' id='word_1_57' title='bbox 218 1414 350 1478; x_wconf 87' lang='lat' dir='ltr'><strong>etiarnsi</strong></span> <span class='ocrx_word' id='word_1_58' title='bbox 374 1414 546 1496; x_wconf 76' lang='lat' dir='ltr'>sponsalia</span> <span class='ocrx_word' id='word_1_59' title='bbox 572 1415 802 1480; x_wconf 89' lang='lat' dir='ltr'><strong>dissolvantur</strong></span> <span class='ocrx_word' id='word_1_60' title='bbox 821 1418 948 1488; x_wconf 89' lang='lat' dir='ltr'><strong>morte,</strong></span> <span class='ocrx_word' id='word_1_61' title='bbox 971 1413 1028 1477; x_wconf 89' lang='lat' dir='ltr'><strong>vel</strong></span> <span class='ocrx_word' id='word_1_62' title='bbox 1050 1417 1170 1477; x_wconf 90' lang='lat' dir='ltr'><strong>mutuo</strong></span> <span class='ocrx_word' id='word_1_63' title='bbox 1199 1429 1387 1487; x_wconf 87' lang='lat' dir='ltr'><strong>consensu,</strong></span> 
     </span>
     <span class='ocr_line' id='line_1_10' title="bbox 218 1521 1391 1608; baseline -0.002 -22"><span class='ocrx_word' id='word_1_64' title='bbox 218 1523 302 1602; x_wconf 88' lang='lat' dir='ltr'><strong>(can.</strong></span> <span class='ocrx_word' id='word_1_65' title='bbox 320 1524 353 1586; x_wconf 93' lang='grc'><strong>11</strong></span> <span class='ocrx_word' id='word_1_66' title='bbox 373 1528 493 1606; x_wconf 88' lang='lat' dir='ltr'><strong>etseq.</strong></span> <span class='ocrx_word' id='word_1_67' title='bbox 511 1524 562 1600; x_wconf 73' lang='grc'><strong>17,</strong></span> <span class='ocrx_word' id='word_1_68' title='bbox 576 1545 608 1608; x_wconf 88' lang='lat' dir='ltr'><strong>q.</strong></span> <span class='ocrx_word' id='word_1_69' title='bbox 624 1525 654 1600; x_wconf 72' lang='grc'><strong>1,</strong></span> <span class='ocrx_word' id='word_1_70' title='bbox 671 1541 698 1588; x_wconf 94' lang='lat' dir='ltr'><strong>c.</strong></span> <span class='ocrx_word' id='word_1_71' title='bbox 715 1524 736 1604; x_wconf 77' lang='grc' dir='ltr'><strong>8Ι</strong></span> <span class='ocrx_word' id='word_1_72' title='bbox 749 1524 784 1587; x_wconf 90' lang='lat' dir='ltr'><strong>b.</strong></span> <span class='ocrx_word' id='word_1_73' title='bbox 803 1524 839 1606; x_wconf 91' lang='lat' dir='ltr'><strong>t.)</strong></span> <span class='ocrx_word' id='word_1_74' title='bbox 859 1543 866 1585; x_wconf 92' lang='lat'>:</span> <span class='ocrx_word' id='word_1_75' title='bbox 887 1524 934 1586; x_wconf 90' lang='lat' dir='ltr'><strong>ita</strong></span> <span class='ocrx_word' id='word_1_76' title='bbox 948 1521 1107 1599; x_wconf 79' lang='lat' dir='ltr'><strong>samber,</strong></span> <span class='ocrx_word' id='word_1_77' title='bbox 1123 1521 1237 1606; x_wconf 88' lang='lat' dir='ltr'><strong>Laym.</strong></span> <span class='ocrx_word' id='word_1_78' title='bbox 1251 1524 1286 1584; x_wconf 85' lang='lat' dir='ltr'><strong>et</strong></span> <span class='ocrx_word' id='word_1_79' title='bbox 1299 1537 1391 1585; x_wconf 90' lang='lat' dir='ltr'><strong>com-</strong></span> 
     </span>
     <span class='ocr_line' id='line_1_11' title="bbox 217 1629 1387 1716; baseline 0.001 -23"><span class='ocrx_word' id='word_1_80' title='bbox 217 1631 354 1695; x_wconf 86' lang='lat' dir='ltr'><strong>munior</strong></span> <span class='ocrx_word' id='word_1_81' title='bbox 365 1631 448 1708; x_wconf 64' lang='lat' dir='ltr'><strong>Db„</strong></span> <span class='ocrx_word' id='word_1_82' title='bbox 466 1651 568 1716; x_wconf 89' lang='lat' dir='ltr'><strong>qnam</strong></span> <span class='ocrx_word' id='word_1_83' title='bbox 583 1633 696 1696; x_wconf 86' lang='lat' dir='ltr'><strong>ssrmat</strong></span> <span class='ocrx_word' id='word_1_84' title='bbox 712 1632 892 1697; x_wconf 79' lang='lat' dir='ltr'><strong>declaratio</strong></span> <span class='ocrx_word' id='word_1_85' title='bbox 908 1631 940 1695; x_wconf 90' lang='lat' dir='ltr'><strong>S.</strong></span> <span class='ocrx_word' id='word_1_86' title='bbox 958 1631 1078 1713; x_wconf 83' lang='lat' dir='ltr'><strong>Gongr.</strong></span> <span class='ocrx_word' id='word_1_87' title='bbox 1100 1629 1153 1694; x_wconf 91' lang='lat' dir='ltr'><strong>die</strong></span> <span class='ocrx_word' id='word_1_88' title='bbox 1172 1630 1192 1694; x_wconf 87' lang='grc'><strong>6</strong></span> <span class='ocrx_word' id='word_1_89' title='bbox 1207 1629 1282 1712; x_wconf 83' lang='lat' dir='ltr'><strong>julii</strong></span> <span class='ocrx_word' id='word_1_90' title='bbox 1298 1629 1387 1701; x_wconf 74' lang='grc'>1658,</span> 
     </span>
     <span class='ocr_line' id='line_1_12' title="bbox 218 1737 1390 1822; baseline -0.002 -20"><span class='ocrx_word' id='word_1_91' title='bbox 218 1739 403 1821; x_wconf 89' lang='lat' dir='ltr'><strong>approbata</strong></span> <span class='ocrx_word' id='word_1_92' title='bbox 419 1740 460 1802; x_wconf 90' lang='lat' dir='ltr'><strong>ab</strong></span> <span class='ocrx_word' id='word_1_93' title='bbox 475 1739 569 1804; x_wconf 78' lang='lat' dir='ltr'><strong>Alex.</strong></span> <span class='ocrx_word' id='word_1_94' title='bbox 587 1738 653 1815; x_wconf 91' lang='lat' dir='ltr'><strong>Vll,</strong></span> <span class='ocrx_word' id='word_1_95' title='bbox 670 1740 886 1822; x_wconf 63' lang='lat' dir='ltr'><strong>praecipiente</strong></span> <span class='ocrx_word' id='word_1_96' title='bbox 900 1739 934 1803; x_wconf 93' lang='lat' dir='ltr'><strong>id</strong></span> <span class='ocrx_word' id='word_1_97' title='bbox 949 1738 1094 1822; x_wconf 88' lang='lat' dir='ltr'><strong>amplius</strong></span> <span class='ocrx_word' id='word_1_98' title='bbox 1109 1739 1144 1802; x_wconf 92' lang='lat' dir='ltr'><strong>in</strong></span> <span class='ocrx_word' id='word_1_99' title='bbox 1160 1737 1301 1802; x_wconf 91' lang='lat' dir='ltr'><strong>dubium</strong></span> <span class='ocrx_word' id='word_1_100' title='bbox 1319 1755 1390 1801; x_wconf 87' lang='lat' dir='ltr'><strong>non</strong></span> 
     </span>
     <span class='ocr_line' id='line_1_13' title="bbox 218 1845 1391 1930; baseline -0.001 -21"><span class='ocrx_word' id='word_1_101' title='bbox 218 1848 341 1923; x_wconf 84' lang='lat' dir='ltr'><strong>vocari,</strong></span> <span class='ocrx_word' id='word_1_102' title='bbox 362 1851 447 1910; x_wconf 88' lang='lat' dir='ltr'><strong>teste</strong></span> <span class='ocrx_word' id='word_1_103' title='bbox 462 1849 564 1929; x_wconf 82' lang='lat' dir='ltr'><strong>Fagn.</strong></span> <span class='ocrx_word' id='word_1_104' title='bbox 588 1853 623 1912; x_wconf 91' lang='lat' dir='ltr'><strong>et</strong></span> <span class='ocrx_word' id='word_1_105' title='bbox 642 1847 780 1924; x_wconf 87' lang='lat' dir='ltr'><strong>Gobat.;</strong></span> <span class='ocrx_word' id='word_1_106' title='bbox 802 1867 882 1913; x_wconf 90' lang='lat' dir='ltr'><strong>nam</strong></span> <span class='ocrx_word' id='word_1_107' title='bbox 896 1847 1180 1930; x_wconf 79' lang='lat' dir='ltr'><strong>impedimentum</strong></span> <span class='ocrx_word' id='word_1_108' title='bbox 1196 1846 1263 1912; x_wconf 91' lang='lat' dir='ltr'><strong>hoc</strong></span> <span class='ocrx_word' id='word_1_109' title='bbox 1283 1845 1391 1911; x_wconf 88' lang='lat' dir='ltr'><strong>oritur</strong></span> 
     </span>
     <span class='ocr_line' id='line_1_14' title="bbox 219 1953 1390 2039; baseline -0.001 -21"><span class='ocrx_word' id='word_1_110' title='bbox 219 1973 261 2018; x_wconf 82' lang='lat' dir='ltr'><strong>ex</strong></span> <span class='ocrx_word' id='word_1_111' title='bbox 271 1956 485 2038; x_wconf 76' lang='lat' dir='ltr'><strong>sponsalibus</strong></span> <span class='ocrx_word' id='word_1_112' title='bbox 500 1958 607 2022; x_wconf 88' lang='lat' dir='ltr'><strong>semel</strong></span> <span class='ocrx_word' id='word_1_113' title='bbox 619 1958 751 2034; x_wconf 86' lang='lat' dir='ltr'><strong>validis,</strong></span> <span class='ocrx_word' id='word_1_114' title='bbox 765 1963 804 2022; x_wconf 93' lang='lat' dir='ltr'><strong>ut</strong></span> <span class='ocrx_word' id='word_1_115' title='bbox 818 1957 916 2022; x_wconf 89' lang='lat' dir='ltr'><strong>docet</strong></span> <span class='ocrx_word' id='word_1_116' title='bbox 928 1956 1016 2021; x_wconf 85' lang='lat' dir='ltr'><strong>Trid.</strong></span> <span class='ocrx_word' id='word_1_117' title='bbox 1031 1957 1065 2039; x_wconf 89' lang='lat' dir='ltr'><strong>(l.</strong></span> <span class='ocrx_word' id='word_1_118' title='bbox 1078 1958 1139 2039; x_wconf 89' lang='lat' dir='ltr'><strong>c.);</strong></span> <span class='ocrx_word' id='word_1_119' title='bbox 1156 1955 1215 2020; x_wconf 88' lang='lat' dir='ltr'><strong>sed</strong></span> <span class='ocrx_word' id='word_1_120' title='bbox 1227 1953 1307 2020; x_wconf 89' lang='lat' dir='ltr'><strong>talia</strong></span> <span class='ocrx_word' id='word_1_121' title='bbox 1320 1955 1390 2018; x_wconf 85' lang='lat' dir='ltr'><strong>lue-</strong></span> 
     </span>
     <span class='ocr_line' id='line_1_15' title="bbox 218 2055 1390 2148; baseline -0.002 -22"><span class='ocrx_word' id='word_1_122' title='bbox 218 2070 299 2127; x_wconf 88' lang='lat' dir='ltr'><strong>runt</strong></span> <span class='ocrx_word' id='word_1_123' title='bbox 317 2065 420 2129; x_wconf 89' lang='lat' dir='ltr'><strong>etiam</strong></span> <span class='ocrx_word' id='word_1_124' title='bbox 440 2063 498 2128; x_wconf 89' lang='lat' dir='ltr'><strong>illa</strong></span> <span class='ocrx_word' id='word_1_125' title='bbox 516 2083 592 2148; x_wconf 80' lang='lat' dir='ltr'><strong>quae</strong></span> <span class='ocrx_word' id='word_1_126' title='bbox 612 2071 734 2131; x_wconf 89' lang='lat' dir='ltr'><strong>mutuo</strong></span> <span class='ocrx_word' id='word_1_127' title='bbox 749 2084 921 2131; x_wconf 87' lang='lat' dir='ltr'><strong>consensu</strong></span> <span class='ocrx_word' id='word_1_128' title='bbox 944 2063 1197 2140; x_wconf 81' lang='lat' dir='ltr'><strong>dissolvuntur3</strong></span> <span class='ocrx_word' id='word_1_129' title='bbox 1218 2055 1330 2147; x_wconf 83' lang='lat' dir='ltr'><strong>neque</strong></span> <span class='ocrx_word' id='word_1_130' title='bbox 1347 2079 1390 2125; x_wconf 83' lang='lat' dir='ltr'><strong>ex</strong></span> 
     </span>
     <span class='ocr_line' id='line_1_16' title="bbox 219 2167 1390 2257; baseline -0.002 -23"><span class='ocrx_word' id='word_1_131' title='bbox 219 2169 288 2234; x_wconf 93' lang='lat' dir='ltr'><strong>ullo</strong></span> <span class='ocrx_word' id='word_1_132' title='bbox 308 2173 385 2253; x_wconf 87' lang='lat' dir='ltr'><strong>jure</strong></span> <span class='ocrx_word' id='word_1_133' title='bbox 401 2177 534 2237; x_wconf 87' lang='lat' dir='ltr'><strong>constat</strong></span> <span class='ocrx_word' id='word_1_134' title='bbox 549 2173 650 2257; x_wconf 88' lang='lat' dir='ltr'><strong>quod,</strong></span> <span class='ocrx_word' id='word_1_135' title='bbox 670 2173 846 2238; x_wconf 83' lang='lat' dir='ltr'><strong>dissolutis</strong></span> <span class='ocrx_word' id='word_1_136' title='bbox 860 2171 1087 2256; x_wconf 72' lang='lat' dir='ltr'><strong>sponsalibus,</strong></span> <span class='ocrx_word' id='word_1_137' title='bbox 1102 2171 1158 2236; x_wconf 91' lang='lat' dir='ltr'><strong>vel</strong></span> <span class='ocrx_word' id='word_1_138' title='bbox 1171 2167 1390 2234; x_wconf 87' lang='lat' dir='ltr'><strong>matrimonio</strong></span> 
     </span>
     <span class='ocr_line' id='line_1_17' title="bbox 219 2278 1392 2364; baseline -0.001 -22"><span class='ocrx_word' id='word_1_139' title='bbox 219 2283 304 2356; x_wconf 88' lang='lat' dir='ltr'><strong>rato,</strong></span> <span class='ocrx_word' id='word_1_140' title='bbox 321 2280 424 2344; x_wconf 87' lang='lat' dir='ltr'><strong>etiam</strong></span> <span class='ocrx_word' id='word_1_141' title='bbox 436 2279 642 2346; x_wconf 88' lang='lat' dir='ltr'><strong>dissolvatur</strong></span> <span class='ocrx_word' id='word_1_142' title='bbox 650 2282 814 2347; x_wconf 89' lang='lat' dir='ltr'><strong>honestas</strong></span> <span class='ocrx_word' id='word_1_143' title='bbox 824 2281 958 2364; x_wconf 82' lang='lat' dir='ltr'><strong>publico</strong></span> <span class='ocrx_word' id='word_1_144' title='bbox 967 2280 1046 2346; x_wconf 91' lang='lat' dir='ltr'><strong>inde</strong></span> <span class='ocrx_word' id='word_1_145' title='bbox 1056 2285 1137 2345; x_wconf 89' lang='lat' dir='ltr'><strong>nata</strong></span> <span class='ocrx_word' id='word_1_146' title='bbox 1151 2301 1158 2358; x_wconf 91' lang='grc'>;</span> <span class='ocrx_word' id='word_1_147' title='bbox 1173 2297 1266 2360; x_wconf 78' lang='lat' dir='ltr'><strong>ergo.</strong></span> <span class='ocrx_word' id='word_1_148' title='bbox 1282 2278 1392 2362; x_wconf 86' lang='lat' dir='ltr'><strong>Oppo-</strong></span> 
     </span>
    </p>
   </div>
   <div class='ocr_carea' id='block_1_3' title="bbox 121 2386 1392 2471">
    <p class='ocr_par' dir='ltr' id='par_1_4' title="bbox 121 2386 1392 2471">
     <span class='ocr_line' id='line_1_18' title="bbox 121 2386 1392 2471; baseline 0.001 -22"><span class='ocrx_word' id='word_1_149' title='bbox 121 2409 124 2412; x_wconf 93' lang='lat'>·</span> <span class='ocrx_word' id='word_1_150' title='bbox 221 2387 323 2450; x_wconf 86' lang='lat' dir='ltr'><strong>situm</strong></span> <span class='ocrx_word' id='word_1_151' title='bbox 338 2386 528 2452; x_wconf 90' lang='lat' dir='ltr'><strong>docuerunt</strong></span> <span class='ocrx_word' id='word_1_152' title='bbox 547 2389 686 2467; x_wconf 81' lang='lat' dir='ltr'><strong>Gutien,</strong></span> <span class='ocrx_word' id='word_1_153' title='bbox 712 2390 871 2468; x_wconf 74' lang='lat' dir='ltr'><strong>Barbosa</strong></span> <span class='ocrx_word' id='word_1_154' title='bbox 891 2388 1001 2471; x_wconf 66' lang='lat' dir='ltr'><strong>Engl„</strong></span> <span class='ocrx_word' id='word_1_155' title='bbox 1023 2390 1078 2453; x_wconf 94' lang='lat' dir='ltr'><strong>hic</strong></span> <span class='ocrx_word' id='word_1_156' title='bbox 1100 2393 1115 2466; x_wconf 67' lang='grc' dir='ltr'><strong>ξ</strong></span> <span class='ocrx_word' id='word_1_157' title='bbox 1138 2389 1168 2463; x_wconf 88' lang='grc'><strong>6,</strong></span> <span class='ocrx_word' id='word_1_158' title='bbox 1194 2407 1227 2451; x_wconf 93' lang='lat' dir='ltr'><strong>n.</strong></span> <span class='ocrx_word' id='word_1_159' title='bbox 1253 2388 1297 2464; x_wconf 89' lang='lat'><strong>3.,</strong></span> <span class='ocrx_word' id='word_1_160' title='bbox 1321 2386 1392 2450; x_wconf 86' lang='lat' dir='ltr'><strong>nixi</strong></span> 
     </span>
    </p>
   </div>
   <div class='ocr_carea' id='block_1_4' title="bbox 220 2493 1392 2904">
    <p class='ocr_par' dir='ltr' id='par_1_5' title="bbox 220 2493 1392 2794">
     <span class='ocr_line' id='line_1_19' title="bbox 220 2493 1392 2578; baseline -0.001 -20"><span class='ocrx_word' id='word_1_161' title='bbox 220 2493 367 2576; x_wconf 88' lang='lat' dir='ltr'><strong>quadam</strong></span> <span class='ocrx_word' id='word_1_162' title='bbox 377 2495 604 2560; x_wconf 81' lang='lat' dir='ltr'><strong>declaratione</strong></span> <span class='ocrx_word' id='word_1_163' title='bbox 620 2496 652 2559; x_wconf 90' lang='lat' dir='ltr'><strong>S.</strong></span> <span class='ocrx_word' id='word_1_164' title='bbox 664 2495 785 2578; x_wconf 80' lang='lat' dir='ltr'><strong>Gongr.</strong></span> <span class='ocrx_word' id='word_1_165' title='bbox 800 2517 808 2572; x_wconf 90' lang='grc'><strong>;</strong></span> <span class='ocrx_word' id='word_1_166' title='bbox 822 2495 882 2560; x_wconf 90' lang='lat' dir='ltr'><strong>sed</strong></span> <span class='ocrx_word' id='word_1_167' title='bbox 896 2496 976 2560; x_wconf 90' lang='lat' dir='ltr'><strong>huic</strong></span> <span class='ocrx_word' id='word_1_168' title='bbox 986 2494 1215 2572; x_wconf 82' lang='lat' dir='ltr'><strong>declarationi,</strong></span> <span class='ocrx_word' id='word_1_169' title='bbox 1233 2493 1260 2558; x_wconf 89' lang='lat' dir='ltr'><strong>si</strong></span> <span class='ocrx_word' id='word_1_170' title='bbox 1277 2499 1392 2558; x_wconf 88' lang='lat' dir='ltr'><strong>tamen</strong></span> 
     </span>
     <span class='ocr_line' id='line_1_20' title="bbox 221 2602 1392 2686; baseline 0.002 -22"><span class='ocrx_word' id='word_1_171' title='bbox 221 2602 359 2678; x_wconf 84' lang='lat' dir='ltr'><strong>exstitit,</strong></span> <span class='ocrx_word' id='word_1_172' title='bbox 376 2603 588 2686; x_wconf 76' lang='lat' dir='ltr'><strong>praeferenda</strong></span> <span class='ocrx_word' id='word_1_173' title='bbox 603 2611 655 2669; x_wconf 85' lang='lat' dir='ltr'><strong>est</strong></span> <span class='ocrx_word' id='word_1_174' title='bbox 668 2606 722 2669; x_wconf 92' lang='lat' dir='ltr'><strong>cit.</strong></span> <span class='ocrx_word' id='word_1_175' title='bbox 734 2604 916 2670; x_wconf 84' lang='lat' dir='ltr'><strong>declaratio</strong></span> <span class='ocrx_word' id='word_1_176' title='bbox 927 2602 1021 2668; x_wconf 84' lang='lat' dir='ltr'><strong>Alex.</strong></span> <span class='ocrx_word' id='word_1_177' title='bbox 1033 2603 1098 2680; x_wconf 86' lang='lat' dir='ltr'><strong>Vll,</strong></span> <span class='ocrx_word' id='word_1_178' title='bbox 1111 2603 1301 2685; x_wconf 81' lang='lat' dir='ltr'><strong>praesertim</strong></span> <span class='ocrx_word' id='word_1_179' title='bbox 1314 2620 1392 2666; x_wconf 90' lang='lat' dir='ltr'><strong>curn</strong></span> 
     </span>
     <span class='ocr_line' id='line_1_21' title="bbox 221 2709 801 2794; baseline 0.003 -21"><span class='ocrx_word' id='word_1_180' title='bbox 221 2709 353 2775; x_wconf 91' lang='lat' dir='ltr'><strong>meliori</strong></span> <span class='ocrx_word' id='word_1_181' title='bbox 364 2713 442 2794; x_wconf 89' lang='lat' dir='ltr'><strong>jure</strong></span> <span class='ocrx_word' id='word_1_182' title='bbox 456 2713 637 2778; x_wconf 87' lang='lat' dir='ltr'><strong>etratione</strong></span> <span class='ocrx_word' id='word_1_183' title='bbox 662 2714 801 2778; x_wconf 89' lang='lat' dir='ltr'><strong>nitatur.</strong></span> 
     </span>
    </p>

    <p class='ocr_par' dir='ltr' id='par_1_6' title="bbox 261 2819 1390 2904">
     <span class='ocr_line' id='line_1_22' title="bbox 261 2819 1390 2904; baseline -0.001 -20"><span class='ocrx_word' id='word_1_184' title='bbox 261 2819 359 2904; x_wconf 87' lang='lat' dir='ltr'><strong>Resp.</strong></span> <span class='ocrx_word' id='word_1_185' title='bbox 378 2821 408 2884; x_wconf 77' lang='grc'><strong>1.</strong></span> <span class='ocrx_word' id='word_1_186' title='bbox 426 2820 562 2886; x_wconf 88' lang='lat' dir='ltr'><strong>Publica</strong></span> <span class='ocrx_word' id='word_1_187' title='bbox 575 2823 739 2888; x_wconf 88' lang='lat' dir='ltr'><strong>honestas</strong></span> <span class='ocrx_word' id='word_1_188' title='bbox 753 2822 941 2888; x_wconf 89' lang='lat' dir='ltr'><strong>nonhabet</strong></span> <span class='ocrx_word' id='word_1_189' title='bbox 958 2822 1030 2887; x_wconf 82' lang='lat' dir='ltr'><strong>vim</strong></span> <span class='ocrx_word' id='word_1_190' title='bbox 1043 2821 1260 2903; x_wconf 85' lang='lat' dir='ltr'><strong>retroagendi</strong></span> <span class='ocrx_word' id='word_1_191' title='bbox 1273 2819 1313 2902; x_wconf 92' lang='lat' dir='ltr'><strong>(c.</strong></span> <span class='ocrx_word' id='word_1_192' title='bbox 1331 2838 1390 2884; x_wconf 89' lang='lat' dir='ltr'><strong>un.</strong></span> 
     </span>
    </p>
   </div>
   <div class='ocr_carea' id='block_1_5' title="bbox 157 3036 1395 3232">
    <p class='ocr_par' dir='ltr' id='par_1_7' title="bbox 157 3036 1395 3232">
     <span class='ocr_line' id='line_1_23' title="bbox 157 3036 1393 3127; baseline 0 -27"><span class='ocrx_word' id='word_1_193' title='bbox 157 3119 162 3127; x_wconf 89' lang='lat'>.</span> <span class='ocrx_word' id='word_1_194' title='bbox 221 3037 477 3102; x_wconf 86' lang='lat' dir='ltr'><strong>matrimonium</strong></span> <span class='ocrx_word' id='word_1_195' title='bbox 491 3044 606 3104; x_wconf 87' lang='lat' dir='ltr'><strong>ratum</strong></span> <span class='ocrx_word' id='word_1_196' title='bbox 620 3039 798 3104; x_wconf 86' lang='lat' dir='ltr'><strong>contrabat</strong></span> <span class='ocrx_word' id='word_1_197' title='bbox 817 3057 896 3103; x_wconf 89' lang='lat' dir='ltr'><strong>cum</strong></span> <span class='ocrx_word' id='word_1_198' title='bbox 909 3039 1005 3115; x_wconf 84' lang='lat' dir='ltr'><strong>Titia,</strong></span> <span class='ocrx_word' id='word_1_199' title='bbox 1033 3041 1107 3122; x_wconf 91' lang='lat' dir='ltr'><strong>ejus</strong></span> <span class='ocrx_word' id='word_1_200' title='bbox 1129 3056 1256 3114; x_wconf 86' lang='lat' dir='ltr'><strong>sorore,</strong></span> <span class='ocrx_word' id='word_1_201' title='bbox 1273 3057 1315 3102; x_wconf 86' lang='lat' dir='ltr'><strong>ex</strong></span> <span class='ocrx_word' id='word_1_202' title='bbox 1328 3036 1393 3102; x_wconf 88' lang='lat' dir='ltr'><strong>hoc</strong></span> 
     </span>
     <span class='ocr_line' id='line_1_24' title="bbox 222 3145 1395 3232; baseline 0.002 -24"><span class='ocrx_word' id='word_1_203' title='bbox 222 3145 439 3211; x_wconf 89' lang='lat' dir='ltr'><strong>matrimonio</strong></span> <span class='ocrx_word' id='word_1_204' title='bbox 460 3147 609 3213; x_wconf 90' lang='lat' dir='ltr'><strong>invalido</strong></span> <span class='ocrx_word' id='word_1_205' title='bbox 633 3166 703 3218; x_wconf 88' lang='lat' dir='ltr'><strong>uon</strong></span> <span class='ocrx_word' id='word_1_206' title='bbox 718 3150 826 3213; x_wconf 83' lang='lat' dir='ltr'><strong>oritur</strong></span> <span class='ocrx_word' id='word_1_207' title='bbox 842 3148 1125 3232; x_wconf 87' lang='lat' dir='ltr'><strong>impedimentum</strong></span> <span class='ocrx_word' id='word_1_208' title='bbox 1142 3146 1342 3220; x_wconf 87' lang='lat' dir='ltr'><strong>honestatis,</strong></span> <span class='ocrx_word' id='word_1_209' title='bbox 1359 3151 1395 3210; x_wconf 86' lang='lat' dir='ltr'><strong>et</strong></span> 
     </span>
    </p>
   </div>
   <div class='ocr_carea' id='block_1_6' title="bbox 223 3252 1396 3446">
    <p class='ocr_par' dir='ltr' id='par_1_8' title="bbox 223 3252 1396 3446">
     <span class='ocr_line' id='line_1_25' title="bbox 224 3252 1395 3338; baseline -0.001 -21"><span class='ocrx_word' id='word_1_210' title='bbox 224 3271 317 3317; x_wconf 89' lang='lat' dir='ltr'><strong>cons.</strong></span> <span class='ocrx_word' id='word_1_211' title='bbox 335 3252 494 3319; x_wconf 87' lang='lat' dir='ltr'><strong>Bertbam</strong></span> <span class='ocrx_word' id='word_1_212' title='bbox 507 3255 543 3318; x_wconf 91' lang='lat' dir='ltr'><strong>in</strong></span> <span class='ocrx_word' id='word_1_213' title='bbox 565 3273 709 3320; x_wconf 86' lang='lat' dir='ltr'><strong>uxorem</strong></span> <span class='ocrx_word' id='word_1_214' title='bbox 726 3255 849 3320; x_wconf 87' lang='lat' dir='ltr'><strong>ducere</strong></span> <span class='ocrx_word' id='word_1_215' title='bbox 866 3259 997 3338; x_wconf 83' lang='lat' dir='ltr'><strong>potest3</strong></span> <span class='ocrx_word' id='word_1_216' title='bbox 1018 3260 1053 3319; x_wconf 90' lang='lat' dir='ltr'><strong>at</strong></span> <span class='ocrx_word' id='word_1_217' title='bbox 1066 3257 1094 3318; x_wconf 88' lang='lat' dir='ltr'><strong>si</strong></span> <span class='ocrx_word' id='word_1_218' title='bbox 1107 3253 1205 3318; x_wconf 83' lang='lat' dir='ltr'><strong>Caius</strong></span> <span class='ocrx_word' id='word_1_219' title='bbox 1218 3271 1297 3316; x_wconf 90' lang='lat' dir='ltr'><strong>cum</strong></span> <span class='ocrx_word' id='word_1_220' title='bbox 1311 3252 1395 3316; x_wconf 88' lang='lat' dir='ltr'><strong>Titia</strong></span> 
     </span>
     <span class='ocr_line' id='line_1_26' title="bbox 223 3362 1396 3446; baseline -0.003 -20"><span class='ocrx_word' id='word_1_221' title='bbox 223 3363 409 3428; x_wconf 85' lang='lat' dir='ltr'><strong>fornicatus</strong></span> <span class='ocrx_word' id='word_1_222' title='bbox 434 3369 496 3439; x_wconf 88' lang='lat' dir='ltr'><strong>est,</strong></span> <span class='ocrx_word' id='word_1_223' title='bbox 517 3369 676 3429; x_wconf 87' lang='lat' dir='ltr'><strong>neutram</strong></span> <span class='ocrx_word' id='word_1_224' title='bbox 698 3367 811 3446; x_wconf 87' lang='lat' dir='ltr'><strong>potest</strong></span> <span class='ocrx_word' id='word_1_225' title='bbox 832 3364 954 3428; x_wconf 88' lang='lat' dir='ltr'><strong>ducere</strong></span> <span class='ocrx_word' id='word_1_226' title='bbox 979 3383 986 3425; x_wconf 93' lang='lat'>:</span> <span class='ocrx_word' id='word_1_227' title='bbox 1012 3380 1082 3426; x_wconf 91' lang='lat' dir='ltr'><strong>non</strong></span> <span class='ocrx_word' id='word_1_228' title='bbox 1099 3362 1231 3436; x_wconf 83' lang='lat' dir='ltr'><strong>Titiam,</strong></span> <span class='ocrx_word' id='word_1_229' title='bbox 1255 3364 1396 3444; x_wconf 89' lang='lat' dir='ltr'><strong>propter</strong></span> 
     </span>
    </p>
   </div>
   <div class='ocr_carea' id='block_1_7' title="bbox 224 3468 1503 3556">
    <p class='ocr_par' dir='ltr' id='par_1_9' title="bbox 224 3468 1503 3556">
     <span class='ocr_line' id='line_1_27' title="bbox 224 3468 1503 3556; baseline 0.002 -22"><span class='ocrx_word' id='word_1_230' title='bbox 224 3472 508 3554; x_wconf 88' lang='lat' dir='ltr'><strong>impedimentum</strong></span> <span class='ocrx_word' id='word_1_231' title='bbox 544 3472 686 3556; x_wconf 80' lang='lat' dir='ltr'><strong>publicae</strong></span> <span class='ocrx_word' id='word_1_232' title='bbox 723 3474 913 3539; x_wconf 90' lang='lat' dir='ltr'><strong>honestatis</strong></span> <span class='ocrx_word' id='word_1_233' title='bbox 951 3491 993 3537; x_wconf 82' lang='lat' dir='ltr'><strong>ex</strong></span> <span class='ocrx_word' id='word_1_234' title='bbox 1031 3471 1149 3556; x_wconf 89' lang='lat' dir='ltr'><strong>primis</strong></span> <span class='ocrx_word' id='word_1_235' title='bbox 1180 3468 1394 3553; x_wconf 86' lang='lat' dir='ltr'><strong>sponsalibus</strong></span> <span class='ocrx_word' id='word_1_236' title='bbox 1500 3529 1503 3537; x_wconf 94' lang='lat'>.</span> 
     </span>
    </p>
   </div>
   <div class='ocr_carea' id='block_1_8' title="bbox 224 3579 1467 3882">
    <p class='ocr_par' dir='ltr' id='par_1_10' title="bbox 224 3579 1467 3882">
     <span class='ocr_line' id='line_1_28' title="bbox 224 3579 1395 3666; baseline -0.001 -23"><span class='ocrx_word' id='word_1_237' title='bbox 224 3585 337 3643; x_wconf 91' lang='lat' dir='ltr'><strong>ortum</strong></span> <span class='ocrx_word' id='word_1_238' title='bbox 352 3601 359 3656; x_wconf 93' lang='grc'><strong>;</strong></span> <span class='ocrx_word' id='word_1_239' title='bbox 373 3599 443 3644; x_wconf 93' lang='lat' dir='ltr'><strong>non</strong></span> <span class='ocrx_word' id='word_1_240' title='bbox 458 3581 626 3658; x_wconf 89' lang='lat' dir='ltr'><strong>Bertbam,</strong></span> <span class='ocrx_word' id='word_1_241' title='bbox 644 3587 782 3666; x_wconf 90' lang='lat' dir='ltr'><strong>propter</strong></span> <span class='ocrx_word' id='word_1_242' title='bbox 795 3582 1079 3666; x_wconf 88' lang='lat' dir='ltr'><strong>impedimentum</strong></span> <span class='ocrx_word' id='word_1_243' title='bbox 1093 3579 1267 3644; x_wconf 83' lang='lat' dir='ltr'><strong>uiduitatis</strong></span> <span class='ocrx_word' id='word_1_244' title='bbox 1281 3582 1395 3642; x_wconf 87' lang='lat' dir='ltr'><strong>ortum</strong></span> 
     </span>
     <span class='ocr_line' id='line_1_29' title="bbox 224 3686 1467 3773; baseline -0.002 -21"><span class='ocrx_word' id='word_1_245' title='bbox 224 3707 268 3752; x_wconf 78' lang='lat' dir='ltr'><strong>ex</strong></span> <span class='ocrx_word' id='word_1_246' title='bbox 280 3689 402 3773; x_wconf 87' lang='lat' dir='ltr'><strong>copula</strong></span> <span class='ocrx_word' id='word_1_247' title='bbox 416 3689 596 3755; x_wconf 82' lang='lat' dir='ltr'><strong>fornicaria</strong></span> <span class='ocrx_word' id='word_1_248' title='bbox 609 3709 688 3755; x_wconf 90' lang='lat' dir='ltr'><strong>cum</strong></span> <span class='ocrx_word' id='word_1_249' title='bbox 703 3690 735 3754; x_wconf 87' lang='lat' dir='ltr'><strong>d.</strong></span> <span class='ocrx_word' id='word_1_250' title='bbox 745 3689 838 3755; x_wconf 86' lang='lat' dir='ltr'><strong>Titia.</strong></span> <span class='ocrx_word' id='word_1_251' title='bbox 851 3689 1037 3755; x_wconf 79' lang='lat' dir='ltr'><strong>Decaeteris</strong></span> <span class='ocrx_word' id='word_1_252' title='bbox 1048 3686 1300 3769; x_wconf 88' lang='lat' dir='ltr'><strong>impedimentis</strong></span> <span class='ocrx_word' id='word_1_253' title='bbox 1317 3703 1396 3766; x_wconf 83' lang='lat' dir='ltr'><strong>age·</strong></span> <span class='ocrx_word' id='word_1_254' title='bbox 1465 3709 1467 3718; x_wconf 66' lang='grc'>’</span> 
     </span>
     <span class='ocr_line' id='line_1_30' title="bbox 225 3797 553 3882; baseline 0.006 -22"><span class='ocrx_word' id='word_1_255' title='bbox 225 3801 280 3861; x_wconf 91' lang='lat' dir='ltr'><strong>tur</strong></span> <span class='ocrx_word' id='word_1_256' title='bbox 297 3797 333 3862; x_wconf 91' lang='lat' dir='ltr'><strong>in</strong></span> <span class='ocrx_word' id='word_1_257' title='bbox 349 3817 418 3882; x_wconf 88' lang='lat' dir='ltr'><strong>seq.</strong></span> <span class='ocrx_word' id='word_1_258' title='bbox 437 3797 553 3863; x_wconf 87' lang='lat' dir='ltr'><strong>titulis.</strong></span> 
     </span>
    </p>
   </div>
   <div class='ocr_carea' id='block_1_9' title="bbox 226 3958 1399 4168">
    <p class='ocr_par' dir='ltr' id='par_1_11' title="bbox 226 3958 1399 4168">
     <span class='ocr_line' id='line_1_31' title="bbox 254 3958 1397 4030; baseline -0.003 -18"><span class='ocrx_word' id='word_1_259' title='bbox 254 3962 290 4027; x_wconf 87' lang='grc'><strong>(1)</strong></span> <span class='ocrx_word' id='word_1_260' title='bbox 302 3961 524 4028; x_wconf 85' lang='lat' dir='ltr'><strong>impedimentum</strong></span> <span class='ocrx_word' id='word_1_261' title='bbox 536 3962 601 4014; x_wconf 91' lang='lat' dir='ltr'><strong>illud</strong></span> <span class='ocrx_word' id='word_1_262' title='bbox 616 3977 672 4015; x_wconf 91' lang='lat' dir='ltr'><strong>uon</strong></span> <span class='ocrx_word' id='word_1_263' title='bbox 681 3963 766 4015; x_wconf 91' lang='lat' dir='ltr'><strong>oritur</strong></span> <span class='ocrx_word' id='word_1_264' title='bbox 779 3977 814 4014; x_wconf 83' lang='lat' dir='ltr'><strong>ex</strong></span> <span class='ocrx_word' id='word_1_265' title='bbox 825 3962 994 4015; x_wconf 89' lang='lat' dir='ltr'><strong>matrimonio</strong></span> <span class='ocrx_word' id='word_1_266' title='bbox 1004 3961 1081 4030; x_wconf 67' lang='lat' dir='ltr'><strong>civiti,</strong></span> <span class='ocrx_word' id='word_1_267' title='bbox 1094 3965 1124 4014; x_wconf 87' lang='lat' dir='ltr'><strong>ut</strong></span> <span class='ocrx_word' id='word_1_268' title='bbox 1139 3963 1242 4012; x_wconf 85' lang='lat' dir='ltr'><strong>constat</strong></span> <span class='ocrx_word' id='word_1_269' title='bbox 1256 3973 1289 4011; x_wconf 86' lang='lat' dir='ltr'><strong>ex</strong></span> <span class='ocrx_word' id='word_1_270' title='bbox 1300 3958 1397 4010; x_wconf 86' lang='lat' dir='ltr'><strong>celebrl</strong></span> 
     </span>
     <span class='ocr_line' id='line_1_32' title="bbox 227 4035 1399 4105; baseline -0.003 -17"><span class='ocrx_word' id='word_1_271' title='bbox 227 4038 402 4090; x_wconf 83' lang='lat' dir='ltr'><strong>declaratloue</strong></span> <span class='ocrx_word' id='word_1_272' title='bbox 412 4039 628 4105; x_wconf 82' lang='lat' dir='ltr'><strong>S.Congr.Conc.</strong></span> <span class='ocrx_word' id='word_1_273' title='bbox 636 4039 689 4089; x_wconf 81' lang='lat' dir='ltr'><strong>dial</strong></span> <span class='ocrx_word' id='word_1_274' title='bbox 698 4038 725 4089; x_wconf 85' lang='lat' dir='ltr'><strong>ta</strong></span> <span class='ocrx_word' id='word_1_275' title='bbox 734 4039 821 4090; x_wconf 82' lang='lat' dir='ltr'><strong>martii</strong></span> <span class='ocrx_word' id='word_1_276' title='bbox 829 4039 899 4102; x_wconf 80' lang='grc'>1819,</span> <span class='ocrx_word' id='word_1_277' title='bbox 909 4041 938 4090; x_wconf 91' lang='lat' dir='ltr'><strong>in</strong></span> <span class='ocrx_word' id='word_1_278' title='bbox 949 4039 1085 4091; x_wconf 85' lang='lat' dir='ltr'><strong>audientia</strong></span> <span class='ocrx_word' id='word_1_279' title='bbox 1095 4038 1148 4089; x_wconf 86' lang='lat' dir='ltr'><strong>diei</strong></span> <span class='ocrx_word' id='word_1_280' title='bbox 1159 4041 1186 4088; x_wconf 82' lang='lat' dir='ltr'><strong>lt</strong></span> <span class='ocrx_word' id='word_1_281' title='bbox 1198 4035 1316 4103; x_wconf 83' lang='lat' dir='ltr'><strong>ejusdem</strong></span> <span class='ocrx_word' id='word_1_282' title='bbox 1324 4047 1399 4086; x_wconf 85' lang='lat' dir='ltr'><strong>meu·</strong></span> 
     </span>
     <span class='ocr_line' id='line_1_33' title="bbox 226 4115 995 4168; baseline -0.001 -2"><span class='ocrx_word' id='word_1_283' title='bbox 226 4115 262 4166; x_wconf 86' lang='lat' dir='ltr'><strong>sis</strong></span> <span class='ocrx_word' id='word_1_284' title='bbox 275 4115 470 4166; x_wconf 85' lang='lat' dir='ltr'><strong>aSanctissimo</strong></span> <span class='ocrx_word' id='word_1_285' title='bbox 485 4115 594 4168; x_wconf 87' lang='lat' dir='ltr'><strong>domiuo</strong></span> <span class='ocrx_word' id='word_1_286' title='bbox 607 4119 698 4167; x_wconf 87' lang='lat' dir='ltr'><strong>nostro</strong></span> <span class='ocrx_word' id='word_1_287' title='bbox 714 4115 801 4168; x_wconf 82' lang='lat' dir='ltr'><strong>Leone</strong></span> <span class='ocrx_word' id='word_1_288' title='bbox 814 4115 870 4168; x_wconf 84' lang='lat' dir='ltr'><strong>lllll</strong></span> <span class='ocrx_word' id='word_1_289' title='bbox 884 4115 995 4166; x_wconf 76' lang='lat' dir='ltr'><strong>firmato.</strong></span> 
     </span>
    </p>
   </div>
   <div class='ocr_carea' id='block_1_10' title="bbox 704 4415 914 4427">
    <p class='ocr_par' dir='ltr' id='par_1_12' title="bbox 704 4415 914 4427">
     <span class='ocr_line' id='line_1_34' title="bbox 704 4415 914 4427; baseline -0.01 0"><span class='ocrx_word' id='word_1_290' title='bbox 704 4415 914 4427; x_wconf 70' lang='lat'>————-—1</span> 
     </span>
    </p>
   </div>
   <div class='ocr_carea' id='block_1_11' title="bbox 0 0 1776 5568">
    <p class='ocr_par' dir='ltr' id='par_1_13' title="bbox 0 0 1776 5568">
     <span class='ocr_line' id='line_1_35' title="bbox 0 0 1776 5568; baseline 0 0"><span class='ocrx_word' id='word_1_291' title='bbox 0 0 1776 5568; x_wconf 95' lang='lat' dir='ltr'><strong> </strong></span> 
     </span>
    </p>
   </div>
  </div>
 </body>
</html>
