3514 5564
750 4 832 17 *naid*

187 140 199 150 ΙΙ

197 151 201 166 l

651 247 653 258 i

532 613 620 683 traua
640 633 778 693 ouanrus
797 635 1016 686 uacaummmr.
1299 615 1358 684 tlt

188 756 379 823 dimentum
398 757 613 841 cognationis
635 757 818 844 spiritualis
833 761 993 826 estmera
1013 755 1206 822 inhabilitas
1217 760 1357 840 propter

187 864 416 931 indecentiam
429 865 633 945 introducta,
650 885 726 952 quae
740 867 783 934 ab
797 865 976 948 ignorante
987 864 1113 930 incurri
1127 867 1251 947 potest.
1263 862 1358 928 Prior

188 973 303 1058 opinio
318 979 371 1040 est
384 975 601 1042 favorabilior
615 980 650 1041 et
667 974 887 1059 probabilior;
904 991 985 1039 nam
998 972 1077 1038 licet
1091 971 1250 1055 cognatio
1264 969 1361 1056 spiri-

189 1080 289 1147 tualis
303 1083 509 1149 antecedens
523 1083 781 1148 matrimonium
794 1082 838 1147 sit
851 1079 1055 1160 inhabilitas,
1072 1085 1188 1146 tamen
1200 1080 1232 1146 ei
1244 1095 1360 1164 super·
1425 1064 1427 1072 ’

188 1190 332 1256 veniens
345 1197 398 1257 est
415 1192 646 1277 principaliter
659 1211 762 1276 poena
774 1191 912 1278 privans
930 1192 1008 1274 jure
1027 1191 1169 1274 quaesito
1184 1188 1227 1256 ad
1246 1193 1363 1272 peten-

190 1297 272 1363 dum
286 1299 449 1366 debitum.
466 1302 498 1367 3·
514 1300 547 1365 Si
559 1305 666 1385 pater,
679 1301 808 1378 sivein,
825 1301 896 1366 sive
911 1304 1008 1366 extra
1020 1317 1138 1365 casum
1149 1296 1362 1365 necessitatis

188 1405 344 1492 baptizet,
360 1407 417 1474 vel
430 1408 522 1475 levet
535 1388 669 1493 prolem
690 1429 734 1475 ex
755 1409 978 1476 fornicatione
1003 1414 1207 1492 susceptam,
1223 1405 1365 1472 incurrit

189 1513 474 1599 impedimentum
499 1519 663 1584 dirimens
684 1519 894 1584 matrimonii
922 1536 1001 1584 com
1025 1516 1205 1584 fornicaria
1232 1518 1365 1581 contra-

189 1622 310 1702 hendi;
330 1644 410 1692 nam
432 1627 496 1692 iste
518 1645 617 1694 casus
639 1628 771 1695 substat
791 1627 944 1710 generali
959 1625 1086 1708 regulas
1106 1644 1173 1711 qua
1189 1623 1364 1710 baptizans

190 1729 229 1795 sst
243 1738 416 1818 compater
427 1752 506 1799 cum
526 1734 724 1818 parentibus
739 1733 909 1817 baptizati,
938 1751 1002 1799 nec
1022 1732 1285 1817 compaternitas
1299 1730 1366 1796 ista

190 1840 294 1904 habet
314 1842 483 1908 rationem
497 1861 619 1926 poenae,
636 1843 723 1908 sicut
736 1843 772 1906 in
786 1843 890 1926 priori
904 1861 997 1920 casu,
1021 1841 1082 1907 sed
1098 1846 1151 1908 est
1162 1859 1259 1906 mera
1272 1839 1365 1904 iuba·

191 1947 303 2015 bilitas
317 1950 361 2015 ad
374 1952 646 2017 contrahendum
657 1950 914 2018 matrimonium
926 1969 1005 2016 cum
1017 1953 1216 2028 commatre,
1228 1945 1366 2034 qualem

192 2057 333 2125 incurrit
347 2061 459 2125 omnis
471 2062 657 2144 baptizans,
684 2062 756 2126 sive
777 2060 985 2139 solemniter,
1011 2061 1098 2127 sicut
1119 2059 1273 2136 clericus,
1294 2057 1366 2123 sive

192 2167 351 2252 privatim
364 2170 521 2253 baptizet,
539 2170 626 2235 sicut
639 2170 756 2235 laicus.
772 2169 805 2233 4⁰
819 2169 876 2234 Vir
889 2169 1021 2254 prolem
1036 2187 1080 2234 ex
1093 2168 1246 2250 legitime
1259 2182 1366 2230 uxore

194 2281 387 2360 susceptam
402 2283 500 2345 extra
513 2296 632 2343 casum
646 2278 859 2344 necessitatis
882 2279 1069 2362 baptizans,
1085 2275 1142 2343 vel
1153 2276 1285 2352 levans,
1301 2273 1368 2357 pri-

193 2388 293 2448 vatur
298 2386 377 2467 jure
386 2384 524 2469 petendi
532 2386 684 2450 debitum
695 2383 875 2469 conjugale
886 2386 931 2469 (S.
943 2386 995 2463 1),
1007 2386 1044 2451 in
1053 2385 1083 2463 4,
1097 2385 1129 2450 d.
1140 2384 1191 2463 li,
1203 2385 1321 2470 quaest.
1336 2379 1366 2456 t,

194 2496 256 2554 art.
277 2493 307 2568 l,
327 2491 364 2555 in
383 2489 493 2577 Corp,
516 2492 548 2556 S.
571 2493 712 2571 Bouav„
734 2493 868 2569 Saneh.‚
887 2493 1001 2577 Laym.
1024 2481 1130 2558 etalii
1150 2489 1368 2558 communius

194 2603 312 2664 contra
338 2598 442 2681 gloss.
469 2619 497 2665 c.
519 2601 586 2664 ib.
612 2605 650 2679 t,
675 2601 783 2679 Scan,
808 2599 916 2680 Zona,
940 2599 1051 2678 Ratis„
1076 2599 1252 2678 Scbmalz.,
1278 2599 1366 2680 etc).

194 2706 291 2772 Proh.
316 2727 360 2773 ex
384 2708 535 2774 doctriua
559 2709 711 2790 generali
738 2709 772 2772 h.
798 2713 822 2774 t.
846 2708 1047 2794 disponente
1070 2713 1109 2773 ut
1132 2709 1306 2792 baptizans
1335 2709 1371 2770 et

196 2815 318 2881 levans
341 2815 544 2882 contrahant
572 2817 815 2898 cognationem
842 2816 1063 2902 spiritualem,
1090 2821 1124 2882 ct
1146 2815 1370 2901 impedimen·

195 2928 270 2989 tum
285 2925 318 2990 ei
337 2943 512 2992 annexum
524 2945 539 3002 3.
550 2924 610 2990 sed
629 2931 789 3009 parentes
803 2926 1023 3010 baptizantes,
1039 2925 1096 2991 vel
1111 2925 1278 3003 levantes,
1292 2941 1372 3007 pro-

195 3032 304 3115 priam
317 3031 461 3116 prolem,
476 3032 596 3098 nullibi
611 3033 826 3117 excipiuntur
839 3033 882 3100 ab
895 3033 959 3100 hac
968 3031 1121 3115 generali
1135 3031 1368 3118 dispositione,

196 3140 266 3206 imo
286 3159 448 3225 expresse
473 3140 812 3224 comprehenduntur
834 3159 908 3207 can.
935 3139 950 3204 t
975 3145 1101 3226 etseq.
1125 3141 1175 3219 30,
1204 3161 1236 3226 q.
1259 3142 1289 3219 l,
1313 3127 1372 3204 ubi

194 3248 359 3329 jubentur
369 3249 529 3332 separari,
542 3266 613 3313 non
622 3249 739 3332 utique
752 3248 865 3332 quoad
877 3247 1063 3325 vinculum,
1077 3247 1137 3312 sed
1148 3248 1260 3332 quoad
1269 3264 1372 3313 usum

198 3355 264 3419 tori
282 3355 489 3440 conjugalis,
512 3356 542 3420 si
564 3358 667 3421 ambo
685 3357 736 3421 rei
762 3360 859 3433 suut;
883 3353 1034 3440 alioquin
1056 3374 1135 3440 pars
1154 3374 1214 3421 rea
1231 3357 1374 3440 jubetur
1466 3373 1470 3386 ·

174 3483 178 3492 ·
199 3480 339 3530 manere
351 3483 430 3530 cum
440 3465 625 3532 innocente
639 3469 674 3530 et
688 3483 768 3532 eum
778 3482 849 3531 uon
856 3463 1013 3532 fraudare
1024 3465 1108 3548 (can.
1119 3463 1150 3542 3,
1158 3463 1264 3548 ibid.);
1277 3481 1370 3547 ergo.

234 3631 322 3691 Dices
338 3651 346 3690 :
362 3633 433 3692 lura
446 3633 582 3708 antiqua,
603 3634 629 3695 si
648 3635 799 3696 contraria
812 3639 895 3706 sunt,
910 3633 1103 3709 corriguntur
1114 3648 1168 3707 per
1180 3647 1246 3706 cap.
1261 3636 1279 3692 2
1292 3631 1323 3692 h'.
1338 3635 1373 3706 t,

199 3720 250 3780 ubi
266 3722 403 3804 Pontlsar
417 3723 470 3795 ait,
485 3725 565 3799 quod
581 3747 596 3778 u
611 3725 674 3784 sive
688 3741 725 3784 ex
739 3725 922 3801 ignorantia,
938 3725 1002 3783 sire
1016 3739 1053 3782 ex
1067 3723 1180 3782 malitia
1192 3723 1223 3782 id
1238 3721 1373 3796 iecerint,

200 3825 261 3871 nou
280 3813 342 3872 sint
355 3811 392 3870 ab
408 3813 536 3872 invicem
554 3815 724 3889 separandi,
743 3831 798 3874 nec
812 3815 886 3874 altar
900 3813 985 3874 alteri
1003 3813 1136 3873 debitum
1150 3811 1238 3872 debet
1256 3812 1375 3872 subtra-

200 3901 281 3972 here,
294 3905 350 3960 etc.
367 3923 382 3954 u
402 3903 490 3976 Hesp.
509 3909 622 3964 textum
637 3905 730 3964 istum
744 3910 824 3964 recte
842 3903 981 3979 intelligi,
997 3903 1077 3977 quod
1094 3908 1214 3978 propter
1233 3902 1375 3961 delictum

199 3989 247 4050 rei
267 3990 469 4066 ignorantiam
487 3993 581 4052 unius
602 4009 662 4052 uon
683 3995 745 4052 siut
763 3993 922 4066 separandi
941 3977 1099 4067 coniuges
1116 3991 1188 4067 quia
1206 3982 1377 4066 ignorantia

200 4086 351 4140 excusat:
372 4081 456 4141 fraus
470 4096 540 4140 vero
559 4089 589 4141 et
612 4082 702 4143 dolus
721 4098 781 4143 nou
802 4083 889 4142 debet
903 4083 929 4141 ei
945 4081 1125 4155 patrocinari
1143 4080 1196 4155 qui
1211 4095 1248 4138 ex
1264 4080 1377 4140 malitia

201 4168 294 4227 lilium
311 4185 328 4228 e
347 4172 532 4230 sacrofonte
549 4173 699 4246 suscepit;
716 4172 851 4245 adeoque
865 4171 1017 4248 obligatur
1031 4171 1165 4230 debiturn
1183 4169 1316 4229 reddere.
1332 4171 1376 4226 Au

201 4275 271 4318 vcro
293 4265 392 4333 petere
413 4261 529 4334 possiti
549 4261 623 4319 nihil
642 4262 720 4322 clare
741 4277 776 4320 ex
794 4262 851 4321 boc
871 4262 968 4335 capite
988 4261 1150 4336 colligitur.
1168 4259 1289 4319 iuterim
1308 4271 1377 4318 cum
1419 4249 1422 4256 ’

203 4350 353 4408 scutemia
372 4349 432 4410 ista
452 4350 616 4424 probabilis
635 4357 665 4410 et
679 4351 765 4411 valde
780 4351 952 4412 favorabilis
972 4351 1022 4422 sit,
1042 4351 1126 4410 utilis
1141 4350 1198 4408 erit
1211 4363 1265 4422 pro
1280 4347 1376 4420 praxi,

202 4438 271 4498 licet
292 4440 478 4513 dispensatio
501 4440 538 4499 ad
562 4441 724 4514 petendum
744 4441 878 4500 debitum
900 4441 941 4500 sit
960 4440 1084 4500 omuino
1106 4439 1211 4510 tutior;
1234 4451 1324 4514 quam
1345 4437 1377 4497 in

203 4529 410 4588 casuocculto
424 4527 560 4602 plerique
575 4529 728 4605 regulares
744 4529 814 4589 dare
827 4533 969 4603 possunt.
