3388 5582
405 557 465 624 oli
864 575 917 622 ros
937 571 1118 622 canonicor.

447 696 523 778 Ipsa
544 695 746 776 significatio
767 695 899 759 ratione
923 694 1065 776 originis
1089 713 1151 759 seu
1174 693 1420 770 institutionis,
1442 694 1574 760 aliaest

401 804 553 887 proprio,
569 821 672 886 quam
687 802 792 866 verba
804 803 932 867 habent
949 821 994 866 ex
1012 801 1177 886 primaevo
1197 820 1277 878 usu3
1298 801 1365 866 alia
1376 803 1505 866 usudu
1517 821 1573 866 seu

405 909 714 988 consuetudinaria,
736 929 840 994 quam
859 911 975 986 verba,
997 928 1068 974 non
1088 927 1131 974 ex
1150 909 1315 992 primaevo
1335 909 1396 974 sed
1414 910 1572 974 moderno

407 1023 441 1080 et
455 1017 629 1082 communi
644 1037 719 1093 usu,
736 1035 827 1082 nunc
841 1017 1012 1092 obtinent;
1023 1017 1089 1082 alia
1103 1017 1256 1095 abusiva,
1266 1035 1368 1101 quam
1377 1017 1484 1082 verba
1496 1017 1574 1083 obti-

407 1129 492 1190 nent
512 1145 555 1190 ex
577 1126 772 1208 acceptione
793 1126 886 1208 vulgi
905 1145 966 1190 seu
985 1124 1139 1200 rudium,
1159 1129 1279 1190 contra
1304 1143 1408 1190 usum
1427 1143 1574 1190 commu-

407 1253 503 1309 nem;
524 1233 590 1298 alia
612 1233 751 1298 tandem
773 1235 877 1299 civitas
902 1233 974 1299 sive
989 1234 1150 1315 juridico,
1172 1251 1276 1318 quam
1288 1233 1430 1298 vocibus
1450 1233 1574 1300 confert

405 1343 474 1424 jus,
492 1342 563 1406 sive
578 1340 635 1405 lex
648 1345 708 1406 aut
724 1359 846 1407 canon.

451 1449 481 1532 b)
494 1449 633 1529 Regulae
649 1448 939 1532 interpretationis
955 1449 1152 1514 verborum.
1169 1447 1208 1512 ln
1219 1449 1284 1515 hac
1297 1453 1395 1531 parte
1409 1448 1576 1534 complen-
1650 1455 1651 1466 ¹

411 1561 464 1618 tur
486 1555 643 1639 superius
664 1556 753 1620 dicta
775 1555 810 1619 iu
834 1555 931 1620 titulo
954 1553 983 1618 ll
1004 1555 1081 1619 libri
1103 1556 1214 1638 primi,
1236 1555 1278 1620 de
1300 1556 1575 1640 Interpretatione

409 1663 532 1746 lepram.
546 1661 583 1727 ln
595 1663 692 1727 titulo
706 1661 856 1727 secundo
868 1663 1034 1744 agebatur
1047 1663 1173 1727 directe
1188 1667 1223 1727 et
1234 1663 1431 1728 immediate
1445 1661 1488 1727 de
1499 1663 1575 1744 legi·

408 1773 471 1836 bus
490 1773 571 1855 ipsis
593 1791 651 1836 seu
673 1772 713 1836 de
733 1771 884 1853 genuino
901 1771 1146 1836 enuntiationis
1166 1789 1282 1847 sensu,
1300 1771 1383 1835 dum
1396 1771 1452 1836 hic
1469 1771 1576 1855 potius

409 1880 450 1944 de
466 1881 538 1962 ipsa
552 1879 796 1944 vocabulorum
811 1879 847 1943 in
862 1897 899 1944 se
916 1885 1146 1963 spectatorum
1169 1879 1428 1960 significatione.
1456 1879 1576 1944 Tamen

409 2003 531 2061 sensus
556 1987 800 2052 enuntiationis
821 2005 883 2051 seu
900 1987 1143 2071 propositionis
1159 1985 1287 2069 pendet
1301 2005 1322 2050 a
1335 1987 1577 2067 significatione
1650 2053 1651 2076 1

408 2097 603 2159 verborum.
626 2094 707 2159 lude
725 2095 781 2160 hic
800 2093 1016 2178 complentur
1040 2095 1178 2160 dictain
1201 2095 1299 2160 titulo
1321 2095 1485 2160 secundo.
1509 2093 1577 2158 lstn
1649 2081 1651 2110 '

408 2201 536 2283 regulae
552 2209 632 2268 sunt
644 2203 759 2286 plures
773 2201 830 2268 vel
843 2204 1033 2288 pauciores
1047 2208 1150 2286 prout
1164 2201 1363 2286 specialiori,
1375 2201 1431 2267 vel
1445 2221 1579 2284 genera·

408 2309 484 2374 liori
501 2311 603 2376 modo
621 2317 813 2376 sumuntur.
833 2312 1133 2393 Schmalzgrueber
1147 2312 1267 2394 viginti
1283 2316 1431 2395 quatuor
1448 2310 1578 2394 regulas

410 2421 524 2497 atlert;
540 2420 764 2492 Reiffeustuel
776 2426 853 2486 octo
863 2421 1049 2504 praecipuas
1059 2421 1184 2485 relictis
1198 2420 1284 2497 aliis,
1296 2421 1426 2486 Pichler
1440 2441 1514 2498 sex,
1526 2419 1578 2484 sed

410 2530 447 2594 in
467 2530 533 2594 illis
552 2549 613 2596 sen
636 2530 905 2613 generalioribus
928 2533 1143 2616 specialiores
1166 2549 1286 2596 omnes
1307 2530 1459 2595 includit.
1482 2531 1579 2594 Desu-

410 2642 552 2703 muntur
570 2639 643 2703 istae
666 2638 793 2721 regulae
818 2659 861 2704 ex
879 2643 957 2724 jure
977 2640 1077 2704 civili.
1100 2641 1334 2704 Recensentur
1352 2638 1533 2722 praecipuae
1552 2639 1580 2700 et

411 2746 574 2823 utiliores,
600 2749 641 2812 de
664 2749 787 2832 quibus
810 2748 1039 2827 nullomodo,
1061 2750 1116 2814 vel
1135 2748 1297 2814 indirecte
1317 2752 1452 2812 tantum
1474 2752 1579 2814 actum
1649 2765 1650 2778 ¹

411 2856 512 2921 estin
526 2857 623 2922 titulo
636 2857 678 2920 de
692 2857 1003 2922 Constitutionibus.

450 2963 568 3028 Prima
578 2964 813 3049 etprinctpolts
823 2967 1031 3047 reputatam
1042 2964 1155 3049 quoad
1165 2963 1580 3048 sensnmpropositionum

412 3093 515 3158 quam
531 3074 643 3157 quoad
653 3074 937 3154 significationem
947 3093 1071 3138 vocum
1084 3079 1136 3138 est
1150 3093 1309 3158 sequens,
1321 3075 1394 3156 jam
1405 3073 1440 3136 in
1451 3071 1549 3137 titulo
1558 3069 1580 3132 ll

411 3180 519 3247 relata
534 3203 541 3244 :
559 3207 574 3239 a
591 3181 699 3245 Verba
712 3180 907 3263 accipienda
922 3187 1001 3246 sunt
1013 3181 1202 3246 secundum
1217 3186 1368 3244 mentem
1384 3185 1418 3244 et
1427 3179 1580 3246 intentio

411 3310 492 3355 nem
507 3290 710 3374 proferentis
728 3315 743 3348 a
758 3289 799 3371 (o.
815 3291 881 3354 tih.
901 3293 947 3372 t).
963 3291 1060 3356 Ratio
1080 3295 1143 3366 est,
1160 3291 1240 3375 quia
1254 3315 1269 3347 «
1282 3308 1352 3353 non
1366 3287 1470 3352 debet
1480 3289 1581 3352 inten-

413 3401 459 3465 tio
482 3401 595 3465 verbis
622 3401 806 3476 deservire,
833 3401 894 3465 sed
919 3402 1024 3466 verba
1045 3401 1237 3475 intentioni,
1263 3425 1278 3458 a
1303 3404 1341 3464 ut
1366 3397 1491 3464 dicitur
1513 3415 1579 3463 can.

411 3510 593 3588 Humana,
608 3528 712 3575 causa
725 3511 775 3583 29.
789 3531 820 3595 q.
832 3511 862 3574 5.
874 3509 968 3584 ilinc,
985 3511 1017 3573 1⁰
1027 3509 1132 3573 verba
1144 3507 1305 3590 ambigna
1316 3505 1373 3572 vel
1385 3506 1489 3571 dubia
1503 3523 1582 3570 sen·

411 3636 473 3701 per
492 3617 713 3700 intelligenda
733 3624 814 3683 sunt
827 3618 1049 3685 conformiter
1068 3618 1199 3681 motivo
1215 3636 1273 3681 seu
1297 3633 1409 3682 causae
1427 3615 1533 3692 finali,
1553 3619 1582 3678 et
1647 3671 1648 3708 3

413 3727 602 3790 secundum
625 3728 814 3810 subjectam
839 3727 1027 3792 materiam.
1053 3726 1151 3791 Ratio
1173 3731 1237 3802 est,
1256 3726 1337 3810 quia
1355 3724 1534 3806 legislator
1553 3727 1582 3786 et
1647 3733 1648 3742 ¹

413 3834 602 3915 generatim
617 3833 729 3898 omnis
744 3834 933 3917 proterens,
955 3839 1115 3899 censetur
1128 3834 1182 3898 his
1196 3835 1301 3898 verba
1316 3851 1380 3898 sua
1397 3848 1582 3897 accommo

414 3940 506 4006 dare.

454 4049 613 4116 Secundo
625 4049 754 4134 reputo.
772 4049 913 4127 Quando
933 4047 1069 4114 aliunde
1086 4067 1156 4114 non
1175 4054 1309 4116 constat
1323 4051 1364 4115 de
1379 4053 1496 4114 mente
1514 4063 1582 4132 pre
1646 4087 1647 4110 t

414 4159 567 4237 ferentis,
584 4183 600 4216 α
611 4159 717 4222 verba
731 4163 811 4223 sunt
827 4158 1021 4242 accipienda
1036 4159 1071 4222 in
1081 4177 1185 4222 sensu
1199 4158 1335 4243 proprio
1350 4163 1384 4222 et
1399 4156 1582 4222 secundum

415 4284 634 4333 communem
649 4267 827 4332 hominnm
847 4286 958 4331 usum.
980 4291 995 4326 »
1013 4267 1063 4330 Ad
1077 4266 1165 4331 hanc
1179 4266 1334 4348 regulam
1346 4267 1500 4332 revocari
1512 4281 1582 4348 pos-

357 4403 360 4410 ·
416 4379 497 4440 sunt
510 4379 703 4460 sequentes
723 4379 886 4460 tauquam
899 4374 1078 4440 corollaria
1098 4396 1105 4436 :
1126 4375 1157 4437 l·
1176 4375 1281 4438 verba
1298 4373 1494 4458 simpliciter
1512 4388 1581 4455 pro

414 4489 482 4554 lata
504 4488 539 4551 in
561 4485 664 4550 dubio
687 4485 908 4567 intelligenda
930 4490 1012 4549 aunt
1032 4485 1229 4569 simpliciter
1250 4488 1286 4549 et
1308 4502 1377 4549 non
1399 4481 1581 4573 secundum
1645 4495 1646 4524 ³

380 4577 382 4581 ¹
416 4596 512 4680 quid3
526 4597 559 4660 2⁰
571 4593 744 4678 generalia
757 4594 962 4676 generaliter
975 4594 1196 4677 intelligenda
1209 4599 1306 4671 sunt;
1322 4594 1354 4656 3·
1366 4593 1395 4656 si
1405 4593 1509 4657 verba
1522 4589 1581 4652 dis-

415 4704 594 4792 positionis
613 4705 738 4770 habare
758 4703 890 4787 possint
909 4721 1050 4770 sensum
1068 4705 1203 4772 civilem
1222 4710 1258 4771 et
1272 4701 1476 4792 naturalem,
1496 4693 1579 4764 cirili
