3418 5566
479 543 565 592 alana
586 544 712 602 oomrus
732 543 951 594 oncnsramou.
1163 585 1166 590 .
1240 530 1297 593 371

141 664 326 749 prasertim
339 666 368 729 si
382 666 511 730 crimen
521 667 565 729 sit
575 665 757 732 notorium.
773 664 965 732 Notandum
977 670 1039 740 est,
1057 665 1146 750 quod
1160 665 1190 728 si
1202 662 1302 730 dolic-

141 779 210 838 tum
233 777 404 858 patratum
425 773 470 837 sit
489 791 603 839 coram
628 773 781 858 pluribus
801 774 858 857 qui
879 773 961 837 illud
980 773 1088 839 celare
1108 773 1229 838 volunt
1247 771 1303 838 val

144 882 305 948 inhabiles
324 887 405 946 sunt
419 880 462 947 ad
481 877 724 958 testimonium,
739 881 795 946 val
815 882 994 946 sitantum
1015 881 1227 949 diffamatum
1246 882 1300 959 sit,

139 989 192 1056 vel
220 989 403 1055 deductum
435 989 572 1072 quidem
600 987 845 1072 adjudicium,
876 1007 945 1055 non
971 993 1086 1054 tamen
1109 990 1302 1072 probatum,

141 1097 246 1162 adhuc
259 1089 417 1162 censetur
432 1115 507 1162 esse
523 1096 702 1162 occultum.

178 1205 391 1289 Dispensatio
419 1223 522 1288 super
542 1203 788 1286 irregularitate
811 1223 887 1290 quaa
915 1206 1073 1288 provenit
1089 1223 1134 1270 ex
1151 1221 1307 1288 procura-

142 1313 231 1378 tione
244 1315 383 1379 abortus
400 1313 591 1380 voluntarie
607 1313 825 1398 studioseque
840 1314 1032 1392 commissa,
1048 1313 1104 1379 vel
1117 1313 1239 1380 saltem
1256 1314 1306 1378 in-

143 1425 267 1488 tentata
282 1421 319 1484 in
338 1439 402 1487 sua
417 1402 521 1487 eausa
537 1425 693 1505 proxima
711 1425 746 1486 et
766 1419 985 1487 infallibiliter
1006 1421 1134 1488 illativa
1153 1423 1304 1499 abortus,

142 1531 211 1595 sive
233 1549 274 1596 ea
288 1531 333 1595 sit
351 1529 492 1608 occulta,
516 1531 587 1596 sive
610 1531 881 1615 publieadpost.
900 1531 978 1597 Sedi
998 1534 1171 1600 reservata
1185 1536 1248 1606 eet,
1263 1549 1307 1596 ex

142 1657 234 1704 cono.
257 1638 357 1716 Trid.,
381 1658 464 1704 sess.
487 1639 538 1716 tl,
553 1658 582 1704 c.
603 1639 634 1716 6,
657 1644 692 1703 et
715 1645 822 1704 const.
847 1638 1082 1721 Effracnotam.
1109 1639 1308 1716 Quinimoa

142 1749 173 1812 S.
191 1746 277 1811 Sede
300 1765 370 1812 non
388 1746 599 1830 indulgetur,
622 1747 688 1811 nisi
712 1747 962 1830 urgentissimis
980 1747 1022 1812 de
1045 1747 1167 1812 causis.
1189 1746 1256 1812 Sed
1279 1747 1308 1810 si

118 1837 119 1840 ¹
142 1855 273 1920 actione
289 1854 435 1938 quadam
454 1873 529 1939 quae
549 1852 648 1938 culpa
661 1872 731 1919 non
746 1857 855 1930 vacet,
873 1841 1018 1931 eueniat,
1033 1853 1112 1919 licet
1125 1853 1235 1919 necin
1257 1871 1307 1930 se,

142 1981 204 2027 nac
223 1962 260 2026 in
273 1980 335 2027 sua
352 1979 454 2028 eausa
471 1962 626 2047 proxima
644 1962 746 2026 luerit
768 1967 978 2047 procuratus,
996 1961 1174 2046 episcopus
1192 1965 1311 2045 posset

143 2071 350 2155 dispensare,
364 2070 393 2134 si
407 2070 535 2135 crimen
551 2073 604 2135 est
621 2070 809 2147 occultum;
825 2088 906 2135 nam
919 2087 1013 2136 conc.
1034 2068 1121 2135 Trid.
1140 2071 1235 2152 (sess.
1257 2067 1308 2145 al,

142 2199 170 2246 o.
190 2181 220 2258 6,
243 2181 283 2246 de
303 2181 467 2264 Reform.)
489 2182 613 2266 excipit
632 2186 765 2247 tantum
778 2179 1009 2247 homicidium.

182 2289 215 2354 si
230 2290 358 2355 crimen
373 2295 425 2354 est
443 2290 623 2367 occultum,
639 2290 671 2353 S.
689 2289 784 2354 Pont.
801 2308 863 2373 per
882 2288 1029 2356 tribunal
1045 2289 1078 2354 S.
1094 2288 1311 2355 Paenitentia·

141 2398 199 2461 riae
222 2397 409 2481 dispensat;
431 2398 555 2462 sivero
569 2397 752 2481 publicum,
766 2416 828 2481 per
848 2417 1016 2480 organum
1029 2398 1172 2463 Datan'ae
1184 2397 1240 2462 vel
1255 2396 1312 2462 Se-

141 2508 292 2572 cretariae
312 2507 478 2571 brevium.
500 2505 567 2571 Sed
581 2506 618 2570 in
634 2507 699 2573 hoc
716 2505 836 2572 ultimo
852 2527 945 2588 casu,
963 2509 1217 2593 praerequiritur
1234 2525 1312 2572 oon-

142 2616 279 2682 saltatio
288 2616 320 2679 S.
334 2616 454 2698 Gongr.
467 2615 566 2682 Cone.
584 2621 618 2682 et
632 2616 839 2701 dispensatio
856 2618 1035 2684 dillloulter
1047 2617 1253 2696 conceditur,
1269 2617 1313 2683 ob

143 2724 256 2791 delicti
272 2726 475 2808 gravitatem
499 2731 534 2789 et
553 2725 780 2793 indecentiam
799 2745 976 2794 enormem
994 2747 1069 2812 quae
1090 2727 1170 2792 inde
1191 2726 1314 2792 redun-

143 2835 239 2902 daret
252 2837 288 2901 in
309 2835 364 2899 SS.
382 2835 529 2900 ordines.

184 2944 212 3026 d)
226 2944 410 3028 Episcopus
422 2946 453 3007 l⁰
468 2945 587 3029 nequit
600 2945 795 3030 dispensare
808 2965 869 3031 pro
884 2948 958 3013 foro
978 2947 1112 3014 interno
1128 2948 1165 3012 in
1187 2948 1315 3030 irregu-

142 3050 276 3121 laritate
292 3053 423 3119 occulta
442 3057 665 3138 proveniente
681 3075 724 3120 ex
736 3057 918 3124 homicidio
944 3058 1147 3136 voluntario,
1176 3073 1316 3142 praeser-

143 3163 206 3228 tim
230 3162 432 3248 qualificato.
454 3162 559 3228 Casus
582 3164 658 3241 iste,
678 3170 838 3248 utsupra
859 3165 987 3230 dictum
1010 3171 1072 3244 est,
1094 3165 1261 3250 excipitur
1281 3145 1322 3229 in'

144 3291 239 3338 conc.
263 3272 349 3338 Trid.
368 3273 401 3356 (l.
419 3273 459 3356 c.)
477 3293 485 3336 :
502 3273 641 3339 «Liceat
655 3274 821 3359 episcopis
835 3275 1191 3359 inirregularitetibns
1212 3275 1319 3342 omni-

144 3385 259 3448 bus...
278 3401 321 3447 ex
332 3381 454 3448 delicto
469 3382 601 3448 coemto
621 3384 912 3467 provenientibus,
929 3391 1071 3469 excepta
1094 3404 1135 3451 ea
1158 3404 1232 3471 quae
1253 3383 1318 3450 ori-

145 3497 204 3556 tur
216 3511 259 3557 ax
275 3492 458 3558 homicidio
472 3492 676 3569 voluntario,
693 3492 900 3577 dispensare.
919 3519 935 3554 a
954 3494 1108 3573 Eooutra,

187 3600 220 3666 2⁰
230 3599 267 3666 Vi
281 3601 372 3667 citati
387 3600 488 3679 Trid.,
501 3603 680 3686 episcopus
695 3603 890 3687 dispensare
901 3608 1015 3687 potest
1024 3605 1059 3668 in
1070 3601 1322 3684 irregularitate.

146 3710 279 3777 occulta
285 3710 508 3794 proveniente
518 3712 779 3778 exmutilatione
790 3712 921 3778 occulta
936 3716 971 3778 et
981 3712 1136 3778 nondum
1150 3712 1193 3777 ad
1206 3715 1320 3777 iorum

146 3820 400 3885 contentiosum
413 3817 567 3895 deducta,
584 3818 640 3884 vel
656 3838 699 3884 ex
712 3819 895 3885 homicidio
909 3819 1035 3885 casuali
1050 3819 1182 3885 occulto
1197 3822 1322 3883 etnon·

149 3927 233 3990 dum
244 3926 287 3990 ad
296 3926 409 3991 lorum
420 3927 673 3991 contentiosum
684 3926 829 3992 deducto
838 3948 846 4004 ;
856 3927 940 3992 item
954 3945 997 3991 ex
1009 3925 1246 3992 necessarioin
1254 3942 1321 4009 quo

148 4032 370 4098 moderamen
380 4034 560 4118 inculpata
570 4033 683 4100 tutelae
696 4041 748 4100 ast
757 4040 943 4115 servatum,
951 4040 985 4100 et
991 4035 1211 4120 probabiliter
1219 4033 1255 4098 in
1264 4032 1323 4097 illo

149 4142 242 4226 quod
256 4143 331 4226 quis
342 4161 403 4224 per
416 4143 571 4208 accidens
586 4149 621 4209 et
633 4145 796 4211 indirecte
810 4145 1001 4222 committit,
1018 4164 1050 4209 v.
1068 4164 1101 4226 g.
1113 4144 1149 4207 in
1158 4141 1323 4207 rixaocoi·

149 4249 642 4318 dendoauctoramrixaeneab
654 4251 1177 4319 eooccidaturztaliahomicidia
1190 4268 1325 4332 compa*

149 4363 271 4424 rantur
284 4358 486 4437 casualibus,
503 4379 615 4444 neque
628 4361 665 4425 in
683 4362 794 4444 rigore
813 4365 893 4426 sunt
905 4360 1107 4426 voluntaria.
1131 4359 1235 4424 Porro
1249 4375 1326 4422 con·

149 4467 267 4532 cilium
279 4467 366 4533 Trid.
380 4469 512 4553 excepit
525 4469 636 4535 solum
650 4470 871 4536 homicidium
885 4469 1127 4536 voluntarium.

195 4583 221 4659 a)
235 4577 368 4644 Praeleti
381 4578 555 4662 regulares
569 4587 745 4666 nequeunt
759 4580 953 4666 dispensare
969 4599 1048 4646 cum
1062 4579 1132 4645 suis
1145 4577 1325 4662 religiosis,

150 4673 316 4755 alortiori
335 4709 414 4756 cum
432 4689 660 4770 sacularibus,
676 4691 712 4755 in
727 4690 1031 4776 irregularitatibus
1046 4688 1326 4772 provenientibus
