3482 5560
358 560 419 624 968
547 553 549 558 ’
820 576 872 624 tus
893 577 1072 626 eanonicus.

360 689 435 753 terii
450 708 553 773 super
566 707 717 772 congrua
741 693 989 758 sustentatione
1011 696 1070 758 aut
1084 693 1264 776 stipendio,
1280 699 1416 762 nonest
1433 697 1535 762 simo-

359 798 506 864 niacum.
521 799 616 864 Ratio
632 804 694 875 est,
712 801 791 884 quia
805 804 942 884 pactum
955 819 1059 885 super
1073 819 1114 866 eo
1131 801 1221 886 quod
1236 821 1279 866 ex
1290 803 1424 886 justitia
1437 804 1534 870 debe-

361 911 426 984 tur,
441 912 494 972 est
507 907 648 984 licitum,
670 912 708 972 ut
727 908 852 974 scilicet
879 911 1049 994 quantitas
1064 910 1321 987 determinetur,
1339 912 1367 976 si
1389 911 1465 994 lege
1480 912 1536 978 vel

360 1015 607 1082 cousuetudine
621 1034 692 1081 non
713 1021 765 1080 est
780 1017 1025 1093 determinata3
1052 1036 1132 1082 nam
1154 1035 1308 1100 neugma
1333 1021 1536 1087 sustentatio

357 1127 435 1207 jure
456 1123 601 1189 naturali
621 1123 764 1188 debetur
788 1124 909 1190 clerico
929 1125 1135 1190 ministranti
1150 1125 1346 1208 spiritualia.
1379 1127 1445 1192 Sed
1464 1129 1537 1194 haeo

360 1232 597 1297 determinatio
611 1233 920 1298 commensuranda
933 1238 996 1310 est,
1014 1251 1083 1298 non
1095 1233 1331 1316 reispirituuli,
1349 1235 1409 1300 sed
1422 1236 1537 1300 condi-

361 1341 445 1406 tioni
458 1358 614 1424 personae
631 1323 861 1422 congruenter
879 1341 1133 1417 sustentandae;
1156 1345 1272 1406 tamen
1286 1342 1359 1408 haec
1379 1343 1537 1408 determi-

362 1449 455 1514 natio
465 1448 628 1512 immunis
643 1467 719 1513 esse
735 1448 836 1515 debet
850 1450 892 1514 ab
907 1449 1059 1514 avaritia.

402 1557 431 1638 b)
454 1555 593 1621 Pactum
606 1555 697 1640 quod
708 1555 868 1638 praelatus
881 1556 963 1622 iacit
973 1575 1053 1621 cum
1062 1558 1258 1641 professore
1273 1556 1329 1622 vel
1338 1558 1536 1641 parentibus

363 1665 449 1747 ejus,
471 1669 510 1728 ut
529 1663 656 1748 aliquid
677 1664 777 1729 detur
796 1665 894 1732 titulo
909 1665 1018 1743 dotis,
1034 1667 1116 1731 item
1140 1667 1235 1732 titulo
1250 1666 1425 1748 legitime,
1443 1669 1488 1740 et,
1509 1667 1538 1729 si

362 1773 609 1860 monasterium
630 1773 674 1838 sit
698 1774 808 1856 inops,
833 1773 931 1838 titulo
961 1775 1230 1851 sustentationis,
1257 1793 1327 1840 uon
1348 1779 1400 1839 est
1421 1792 1536 1858 perse

364 1881 599 1946 simoniacum.
625 1879 723 1944 Ratio
746 1879 916 1962 generalis
936 1887 989 1946 est
1014 1883 1114 1966 quod,
1142 1883 1310 1947 stantibus
1338 1883 1392 1946 bis
1419 1882 1535 1958 titulis,

364 1987 550 2072 temporale
567 1987 666 2052 datur
675 2007 736 2071 pro
756 1988 946 2071 temporali,
964 2007 1035 2055 non
1048 2008 1110 2073 pro
1125 1990 1294 2074 spirituali
1311 2008 1372 2056 seu
1386 2009 1448 2074 pro
1464 1990 1537 2072 ipso

364 2099 523 2179 ingressu
538 2097 713 2180 religionis
732 2117 738 2160 :
761 2115 828 2181 quo
846 2115 927 2165 casu
950 2104 1042 2163 esset
1055 2099 1212 2177 simonia,
1229 2103 1267 2163 ut
1287 2116 1390 2182 supra
1411 2097 1538 2164 dictum

366 2211 427 2270 est.

404 2314 522 2380 Prima
543 2333 622 2398 pars
637 2317 827 2400 prasertim
844 2321 978 2382 constat
992 2335 1035 2382 ex
1056 2315 1192 2400 speciali
1214 2317 1346 2383 indulto
1365 2315 1437 2380 Inn.
1455 2313 1535 2390 VIII,

366 2423 423 2508 qui
444 2426 612 2500 concessit
630 2425 835 2492 monialibus
857 2426 985 2491 ordinis
1008 2427 1185 2504 lituorum,
1205 2432 1244 2490 ut
1266 2427 1309 2491 ab
1333 2423 1538 2508 ingressuris

366 2531 481 2598 dotem
494 2552 682 2615 congruam
696 2540 813 2618 petere
827 2540 986 2618 possent;
1007 2535 1130 2601 deinde
1150 2554 1193 2600 ex
1216 2534 1370 2618 pluribus
1395 2532 1538 2598 decretis

367 2641 399 2704 S.
422 2641 543 2722 Gongr.
566 2641 671 2724 Episc.
688 2646 723 2706 et
739 2643 820 2724 Rog.
846 2647 881 2706 et
900 2642 932 2707 S.
953 2641 1074 2724 Congr.
1092 2643 1205 2720 (lonc,
1225 2646 1362 2708 constat
1373 2638 1539 2706 moniales

365 2766 466 2832 posse
481 2749 631 2815 dotema
653 2749 806 2832 legitima
825 2755 1005 2834 potestate,
1031 2769 1092 2815 seu
1112 2751 1143 2815 S.
1167 2750 1289 2832 Congr.
1316 2749 1416 2831 Reg.‚
1434 2725 1538 2813 statu-

366 2858 436 2920 tam
445 2857 593 2938 exigere,
607 2857 739 2922 etiamsi
748 2859 995 2924 monasterium
1003 2859 1047 2922 sit
1058 2857 1270 2941 opulentum,
1283 2857 1468 2922 dummodo
1481 2856 1540 2922 illa

367 2963 428 3028 dos
442 2981 510 3028 non
531 2964 630 3030 detur
647 2984 708 3048 pro
728 2967 802 3049 ipso
819 2965 988 3047 ingressu,
1005 2969 1043 3029 ut
1062 2965 1090 3030 si
1105 2965 1148 3031 ob
1168 2965 1284 3030 dotem
1302 2965 1539 3029 admitteretur

367 3073 533 3141 inhabilis.
551 3075 646 3140 Ratio
657 3076 761 3160 hujus
774 3075 995 3158 indulgentiae
1011 3082 1073 3153 est,
1091 3077 1170 3161 quia
1188 3076 1395 3141 monasteria
1410 3076 1542 3140 monia·

366 3181 451 3246 lium
462 3189 543 3248 sunt
557 3184 705 3249 obnoxia
718 3185 861 3249 diversis
875 3186 1081 3260 infortuniis,
1100 3203 1185 3270 quas
1199 3203 1269 3250 non
1284 3185 1460 3268 patiuntur
1470 3201 1541 3246 mo

369 3293 518 3358 uasteria
530 3292 683 3357 virorum
696 3293 739 3375 (S.
757 3294 840 3376 big„
857 3311 891 3356 n.
912 3294 973 3375 92).
994 3292 1122 3359 Deinde
1142 3293 1272 3359 tollitur
1286 3293 1373 3359 ratio
1393 3291 1541 3374 vagandi

369 3407 404 3466 ot
424 3402 697 3468 communicandi
717 3421 796 3468 curn
818 3403 1036 3468 saecularibus
1059 3409 1098 3467 ut
1123 3403 1316 3469 necessaria
1338 3403 1537 3467 habeantur.

409 3509 527 3587 Quoad
549 3510 731 3574 secundum
751 3514 894 3593 partem,
919 3509 998 3575 licet
1013 3528 1083 3585 non
1102 3511 1266 3575 debeatur
1284 3508 1439 3591 legitima
1461 3513 1540 3573 anta

369 3623 516 3683 mortem
531 3623 722 3702 parentum,
747 3624 864 3684 umen
883 3621 940 3703 jus
956 3617 1100 3684 radicale
1120 3619 1163 3684 ad
1181 3637 1257 3685 eam
1275 3617 1401 3693 existit,
1423 3621 1458 3681 et
1476 3617 1541 3681 boc

367 3727 426 3808 jus
447 3723 639 3790 devolvitur
658 3726 702 3791 ad
728 3727 946 3809 religionem,
963 3744 1038 3810 quas
1066 3725 1207 3810 proinde
1231 3743 1335 3810 super
1361 3743 1402 3791 eo
1430 3727 1542 3808 potest

370 3832 504 3914 pacisci.

413 3941 524 4004 Tertia
536 3945 756 4025 parscoustat
766 3959 911 4008 exconc.
927 3941 1028 4019 Trid,
1044 3959 1070 4006 s.
1085 3942 1115 4018 l,
1132 3959 1160 4006 c.
1173 3941 1223 4018 to,
1238 3941 1280 4005 de
1290 3941 1384 4025 liep,
1399 3939 1456 4004 ubi
1468 3958 1541 4023 per-

370 4049 516 4114 mittitur
527 4049 684 4133 religioni
699 4051 824 4135 uliquid
837 4055 953 4134 petere
971 4055 1005 4115 et
1022 4050 1172 4137 accipere
1186 4069 1248 4133 pro
1263 4049 1352 4114 victu
1370 4054 1404 4113 et
1415 4048 1541 4112 vestitu

372 4158 506 4234 novitii;
525 4175 607 4240 ergo
625 4159 652 4222 si
667 4159 913 4223 monasterium
935 4159 979 4222 sit
996 4159 1106 4241 inops,
1125 4157 1253 4241 aliquid
1270 4157 1407 4239 exigere
1429 4159 1543 4239 potest

372 4265 469 4331 titulo
484 4265 752 4341 sustentationis,
766 4265 869 4330 etiam
882 4283 943 4348 pro
960 4269 1112 4348 tempore
1121 4265 1353 4347 professionis.
1371 4265 1413 4326 At
1428 4263 1456 4326 si
1470 4279 1543 4326 mo-

372 4374 559 4438 nasterium
579 4375 623 4438 sit
642 4375 747 4450 dives,
772 4391 897 4454 magna
918 4377 970 4437 est
983 4375 1218 4437 controversia
1235 4372 1325 4456 apud
1343 4372 1408 4434 DI).
1432 4369 1544 4456 quoad

371 4483 542 4565 professos
554 4502 561 4545 :
574 4485 673 4565 juxta
686 4483 957 4547 communiorem
972 4481 1188 4552 sententiam,
1200 4480 1284 4544 nibil
1300 4485 1416 4564 petere
1431 4483 1545 4562 potest

372 4591 470 4657 titulo
485 4591 751 4656 sustentationis.
773 4589 811 4654 In
835 4591 900 4655 hoc
921 4608 1003 4654 casu
1024 4589 1294 4654 committeretur
1308 4588 1453 4654 simonia
1473 4605 1543 4652 non

371 4699 458 4780 juris
484 4699 658 4776 naturalis,
691 4704 729 4763 ut
749 4689 872 4764 docent
897 4696 1027 4782 plures,
1054 4713 1133 4764 cum
1158 4695 1258 4762 detur
1277 4695 1463 4780 temporale
1481 4713 1543 4780 pro
