3508 5568
377 515 417 582 66
837 529 887 580 rus
909 527 1087 581 cercurum.

374 653 410 717 in
423 651 570 736 hospitio
585 651 780 734 spuriorum
797 649 954 715 detentas.
971 650 1003 714 4⁰
1021 649 1144 716 Puellae
1160 666 1236 734 quse
1248 649 1284 714 in
1298 646 1372 716 aliis
1386 645 1545 732 hospitiis

375 758 706 850 sauconservstoriis
716 762 896 824 servantur
908 761 943 822 et
955 757 1388 840 eorumdemproventihus
1398 754 1547 830 aluntur,
1574 763 1577 770 ’

354 861 460 934 licat·
477 887 539 952 per
566 869 669 934 breve
695 872 829 952 tempus
844 867 1031 944 discedant,
1049 885 1130 933 suos
1150 865 1355 934 domesticos
1374 866 1546 930 invisurae.

375 975 499 1041 Puellae
518 995 600 1042 vero
620 993 695 1061 quae
714 975 792 1043 data
806 975 873 1042 ssde
893 979 927 1041 et
948 974 1022 1041 viro
1036 976 1110 1058 jam
1125 973 1301 1042 destinata
1324 992 1387 1058 per
1405 989 1549 1047 consan-

268 1146 273 1157 ,
375 1087 520 1168 guineos
534 1084 650 1150 iuvitae
664 1084 880 1152 monasteriis
896 1083 1103 1160 detinentur,
1118 1103 1161 1150 ex
1175 1082 1391 1166 generalibus
1405 1079 1549 1146 decretis

346 1209 347 1214 ¹
375 1191 540 1276 congreg.
560 1191 717 1277 Episc'et
731 1189 850 1274 Regul.
867 1190 922 1256 cit.
939 1191 1044 1256 instit.
1061 1190 1188 1268 relatis,
1215 1190 1348 1256 extrahi
1366 1189 1493 1256 dehent
1507 1187 1549 1254 ab

374 1301 496 1366 iisdem
509 1299 736 1378 monasteriis,
752 1299 832 1364 licet
853 1299 1024 1365 ordinario
1038 1299 1180 1364 minime
1206 1298 1379 1382 subjectis,
1406 1301 1444 1362 ut
1468 1314 1549 1363 con-

374 1409 506 1475 trahere
525 1409 659 1492 possint
676 1425 792 1472 coram
807 1405 953 1490 parocho
970 1409 1068 1489 cujus
1086 1406 1205 1472 ditioni
1219 1411 1362 1490 paterna
1381 1403 1473 1470 aedes
1488 1402 1547 1470 ad-

369 1519 461 1600 jecta
471 1516 688 1602 judicabitur.
705 1515 801 1592 Quod
818 1516 846 1579 si
857 1515 991 1580 difficile
1004 1515 1049 1580 sit
1057 1515 1100 1580 ad
1113 1516 1360 1580 extructionem
1373 1513 1546 1590 devenire,
1656 1499 1659 1506 ’

366 1625 505 1710 illaeque
521 1624 557 1688 in
571 1623 808 1708 aliaparochia
821 1621 1031 1688 domicilium
1045 1641 1116 1688 non
1139 1623 1300 1698 habeant,
1327 1628 1408 1688 tunc
1433 1621 1548 1686 matri-

371 1735 526 1800 monium
539 1733 741 1799 contrahent
763 1749 879 1798 coram
894 1733 1041 1815 parocho
1057 1731 1146 1798 iutra
1165 1735 1264 1816 cujus
1282 1731 1478 1816 parochiam
1502 1730 1546 1794 si·

374 1848 448 1906 tum
462 1841 788 1916 estmonasterium;
810 1839 838 1903 si
852 1857 934 1904 vero
956 1839 1132 1922 proprium
1155 1839 1364 1906 domicilium
1386 1839 1546 1916 habeant,

372 1967 488 2015 coram
499 1948 697 2033 hujusmodi
712 1946 871 2013 domicilii
885 1947 1034 2031 parocho
1048 1947 1262 2024 contrahent,
1277 1946 1547 2032 utprohatidem

372 2056 574 2124 Benedictus
589 2057 674 2140 (loco
688 2057 768 2140 cit).

412 2165 493 2242 Quis
502 2163 1547 2248 autemdebeatassisterematrimcnioquodaliquandoineun-

370 2275 454 2340 dum
468 2279 521 2339 est
534 2274 576 2340 ab
591 2274 632 2338 iis
650 2274 755 2357 quiin
769 2271 990 2338 xenodochiis
999 2274 1036 2336 in
1047 2273 1143 2354 gravi
1158 2274 1237 2340 vilse
1248 2273 1398 2359 periculo
1409 2291 1546 2340 versan-

372 2391 436 2462 tur,
453 2389 492 2449 ut
506 2385 628 2450 auimae
645 2384 747 2448 saluti
761 2384 978 2468 prospiciant,
995 2401 1039 2448 an
1049 2383 1176 2450 scilicet
1187 2384 1389 2450 xenodochii
1399 2383 1543 2469 capella-

369 2513 447 2572 nus,
457 2493 513 2558 vel
525 2491 840 2576 parochusineujus
850 2490 1181 2556 ditioneilludsitum
1194 2496 1257 2570 est,
1268 2498 1546 2574 magnaestcon-

371 2603 477 2668 tentio
492 2601 657 2667 iuterDD.
673 2601 820 2685 ideoque
836 2601 997 2666 standum
1010 2601 1075 2665 erit
1096 2601 1132 2666 in
1148 2601 1206 2667 tali
1221 2619 1303 2668 casu
1327 2602 1546 2668 declarationi

371 2731 432 2777 seu
447 2709 660 2794 deputatioui
674 2710 846 2786 ordinarii,
863 2715 902 2775 ut
914 2709 1042 2776 ibidem
1066 2711 1170 2776 sentit
1192 2708 1284 2776 idem
1298 2710 1464 2776 Pontifex.
1487 2709 1546 2776 Ve-

371 2837 449 2884 rum
473 2825 555 2886 tuno
581 2819 774 2886 mouendus
803 2819 868 2884 erit
894 2825 1045 2901 aegrotus
1071 2839 1115 2886 ne
1142 2819 1278 2886 sanitati
1303 2819 1482 2885 restitutus
1503 2817 1546 2884 ad
1627 2845 1630 2852 ¹

371 2946 516 2994 uxorem
535 2928 687 3005 accedat,
713 2927 821 2992 donec
841 2928 994 3011 paruerit
1007 2927 1048 2992 iis
1063 2947 1176 3012 quaea
1199 2927 1231 2992 S.
1259 2928 1374 2994 Officio
1395 2927 1546 3012 praescri-

371 3036 498 3101 buntur
511 3037 599 3102 circa
609 3037 845 3118 iuramentum
860 3036 901 3100 ab
916 3054 958 3101 eo
971 3037 1205 3120 praestandum
1218 3035 1259 3100 de
1273 3053 1336 3100 sua
1348 3035 1455 3102 libera
1469 3053 1546 3101 con-

371 3149 510 3228 ditioua,
528 3148 727 3233 caeterisque
739 3146 1003 3232 impedimentis,
1010 3151 1111 3232 juxta
1120 3149 1380 3214 instructionem
1394 3145 1425 3212 d.
1442 3147 1547 3212 trihu-

370 3265 456 3332 nalis
470 3265 612 3332 relatam
629 3284 649 3331 a
664 3263 810 3330 Corrado
823 3264 859 3330 in
872 3265 970 3348 praxi
985 3264 1171 3348 dispensat.
1184 3265 1253 3347 (lib.
1270 3263 1335 3342 Vll,
1349 3283 1378 3329 6.
1390 3265 1420 3342 6,
1434 3282 1468 3329 6.
1482 3263 1544 3346 63),

371 3374 399 3438 si
419 3374 583 3459 temporis
602 3373 751 3458 spatium
768 3391 838 3438 non
853 3377 1011 3456 suppetet
1030 3391 1071 3438 eo
1087 3372 1148 3450 uti,
1169 3376 1354 3456 antequam
1372 3371 1547 3442 matrimo-

371 3483 478 3558 nium,
497 3483 569 3549 sive
583 3482 683 3557 intra,
704 3480 776 3546 sive
801 3485 897 3545 extra
917 3481 1057 3564 praefata
1075 3479 1299 3556 xenodochia,
1314 3479 1543 3545 contrahatur.

413 3590 580 3656 Gaeterum
595 3607 638 3654 ex
651 3587 726 3654 aliis
740 3588 884 3654 decretis
898 3587 1020 3668 Congr.
1039 3587 1138 3652 Cone.
1156 3589 1211 3652 cit.
1237 3588 1316 3651 inst.
1336 3586 1433 3653 relat.
1450 3605 1547 3670 paro-

371 3698 454 3764 chus
466 3697 532 3764 loci
551 3698 609 3761 uhi
624 3697 699 3781 quis
715 3695 808 3777 degit
821 3693 1061 3771 rusticationis,
1078 3694 1309 3771 recreationis,
1326 3693 1382 3760 vel
1394 3695 1546 3776 negotio·

371 3827 449 3872 rum
463 3825 576 3884 causa,
594 3826 655 3871 seu
673 3806 715 3872 ad
735 3824 838 3890 quem
852 3805 928 3889 quis
943 3823 980 3870 sc
995 3805 1156 3869 transfert
1175 3802 1248 3868 solo
1272 3803 1387 3869 auimo
1411 3808 1544 3869 contru-

372 3915 475 3980 lrendi
489 3914 756 3990 matrimonium,
782 3931 852 3978 non
876 3916 992 3977 autem
1006 3911 1228 3978 contrahendi
1243 3910 1463 3989 domicilium,
1477 3928 1546 3976 non

372 4029 424 4089 est
432 4024 589 4109 proprius
600 4022 712 4108 quoad
723 4019 1112 4106 ipsummatrimonium.

346 4281 348 4288 Ι
433 4207 476 4262 vl.
492 4206 574 4270 ouot,
589 4206 619 4258 et
635 4203 733 4270 quales
746 4215 807 4257 asse
821 4202 945 4256 debeant
958 4203 1045 4256 testes
1060 4201 1243 4256 matrimonio
1258 4202 1485 4257 interessentes?

411 4355 509 4440 Resp.
527 4353 654 4421 Saltem
669 4354 752 4430 duo;
775 4353 812 4418 in
828 4352 951 4437 quihus
966 4356 1082 4416 tamen
1106 4348 1200 4416 nulla
1224 4347 1379 4432 specialis
1400 4347 1545 4433 qualitas

370 4465 564 4549 requiritur,
580 4463 640 4529 sed
655 4461 829 4528 sulssciunt
844 4459 1022 4546 qualitates
1037 4458 1079 4524 de
1098 4461 1177 4542 jure
1194 4455 1341 4523 naturali
1358 4456 1543 4542 requisitae,

373 4571 483 4637 scilice
493 4577 591 4636 tusus
600 4570 795 4646 rationis,et
803 4567 906 4652 plena
916 4565 1178 4632 advertentiaad
1186 4564 1222 4629 id
1231 4563 1324 4649 quod
1334 4565 1447 4646 agitur
1455 4563 1545 4628 inter

372 4699 517 4766 sponsos
532 4702 538 4745 :
553 4682 601 4746 itu
609 4678 779 4762 colligitur
790 4697 833 4744 ex
847 4677 934 4742 trid.
949 4695 1033 4742 sess.
1050 4676 1100 4754 tl,
1114 4694 1143 4742 c.
1159 4675 1188 4751 l,
1204 4673 1329 4756 defles.
1342 4682 1458 4753 matr,
1470 4673 1515 4738 ihi
1534 4691 1542 4736 ε
1606 4725 1610 4732 .
