3482 5560
387 565 446 630 282
844 587 894 635 ms
914 587 1093 636 canonicor.

425 716 457 779 4⁰
473 715 667 784 lnhabilitas
683 717 725 783 ad
739 717 831 782 idem
847 725 881 784 et
895 720 961 786 alia
976 719 1160 798 uenenum
1177 724 1213 786 et
1231 719 1436 785 benetlcium
1461 720 1563 786 simo·

388 824 483 888 niace
502 823 663 890 collatum
682 832 879 891 reservatur
896 827 973 892 Sedi
998 827 1210 911 apostolica,
1232 829 1298 892 uisi
1320 829 1419 894 aliter
1433 829 1469 893 in
1483 847 1563 894 con·

385 934 532 998 cordatis
546 935 713 1020 aliquibus
729 942 906 1002 statuatur.
921 937 1061 1002 Fructus
1074 939 1162 1002 male
1176 939 1326 1022 percepti
1350 937 1563 1022 applicantur

385 1041 532 1108 Camerae
545 1045 750 1128 apostolica,
764 1051 799 1110 et
812 1047 993 1129 baecpoeua
1007 1047 1190 1112 incurritur
1199 1046 1273 1130 ipso
1285 1047 1384 1121 lacto,
1394 1049 1554 1112 exconst.
1667 1045 1670 1054 ’

384 1151 575 1220 Romanum
597 1153 645 1219 Pii
661 1153 701 1218 Ν
717 1159 751 1219 et
763 1154 989 1220 Intolerabilr‘s
1003 1154 1052 1220 Pii
1066 1156 1102 1218 V.

565 1339 596 1390 11.
610 1339 651 1390 Da
662 1336 771 1403 sudreie
786 1337 815 1391 at
831 1337 1040 1403 dispensatione
1055 1337 1085 1390 in
1102 1337 1222 1391 crimina
1237 1337 1373 1392 almonis.

422 1484 454 1566 α)
478 1483 559 1564 Quis
571 1484 614 1547 sit
622 1484 735 1565 jndae
748 1493 781 1548 ct
796 1492 971 1548 acczcsctor
990 1485 1025 1548 tn
1049 1485 1187 1548 crimine
1204 1483 1384 1549 simonie?
1405 1486 1438 1548 l·
1460 1483 1559 1548 Solus

382 1589 629 1656 ecclesiasticus
642 1592 820 1675 privative,
837 1591 970 1656 etiamsi
987 1591 1132 1656 simonia
1148 1591 1332 1656 commissa
1351 1592 1395 1655 sit
1412 1611 1433 1656 a
1448 1590 1558 1668 laico;

381 1716 462 1764 nam
477 1700 624 1763 simonia
638 1704 691 1764 ast
710 1701 839 1764 crimen
861 1718 956 1764 mere
978 1698 1256 1776 ecclesiasticum,
1281 1704 1316 1763 et
1333 1697 1411 1765 ideo
1427 1717 1470 1763 ex
1480 1701 1558 1782 jure

381 1809 496 1874 divino
508 1813 542 1874 et
556 1811 720 1875 canonico
731 1810 966 1894 judicandum.
983 1809 1110 1876 Tamen
1125 1809 1298 1874 exsecutio
1306 1810 1462 1894 punitiva
1470 1825 1560 1873 com-

383 1917 471 1980 mitti
486 1921 600 1999 potest
609 1917 716 2000 judici
730 1917 828 1983 laico.

422 2026 454 2090 2⁰
468 2025 614 2102 Quilibet
628 2045 786 2092 accusare
802 2032 836 2094 et
850 2033 974 2093 testem
991 2045 1093 2108 agere
1107 2029 1142 2090 in
1151 2029 1217 2092 hoc
1227 2027 1348 2092 delicto
1356 2031 1481 2111 potest,
1494 2028 1561 2090 etsi

383 2131 465 2198 alias
479 2133 523 2226 sit
535 2134 691 2199 inhabilis
707 2137 745 2217 (c.
758 2135 778 2198 3
794 2140 829 2200 et
841 2137 859 2198 7
873 2136 906 2200 h.
923 2135 996 2218 tit).
1009 2133 1242 2200 Excluduutur
1257 2137 1372 2199 umen
1387 2139 1461 2198 tum
1472 2133 1561 2218 capi-

382 2241 458 2306 talis
474 2243 643 2320 iuimicus,
660 2264 703 2309 ex
721 2263 749 2309 c.
769 2245 805 2309 3l
826 2246 860 2309 h.
883 2245 946 2318 tit,
968 2244 1048 2327 quia
1062 2245 1137 2327 ipsa
1153 2244 1295 2327 aequitas
1314 2242 1478 2308 naturalis
1494 2244 1560 2307 boc

382 2351 498 2432 exigit,
520 2356 595 2415 tum
615 2371 770 2435 paganus
789 2353 845 2416 vel
864 2352 1055 2426 hereticus,
1079 2351 1157 2435 quia
1177 2351 1291 2432 agitur
1309 2351 1351 2416 de
1374 2352 1560 2417 simoniaca

380 2457 512 2537 haeresi,
530 2479 591 2525 seu
604 2460 646 2526 de
661 2481 697 2526 re
712 2462 756 2526 ad
765 2462 870 2526 fidem
886 2466 920 2526 et
933 2461 1135 2542 religionem
1151 2465 1335 2544 spectante.

420 2569 532 2646 Quum
540 2569 606 2633 hoc
618 2569 747 2635 crimen
757 2571 959 2653 plerumque
976 2570 1020 2632 sit
1032 2568 1203 2633 occultum
1219 2574 1321 2652 atque
1333 2568 1561 2653 dilticilispro·

381 2677 537 2756 bationis,
556 2679 730 2744 sufiiciunt
743 2681 961 2764 probationes
972 2697 1034 2763 per
1046 2679 1154 2760 signa,
1166 2681 1381 2762 conjecturas
1389 2677 1496 2744 atalia
1509 2679 1560 2743 in-

381 2785 467 2852 dicia
479 2787 781 2871 praesumptionem
806 2788 1048 2852 vehementem
1063 2787 1241 2862 iacientia;
1263 2787 1323 2852 sed
1345 2805 1485 2852 necessa
1506 2793 1559 2857 est

382 2898 420 2957 ut
430 2895 503 2958 haec
517 2894 640 2959 indicia
653 2894 753 2979 plene
765 2896 964 2978 probentur.

421 3002 450 3084 d)
466 3001 513 3066 De
528 3003 775 3088 dispensatione
797 3005 833 3067 in
851 3005 989 3067 crimine
1011 3004 1173 3068 simonia.
1205 3001 1285 3066 l⁰ln
1299 3003 1447 3068 simonia
1467 3004 1558 3087 juris

342 3149 346 3158 ·
379 3110 542 3176 naturalis
558 3112 671 3195 quoad
684 3117 872 3195 peccatum,
889 3111 983 3176 nulla
996 3111 1088 3176 valet
1109 3111 1340 3195 dispensati03
1358 3131 1439 3176 nam
1454 3111 1558 3176 simo-

380 3219 437 3282 nia
455 3225 508 3283 est
526 3220 710 3284 intrinsece
725 3219 825 3296 mala,
843 3224 879 3284 et
892 3225 960 3283 stat
984 3221 1048 3284 sub
1066 3225 1235 3304 praecepto
1256 3220 1430 3300 negativo,
1457 3221 1556 3303 cujus

379 3333 522 3396 materia
545 3333 580 3396 in
600 3331 702 3396 nullis
723 3332 986 3397 circumstantiis
1008 3331 1224 3396 cohonestari
1239 3336 1364 3415 potest.
1389 3331 1505 3416 ltaque
1521 3332 1554 3396 S.

378 3439 544 3518 Pontifex,
560 3439 640 3506 licet
653 3460 773 3525 poenas
787 3461 858 3507 non
871 3443 1034 3520 incurrat,
1051 3446 1165 3527 potest
1181 3447 1297 3508 tammr
1316 3448 1494 3526 peccatum
1514 3442 1555 3506 si·

379 3549 503 3614 monice
519 3551 744 3615 committere.

418 3657 451 3721 ⁶2⁰
471 3657 503 3720 Si
528 3657 619 3741 Papa
637 3659 822 3740 dispenset,
845 3660 1035 3743 separando
1046 3663 1105 3743 jus
1127 3658 1324 3744 temporale,
1345 3679 1378 3724 v.
1394 3677 1426 3741 g.
1445 3661 1555 3742 ajuro

379 3763 555 3847 spirituali,
572 3765 779 3848 dispensatio
798 3772 937 3832 excusat
950 3786 970 3831 a
982 3772 1132 3850 peccato,
1149 3768 1239 3851 quia,
1257 3764 1315 3832 tali
1339 3767 1554 3850 separatione

379 3873 475 3948 lacta,
502 3878 658 3937 remanet
684 3892 809 3957 purum
833 3874 1020 3958 temporale
1035 3875 1145 3958 pretio
1163 3873 1373 3940 aestimabile.
1394 3873 1459 3938 Sed
1475 3879 1555 3939 ante

380 3980 641 4062 separationem,
662 3999 717 4046 res
730 4001 874 4047 annexae
887 3982 1052 4066 spirituali
1067 3986 1147 4046 sunt
1161 3981 1291 4064 dejure
1306 3983 1459 4052 naturali¹
1475 3981 1557 4046 sub-

381 4093 494 4153 tracta
509 4091 714 4156 commercio
724 4091 887 4168 humano,
902 4110 964 4156 seu
979 4089 1214 4155 invendibiles.

419 4197 453 4260 3ο
477 4197 670 4264 Generatim
696 4199 902 4282 dispensatio
921 4199 1186 4264 eteonsuetudo
1212 4205 1378 4264 excusant
1400 4217 1421 4264 a
1442 4201 1554 4282 pomis

382 4308 416 4368 et
429 4323 449 4369 a
462 4309 600 4387 peccato
614 4307 650 4369 in
665 4307 718 4370 his
733 4307 844 4372 solum
859 4325 933 4391 quse
945 4309 1003 4391 jus
1018 4307 1284 4372 ecclesiasticum
1298 4307 1456 4390 prohibet
1473 4307 1555 4373 dara

380 4411 435 4475 vel
450 4414 613 4496 accipere,
632 4434 665 4479 r.
682 4434 715 4496 g.
738 4415 844 4496 gratis
861 4415 1014 4480 oblatum
1031 4419 1111 4498 post
1126 4415 1387 4490 ordinationem,
1400 4415 1556 4480 redditus

289 4587 293 4594 ,
380 4519 487 4596 stolae,
504 4525 567 4585 etc.
590 4522 687 4588 Ratio
707 4529 769 4599 est,
793 4524 872 4606 quia
886 4523 1093 4607 dispensatio
1113 4527 1147 4587 et
1168 4521 1322 4604 legitima
1340 4524 1555 4590 consuetudo

379 4626 532 4692 relaxare
545 4635 692 4710 possunt
701 4633 760 4712 jus
773 4631 973 4695 humanum.

418 4733 451 4796 4ο
465 4731 501 4800 ln
514 4737 624 4818 poenis
639 4739 792 4803 simoniae
807 4756 876 4803 non
892 4738 1066 4822 dispensat
1080 4739 1179 4826 Papa,
1196 4739 1260 4803 nisi
1285 4759 1327 4804 ex
1348 4740 1460 4805 causis
1481 4757 1556 4820 gra-
