3514 5564
264 552 267 562 ’
382 547 441 616 foe
722 581 725 590 Δ
840 567 892 614 sus
913 567 1092 616 canonicus.

310 693 313 700 ’
380 686 507 750 formes
529 681 630 768 super
644 683 798 749 nullitate
812 685 1035 762 matrimonii;
1052 685 1123 750 sive
1138 690 1216 769 post
1235 685 1381 768 primam
1400 686 1544 770 appella·

380 799 454 859 turn
466 795 519 870 sit,
537 793 609 857 sive
623 809 704 870 non,
722 793 785 856 sub
796 792 916 874 pranis,
934 793 1079 870 utinfra,
1093 793 1315 860 incurrendis.

417 903 451 966 i'
464 902 502 967 ln
517 901 660 985 singulis
681 901 883 966 dioecesibus
903 903 1080 984 eligendus
1095 909 1148 968 est
1161 904 1203 967 ab
1219 904 1378 988 episcopo
1392 901 1551 968 defensor

378 1011 597 1088 matrimonii,
614 1015 658 1087 et,
677 1011 791 1076 silleri
806 1014 929 1094 potest,
950 1029 992 1074 ex
1012 1011 1237 1077 ecclesiastico
1262 1017 1362 1088 coetu,
1383 1011 1426 1076 ad
1443 1012 1550 1096 ipsius

379 1121 526 1204 episcopi
550 1121 727 1185 arbitrium
754 1121 995 1198 removendus,
1022 1141 1100 1186 cum
1123 1122 1291 1198 mercede,
1321 1120 1348 1184 si
1369 1121 1402 1184 id
1425 1139 1550 1184 munus

378 1230 483 1314 gratis
504 1229 597 1294 obire
621 1229 716 1304 nolit,
737 1229 768 1292 ci
790 1229 1028 1320 constituenda
1049 1231 1091 1294 ab
1113 1230 1219 1314 ipsius
1241 1249 1351 1295 causae
1371 1229 1552 1312 judicael

361 1336 542 1404 ·solvenda
556 1340 598 1403 ab
614 1356 654 1403 ea
665 1343 762 1421 parte
776 1357 850 1422 quae
868 1355 929 1422 pro
942 1337 1114 1404 validitate
1129 1339 1336 1404 matrimonii
1353 1339 1433 1421 agit,
1444 1339 1472 1402 si
1486 1335 1550 1420 ipsi

377 1448 518 1514 facultas
534 1447 594 1511 sit:
612 1447 664 1510 sin
676 1446 802 1522 minus,
820 1446 964 1529 ajudicc
980 1446 1109 1529 primae,
1125 1445 1180 1512 vel
1195 1446 1363 1522 secundae,
1375 1444 1431 1511 vel
1442 1445 1548 1510 terliae

377 1555 548 1621 instantiae
573 1556 762 1639 respective
784 1573 827 1619 ex
850 1556 994 1640 pecunia
1012 1555 1216 1622 muletarum
1241 1573 1381 1635 sucrum
1404 1555 1550 1620 tribuna-

376 1662 472 1729 lium.
497 1666 637 1743 Quando
665 1683 747 1730 vero
767 1664 899 1748 judices
920 1684 1032 1731 causae
1056 1671 1157 1731 erunt
1172 1667 1304 1749 judices
1328 1663 1551 1730 commissarii

377 1779 532 1839 carentes
550 1776 625 1839 foro
641 1779 675 1839 et
686 1773 831 1849 mulctis,
849 1779 929 1838 tunc
952 1774 1115 1840 solvenda
1129 1779 1181 1838 est
1197 1793 1239 1839 ex
1253 1775 1397 1859 pecunia
1410 1774 1551 1839 mulcta-

378 1900 455 1946 rum
478 1881 568 1946 illius
588 1881 761 1966 episcopi,
777 1881 813 1944 in
836 1883 933 1965 cujus
959 1882 1096 1947 dioecesi
1121 1883 1199 1947 dicti
1221 1883 1365 1966 judices,
1392 1884 1491 1966 juxta
1512 1880 1544 1944 S.

378 1990 474 2056 Sedis
488 1990 700 2066 mandatum,
714 1989 881 2072 jndicium
894 1993 1112 2056 exercebunt.

418 2101 513 2166 Hunc
541 2100 756 2166 defensorem
785 2101 903 2166 statuit
930 2101 1086 2165 Pontifex
1117 2117 1191 2164 esse
1222 2105 1385 2183 tanquam
1418 2104 1549 2182 partem

379 2209 605 2275 necessariam
620 2209 663 2274 ad
678 2209 796 2292 judicii
820 2208 1050 2285 validitatem
1072 2208 1217 2292 ideoque
1242 2227 1378 2292 semper
1397 2207 1493 2272 citari
1516 2213 1550 2271 et

325 2353 326 2356 π
379 2317 498 2383 adesse
514 2316 637 2382 debere
650 2317 686 2381 in
700 2315 840 2400 judicio,
857 2317 928 2381 sive
944 2335 1035 2381 nnus
1048 2336 1091 2381 ex
1105 2318 1310 2400 conjugibus
1324 2315 1379 2400 qui
1399 2332 1460 2399 pro
1473 2312 1550 2378 nul·

378 2425 471 2491 litate
486 2425 693 2491 matrimonii
707 2425 788 2507 agit,
807 2425 878 2490 sive
895 2414 1007 2502 ambo,
1028 2442 1174 2508 quorum
1189 2424 1275 2490 alter
1297 2443 1359 2506 prc
1382 2422 1548 2498 nullitate,

379 2533 464 2598 alter
486 2551 568 2598 vero
591 2550 653 2617 pro
676 2532 832 2609 validate,
863 2532 898 2596 in
916 2531 1085 2615 judicium
1115 2532 1268 2610 veniant;
1296 2531 1471 2615 tenerique
1493 2549 1550 2594 ne-

379 2641 461 2706 dum
475 2645 635 2724 praestare
648 2644 881 2723 juramentum
897 2640 938 2705 de
962 2640 1108 2706 fideliter
1129 2659 1191 2705 suo
1213 2659 1355 2704 munere
1378 2630 1547 2714 obeundo,

269 2828 272 2840 Ι
379 2747 515 2833 quando
543 2747 586 2812 ad
611 2748 676 2813 boc
704 2747 899 2832 deputatur,
925 2747 1111 2814 sedetiam
1139 2749 1240 2814 toties
1271 2748 1403 2832 quoties
1429 2746 1549 2812 adesse

378 2855 514 2921 debebit
526 2855 561 2919 in
573 2854 700 2938 judicio
715 2873 776 2939 pro
792 2855 935 2939 alicujus
951 2855 1159 2922 matrimonii
1173 2855 1346 2922 validitate
1361 2857 1497 2920 tuenda.

417 2961 497 3047 Ejus
512 2967 627 3028 autem
641 2959 766 3028 munus
776 2963 811 3026 in
822 2982 862 3028 ec
873 2963 976 3027 situm
986 2967 1048 3039 est,
1062 2967 1110 3040 ut,
1122 2962 1366 3047 siajudiccpro
1378 2964 1549 3028 matrimo-

377 3070 425 3134 nii
434 3070 829 3155 validitatejubioabitur,
844 3075 878 3136 et
888 3069 1001 3134 nullus
1013 3071 1123 3153 sitqui
1134 3070 1290 3155 appellet,
1305 3073 1377 3154 ipse
1390 3070 1492 3136 etiarn
1507 3073 1549 3134 ab

378 3178 603 3262 appellatione
624 3196 660 3244 se
690 3178 873 3253 abstineat;
894 3177 997 3262 idque
1022 3178 1126 3242 etiam
1149 3183 1314 3256 servetur,
1335 3181 1362 3243 si
1389 3197 1409 3244 a
1433 3179 1548 3261 Judice

378 3287 535 3353 secundae
555 3287 725 3352 instantiae
744 3303 806 3369 pro
823 3284 995 3350 validitate
1010 3285 1218 3352 matrimonii
1232 3286 1335 3352 fuerit
1346 3287 1546 3369 judicatum,

377 3401 559 3481 postquam
577 3396 685 3480 judex
710 3394 827 3479 primae
849 3394 1019 3460 instantiae
1041 3393 1083 3459 dc
1111 3393 1201 3458 illius
1229 3395 1382 3462 nullitate
1414 3402 1548 3462 senten-

378 3506 462 3570 tiam
475 3503 773 3589 pronuntiaverat;
789 3503 842 3565 sin
859 3505 973 3568 autem
987 3506 1105 3580 contra
1119 3503 1326 3569 matrimonii
1334 3503 1548 3569 validitatem

261 3659 263 3664 ,
381 3611 550 3677 sententia
564 3612 703 3685 feratur,
727 3609 886 3675 defensor
899 3609 988 3673 intra
1005 3608 1158 3690 legitima
1182 3617 1336 3694 tempora
1357 3611 1545 3695 appellabit,

381 3718 557 3786 adbaerens
572 3719 658 3806 parti
677 3737 751 3802 quae
766 3735 827 3801 pro
841 3715 1014 3782 validitate
1029 3718 1167 3798 agebat3
1187 3735 1265 3782 cum
1280 3724 1394 3784 autem
1408 3719 1444 3783 in
1460 3719 1548 3803 judi-

381 3827 433 3892 cio
456 3844 558 3892 nemo
583 3844 671 3890 unus
701 3827 744 3889 eit
768 3825 825 3908 qui
850 3841 911 3906 pro
940 3823 1148 3888 matrimonii
1172 3823 1344 3889 validitate
1372 3827 1548 3908 negotium

380 3935 524 4010 insistat,
541 3933 597 3999 vel
612 3935 640 3998 si
659 3933 756 4009 adsit,
773 3933 841 3998 lata
852 3937 971 3998 contra
986 3951 1064 3996 eum
1080 3935 1258 4010 sententia,
1272 3933 1438 4016 judicium
1454 3934 1548 4000 dese·

380 4043 496 4121 ruerit,
512 4044 584 4126 ipse
599 4061 642 4107 ex
657 4041 767 4107 officio
785 4042 827 4106 ad
843 4042 1053 4124 superiorem
1065 4041 1215 4124 judicem
1229 4044 1435 4125 provocabit.

411 4150 653 4235 appellatione
677 4150 826 4234 aprima
849 4151 1018 4216 sententia
1041 4148 1222 4232 pendente,
1239 4149 1294 4214 vel
1318 4151 1420 4215 etiam
1443 4151 1545 4228 nulla,

381 4263 424 4326 ob
447 4259 622 4336 malitiam,
648 4259 705 4323 vel
727 4257 951 4334 oscitantiam,
977 4255 1033 4320 vel
1055 4255 1284 4330 collusionem,
1303 4257 1489 4324 defensoris
1515 4265 1548 4324 et

379 4370 536 4454 partium,
561 4368 769 4451 interposita,
788 4368 815 4430 si
828 4368 928 4431 ambo
953 4364 1008 4429 vel
1029 4383 1116 4428 unus
1147 4383 1189 4429 ex
1211 4367 1414 4448 conjugibus
1440 4387 1547 4433 novas

316 4485 321 4504 ¹·
381 4478 517 4560 nuptias
537 4476 708 4541 celebrare
737 4491 840 4539 ausus
868 4473 980 4547 fuerit,
1016 4471 1175 4536 volumus
1200 4488 1239 4536 ac
1268 4473 1481 4538 decernimus
1509 4479 1548 4539 ut

382 4603 450 4650 non
478 4585 589 4650 solum
617 4587 796 4648 serventur
823 4599 898 4665 quae
926 4579 1089 4644 adversus
1119 4597 1177 4647 eos
1208 4581 1264 4664 qui
1291 4583 1545 4648 matrimonium

380 4696 499 4758 contra
524 4691 741 4756 interdictum
763 4687 916 4754 Ecclesiae
941 4687 1155 4762 contrahunt,
1182 4691 1308 4754 statuta
1335 4696 1432 4768 sunt;
1462 4710 1546 4774 prae-
