3514 5564
354 512 414 580 tto
812 525 863 576 ms
883 525 1062 578 cauomcmr.

288 727 294 740 ¹
356 652 465 729 durat,
477 649 626 716 ideoboc
640 648 923 732 impedimentum
936 651 1210 733 estperpetuum.
1225 645 1258 711 Si
1272 664 1353 712 vero
1363 649 1524 731 sequatur

355 760 396 825 ad
419 757 686 833 matrimonium,
709 774 779 821 non
803 755 959 822 dissolvit
977 755 1071 834 illud,
1095 757 1183 821 sicut
1204 773 1268 822 nec
1293 755 1359 822 alia
1385 755 1524 840 impedi-

355 864 732 948 mentaconsequentia,
745 869 784 928 ut
801 865 959 941 affinitas,
973 869 1049 942 ete.;
1061 865 1294 948 privattemen
1299 867 1376 948 jure
1386 861 1524 947 petendi

356 974 518 1050 debitum,
536 973 578 1037 de
596 991 663 1056 quo
678 973 775 1037 infra.

551 1159 581 1210 tt.
597 1157 673 1209 Inter
684 1168 755 1221 quas
772 1167 906 1220 personas
920 1153 1004 1208 detur
1017 1155 1146 1220 cognatm
1158 1155 1332 1220 spiritualis?

390 1303 489 1387 Resp.
509 1304 537 1368 1.
552 1302 841 1386 Dejnreantiquo
858 1300 1000 1366 dabatur
1013 1302 1103 1368 inter
1115 1301 1230 1386 plures
1243 1319 1425 1386 personas;
1446 1320 1526 1368 nam

356 1414 388 1476 1⁰
401 1413 466 1477 boc
477 1413 554 1495 jure
566 1410 630 1475 tuit
643 1410 837 1494 paternitas
854 1407 983 1474 directa
997 1410 1088 1474 inter
1105 1411 1344 1494 baptizantem,
1358 1410 1414 1474 vel
1427 1411 1527 1493 patri-

355 1539 451 1598 num,
463 1520 723 1603 etbaptizatum;
744 1523 779 1582 et
788 1521 981 1602 patemitas
996 1520 1170 1596 indirecta,
1187 1537 1263 1603 quae
1279 1519 1528 1584 extendebatur

356 1628 399 1694 ad
408 1628 608 1712 baptizantis
617 1632 651 1692 et
662 1627 786 1710 patrini
800 1646 946 1693 uxorem
959 1628 1138 1693 carnaliter
1146 1628 1329 1710 cognitam,
1339 1646 1414 1712 qum
1428 1645 1529 1710 prop-

357 1743 410 1802 ter
423 1737 589 1801 unitatem
609 1736 721 1800 carnis
739 1753 818 1801 cum
831 1737 954 1801 marito
976 1737 1079 1801 tiebat
1094 1737 1197 1802 etiarn
1219 1741 1328 1801 mater
1347 1735 1529 1819 spiritualis

340 1843 532 1926 ·baptizati;
552 1842 609 1907 vel
624 1847 763 1908 econtra
784 1843 826 1907 ab
847 1861 952 1908 uxore
974 1845 1165 1928 baptizante
1185 1843 1241 1908 vel
1261 1843 1396 1908 levante
1418 1845 1531 1908 refun-

357 1950 501 2016 debatur
514 1951 579 2014 ista
592 1949 795 2032 cognatioin
810 1951 970 2015 maritum
980 1951 1020 2032 (c.
1037 1952 1052 2014 f
1066 1951 1100 2013 h.
1119 1955 1142 2014 t.
1154 1951 1190 2014 in
1200 1951 1255 2032 6⁰).
1267 1952 1300 2015 2⁰
1314 1953 1389 2016 Fuit
1401 1967 1532 2034 compa·

358 2057 500 2121 termites
522 2057 650 2121 directa
672 2057 761 2121 inter
781 2058 1021 2141 baptizantem,
1039 2056 1093 2122 vel
1116 2057 1300 2134 levantem,
1318 2061 1353 2122 et
1373 2062 1531 2140 parentes

358 2165 533 2248 baptizati;
558 2164 722 2228 indirecta
739 2183 822 2229 vero
845 2165 1090 2230 refundebatur
1109 2166 1145 2229 in
1167 2182 1311 2229 uxorem
1332 2165 1531 2249 baptizantis
1589 2182 1593 2188 ·

359 2276 392 2336 et
404 2270 562 2347 levantis,
578 2275 616 2334 ut
627 2277 706 2335 ante
723 2270 849 2335 dictum
859 2272 899 2354 (c.
911 2271 932 2335 4
943 2273 976 2336 h.
990 2276 1014 2335 t.
1024 2276 1081 2356 p).
1097 2273 1130 2336 3ο
1140 2271 1216 2336 Fuit
1228 2273 1429 2354 fraternitas
1443 2273 1532 2335 inter

358 2378 564 2461 baptizatum
593 2383 628 2442 et
647 2375 772 2442 liberos
804 2379 956 2444 carnales
978 2380 1178 2463 baptizantis
1201 2380 1257 2444 vel
1279 2379 1435 2455 levantis,
1461 2397 1530 2444 non

359 2504 441 2551 vero
456 2487 545 2550 inter
566 2486 651 2551 alios
664 2486 786 2551 fratres
800 2490 834 2552 et
852 2506 986 2553 sorores
1001 2489 1159 2572 baptizati
1174 2509 1181 2551 :
1195 2507 1268 2554 can.
1284 2489 1315 2566 f,
1331 2489 1441 2572 Super
1458 2489 1531 2571 qui-

273 2639 276 2646 ,
360 2593 429 2670 bus,
441 2594 490 2670 30,
508 2613 539 2678 q.
552 2594 583 2671 3,
596 2595 653 2658 ubi
665 2595 845 2676 corrigitur
857 2613 930 2660 can.
945 2597 1092 2679 butpote
1106 2597 1257 2680 anterior
1267 2602 1430 2679 tempore,
1441 2600 1475 2660 et
1486 2597 1532 2660 ita

361 2700 484 2767 decidit
499 2700 594 2766 Alex.
620 2700 663 2765 ΙΙΙ
683 2703 723 2784 (c.
746 2703 766 2766 3
786 2702 819 2766 h.
843 2703 891 2784 t),
907 2704 974 2768 nisi
995 2702 1148 2787 specialis
1165 2707 1256 2770 esset
1268 2703 1479 2771 consuetudo
1494 2707 1532 2766 ut

359 2809 448 2874 inter
469 2827 589 2873 omnes
612 2808 733 2873 fratres
753 2812 788 2873 et
810 2827 946 2874 sorores
965 2811 1123 2894 baptizati
1148 2817 1182 2876 et
1202 2811 1315 2895 proles
1333 2811 1531 2894 baptizantis

359 2922 419 2982 aut
432 2905 578 2980 levantis
600 2915 826 2980 intercederet
846 2917 911 2982 ista
922 2921 1182 2985 confraternitas
1198 2919 1400 3004 diremptiva
1417 2919 1532 2984 matri-

360 3024 467 3088 monii
480 3024 520 3105 (c.
535 3024 597 3088 3h.
611 3027 659 3104 t).
676 3023 752 3089 Hero
765 3025 880 3091 omnia
890 3025 1045 3092 similiter
1054 3029 1183 3094 fiebant
1192 3031 1227 3092 in
1238 3028 1442 3110 cognatione
1458 3032 1532 3091 orta

361 3150 404 3195 ex
418 3132 687 3197 confirmatione.

334 3313 337 3320 ¹
401 3240 500 3324 Resp.
516 3240 546 3303 i.
564 3240 643 3304 Jure
660 3258 751 3306 novo
765 3239 960 3306 Tridentino
975 3243 1072 3324 (sess.
1087 3243 1138 3321 m,
1155 3263 1227 3328 cap.
1245 3243 1446 3326 dedissem.
1460 3260 1532 3306 ma-

361 3351 542 3430 trimom'i),
566 3349 700 3414 sublate
724 3355 776 3414 est
797 3352 984 3433 paternitas
1004 3358 1038 3416 et
1061 3352 1324 3437 compaternitas
1352 3351 1529 3426 indirecta,

362 3460 411 3523 uti
426 3462 461 3522 et
475 3457 682 3535 fraternitas,
703 3461 738 3521 et
751 3461 915 3524 remansit
932 3460 1004 3526 sola
1019 3463 1210 3545 paternitas
1224 3465 1259 3526 et
1273 3461 1532 3544 compaternitas

362 3567 500 3643 directa,
518 3570 552 3630 et
565 3564 686 3648 filiatio
694 3581 707 3644 ;
719 3565 812 3655 ¹unde
826 3567 928 3633 hodie
942 3571 1099 3652 cognatio
1118 3569 1299 3654 spiritualis
1310 3588 1353 3634 ex
1364 3569 1531 3651 baptismo

363 3675 480 3739 datur:
498 3675 529 3737 1⁰
544 3673 633 3738 inter
647 3673 884 3756 baptizantem,
907 3682 1071 3762 tanquam
1089 3684 1232 3762 patrem,
1259 3682 1293 3743 et
1314 3677 1530 3760 baptizatum,

364 3790 526 3866 tanquam
539 3781 658 3858 fllium,
675 3787 709 3846 et
731 3784 886 3849 similiter
899 3786 988 3852 inter
1002 3790 1174 3871 patrinum
1187 3807 1248 3852 seu
1261 3787 1444 3862 levantem,
1461 3789 1532 3850 tnn-

365 3908 467 3974 quam
481 3896 624 3973 patrem,
643 3895 678 3956 et
690 3892 897 3975 baptizatum
912 3913 971 3961 seu
985 3895 1149 3972 levatum,
1168 3901 1330 3981 tanquam
1344 3895 1471 3968 filium3
1494 3910 1532 3957 ao

363 3994 505 4078 proinde
519 3996 707 4079 baptizatus
721 3999 821 4065 hodie
836 4005 950 4085 potest
966 4004 1089 4069 ducere
1102 4022 1246 4070 uxorem
1261 4002 1460 4086 baptizantis
1478 3998 1532 4065 vel

362 4103 519 4181 levantis,
537 4103 563 4166 si
590 4123 691 4188 quam
711 4095 915 4189 habuerunt,
932 4117 967 4176 et
981 4112 1106 4176 mortui
1127 4115 1217 4176 sunt.
1238 4109 1276 4173 Et
1290 4111 1362 4174 haro
1375 4107 1533 4190 cognatio

363 4215 504 4274 vocatur
524 4213 736 4294 paternitas;
759 4217 812 4280 vel
843 4218 871 4281 si
894 4218 1067 4301 baptizans
1091 4223 1150 4284 aut
1172 4217 1290 4282 levans
1316 4220 1370 4282 est
1393 4217 1531 4291 femina,

363 4319 573 4382 maternitas.
590 4319 622 4382 Ψ
638 4320 729 4386 [nter
747 4324 973 4407 baptizantem
989 4331 1023 4390 et
1042 4330 1201 4409 parentes
1223 4325 1390 4409 baptizati,
1410 4324 1465 4388 vel
1485 4325 1533 4388 in-

365 4429 415 4488 ter
434 4424 607 4492 levantem
622 4433 657 4493 et
671 4438 828 4514 parentes
842 4432 955 4510 levati,
971 4451 1046 4518 quse
1058 4439 1199 4499 vocatur
1211 4434 1482 4517 compaternitas,
1499 4437 1533 4495 et

364 4531 399 4596 in
423 4533 559 4598 feminis
588 4543 862 4604 commaternitas
868 4557 882 4620 ;
906 4541 985 4626 quia
1009 4540 1097 4604 sicut
1116 4542 1289 4622 genitores
1318 4545 1399 4604 sunt
1419 4545 1532 4623 patres
1559 4619 1562 4626 Ι

363 4639 515 4705 carnales
530 4643 698 4728 baptizati,
715 4647 762 4712 ita
775 4648 948 4730 baptizans
969 4653 1002 4712 et
1015 4648 1134 4713 levans
1151 4655 1232 4712 sunt
1250 4649 1406 4731 ejusdem
1419 4653 1532 4732 patres
