3418 5566
533 575 621 623 curm
642 575 770 630 colurus
792 571 1015 621 occurrimus.
1308 556 1367 627 303

197 689 349 774 Gregorii
368 689 437 756 lllll
460 692 641 776 incipiente
668 693 831 776 Antiqua,
858 691 894 756 ln
915 709 982 774 qus
1001 693 1247 755 enumerantur
1267 709 1366 756 casus

194 801 232 864 in
260 801 382 884 quibus
398 801 617 885 inquisitores
632 801 818 884 procedere
842 802 988 883 possunt
1003 803 1121 864 contra
1139 799 1283 881 judaeos.
1302 799 1366 864 Sed

195 908 297 974 hodie
313 928 356 973 ex
367 908 493 975 invidio
508 911 754 992 guberniorum
766 906 993 994 politicorum,
1010 905 1159 989 episcopi
1181 906 1311 972 nullam
1324 907 1366 972 de
1454 947 1458 956 ·

194 1017 285 1082 lecto
305 1022 450 1101 possunt
475 1035 634 1084 exercere
655 1019 825 1084 actionem
844 1015 1061 1082 coercitivnm
1081 1017 1200 1079 centra
1220 1015 1364 1098 judaeos.

236 1125 269 1188 3⁰
282 1125 389 1189 Judaei
402 1126 458 1190 vel
468 1125 642 1191 sarraceni
656 1126 813 1192 conversi
827 1124 869 1189 nd
884 1124 988 1188 fldem
1002 1124 1105 1188 rebus
1120 1123 1191 1186 suis
1203 1140 1274 1188 non
1289 1127 1369 1188 sunt

195 1233 363 1316 spoliandi
374 1235 413 1315 (c.
425 1235 445 1299 c
455 1235 514 1317 huj
520 1283 526 1296 .
541 1235 616 1318 tit).
631 1235 760 1300 Deinde
771 1253 814 1300 ex
822 1238 930 1299 const.
945 1232 1182 1318 Propaqaudrc
1196 1231 1299 1297 (ilem.
1311 1233 1365 1311 lll,

193 1341 255 1405 tllii
273 1344 429 1426 conversi
445 1348 516 1409 tem
534 1344 754 1410 Hebraeorum
776 1361 878 1428 quem
892 1341 1082 1408 infidelium
1100 1341 1244 1424 epatris
1256 1346 1369 1424 potes-

194 1455 263 1516 tate
284 1451 538 1530 subtrahuntur,
556 1457 592 1518 et
610 1452 763 1536 legitime
776 1457 868 1518 esset
881 1453 931 1517 eis
947 1449 1168 1524 restituenda,
1187 1450 1215 1513 si
1234 1454 1368 1514 retente

194 1559 325 1624 luisset.
343 1560 376 1624 Si
386 1565 502 1626 temen
514 1567 735 1628 revertuntur
743 1562 787 1628 od
795 1561 975 1636 vomitum,
988 1561 1133 1625 subsunt
1142 1557 1366 1642 Inquisitioni,

193 1685 264 1732 non
286 1687 384 1734 secus
398 1687 437 1736 ac
453 1671 625 1736 christiani
645 1671 680 1736 in
698 1671 905 1755 apostasiam
923 1669 1019 1754 lapsi.
1036 1667 1114 1734 llaec
1137 1667 1254 1733 omnis
1272 1664 1368 1731 intel-

84 1794 89 1802 ’
192 1775 394 1857 ligidebent
413 1778 561 1861 dejure,
586 1797 666 1845 narn
685 1778 798 1863 quood
821 1779 950 1843 fectum
970 1775 1085 1841 nullus
1105 1793 1286 1860 processus
1308 1774 1367 1838 cri·

192 1884 328 1950 minutis
344 1885 474 1950 institui
492 1893 606 1972 potest
624 1891 742 1954 contra
759 1886 894 1970 judaeos
912 1891 945 1950 et
959 1889 1132 1970 apostoles
1147 1885 1183 1947 in
1196 1882 1367 1966 plerisque

193 1994 393 2074 regionibus
412 1997 513 2062 orbis.

233 2101 264 2183 b)
278 2101 448 2169 Prohibita
468 2108 548 2169 sunt
569 2105 625 2168 :1⁰
645 2123 689 2169 ne
706 2103 812 2188 judaei
832 2106 1022 2186 fungentur
1042 2101 1156 2185 aliquo
1176 2099 1287 2166 ofttcio
1307 2116 1368 2182 pu·

186 2207 285 2272 blico·
304 2209 344 2290 (c.
368 2210 407 2274 to
428 2211 500 2294 huj.
518 2211 594 2294 tit),
620 2215 654 2276 et
673 2211 750 2276 ideo
770 2211 973 2277 christianus
992 2228 1062 2276 non
1084 2189 1237 2294 sequitur
1254 2209 1367 2272 forum

188 2313 294 2396 judaei
307 2317 367 2392 rei,
380 2318 440 2382 sed
452 2335 531 2383 cum
541 2337 582 2385 ec
595 2320 756 2384 convenit
768 2337 883 2384 corum
902 2319 1104 2401 magistratu
1119 2316 1314 2392 christiano,
1330 2319 1369 2378 ut

191 2419 234 2485 lis
255 2422 430 2492 decidetur
448 2426 637 2492 secundum
648 2429 728 2510 juro
740 2426 852 2492 civilia
867 2429 906 2508 (c.
926 2427 964 2491 tl
973 2427 1044 2509 huj.
1066 2426 1142 2507 tit.);
1158 2425 1191 2489 lt
1205 2443 1249 2490 ne
1267 2443 1287 2488 a
1302 2423 1368 2488 clo-

190 2530 332 2597 ricisvel
342 2533 434 2599 laicis
448 2535 672 2600 instituentur
687 2535 843 2600 haeredes
855 2539 939 2617 (con.
950 2535 981 2611 6,
997 2534 1102 2614 Sane,
1113 2533 1164 2610 st,
1175 2554 1206 2618 q.
1220 2534 1266 2615 l);
1282 2533 1366 2596 3⁹ne

188 2639 404 2707 hebdomade
419 2644 542 2727 majori
561 2644 597 2708 in
611 2643 785 2727 publicum
798 2644 977 2728 prodeant,
996 2649 1031 2709 et
1044 2643 1079 2707 in
1096 2642 1149 2708 die
1164 2641 1366 2707 Parascevcs

190 2750 279 2814 ostie
297 2749 353 2814 vel
371 2752 523 2816 tenestes
542 2757 675 2834 apertus
689 2752 886 2835 hebeenttc.
902 2753 1002 2836 thui.
1018 2751 1233 2835 tit.);hocjus
1248 2749 1367 2813 nullibi

190 2876 283 2922 nunc
295 2859 507 2936 observetur,
524 2877 603 2924 cum
616 2860 712 2942 leges
727 2860 843 2926 civiles
858 2861 1065 2926 etheismum
1085 2859 1280 2925 redolentes
1294 2859 1366 2922 sere

190 2965 318 3049 ubique
337 2971 459 3048 regent
474 2966 628 3049 politium
643 2973 838 3045 extemem3
857 2968 890 3031 4ο
906 2986 950 3034 ne
964 2968 1113 3034 habeant
1127 2967 1293 3046 nutrices,
1307 2967 1366 3048 ob·

190 3073 345 3138 stetrices
361 3083 396 3138 et
408 3074 555 3140 famulos
569 3076 782 3152 christianos,
800 3082 838 3141 ut
850 3081 952 3141 entes
965 3075 1093 3141 dictum
1108 3081 1171 3140 est.

269 3245 304 3326 11.¹
319 3275 361 3328 dn
372 3273 461 3339 judei
476 3276 504 3327 et
517 3274 619 3342 pegeni
634 3275 694 3343 cogi
710 3275 819 3342 possint
833 3276 869 3330 ed
882 3233 1097 3344 susciplendum
1112 3274 1286 3341 bepusmum

605 3357 634 3409 et
647 3357 732 3410 ttdem
747 3357 955 3412 christianum?

232 3517 266 3597 c)
279 3485 436 3582 Judaeiet
449 3517 573 3599 pegeni
586 3517 709 3582 directe
718 3518 795 3600 cogi
811 3534 882 3582 non
896 3521 1042 3601 possunt
1055 3517 1098 3583 ed
1113 3517 1366 3601 suscipiendum

191 3621 400 3706 baptismum
424 3631 459 3688 et
480 3625 584 3689 tidem
602 3625 832 3692 christianam.
855 3626 1058 3692 constater
1081 3625 1183 3691 variis
1203 3625 1364 3708 juribus:

191 3747 265 3796 can.
286 3733 316 3808 3,
333 3733 364 3807 5,
384 3732 416 3796 d.
438 3733 489 3810 lo,
510 3738 545 3798 et
563 3751 591 3800 c.
612 3735 632 3798 9
649 3735 720 3817 huj.
742 3736 792 3798 tit.
816 3753 855 3800 ec
873 3753 902 3799 c.
918 3736 949 3812 3,
966 3735 1007 3800 de
1024 3736 1140 3820 Bapt.,·
1157 3739 1192 3800 et
1211 3733 1287 3798 telis
1303 3734 1368 3797 luit

192 3844 352 3904 constans
372 3841 485 3923 praxis
512 3846 546 3905 et
569 3861 652 3906 usus
676 3841 842 3919 Ecclesiae‚
869 3841 926 3927 qui
949 3843 1158 3907 sufficienter
1182 3839 1368 3907 ostendunt

191 3946 403 4012 voluntatem
433 3948 553 4014 Christi
577 3969 663 4028 esse,
694 3957 733 4014 ut
761 3950 882 4034 cuique
911 3948 1017 4014 libere
1046 3950 1090 4013 sit
1118 3949 1296 4015 conversio
1324 3946 1366 4012 sd

191 4054 305 4131 flde‘m,
319 4058 419 4138 ,iuxta
438 4055 521 4121 illud
536 4057 659 4139 (Marc,
674 4075 703 4122 o.
721 4057 796 4134 ult„
813 4059 863 4140 16)
876 4078 883 4120 :
896 4081 912 4116 «
928 4056 991 4134 Qui
1011 4056 1192 4120 crediderit
1206 4062 1241 4121 et
1258 4055 1366 4137 bapti-

190 4169 285 4230 zatus
303 4164 416 4240 suerit,
439 4164 554 4230 salvus
577 4167 650 4230 erit.
676 4191 691 4225 o
708 4167 804 4234 ilatio
828 4185 871 4232 ex
890 4169 986 4251 perte
1009 4165 1094 4246 fidei
1115 4169 1181 4240 est,
1204 4169 1244 4229 ut
1269 4164 1367 4229 docet

190 4271 227 4334 b.
240 4271 500 4354 Thomos(l·l·‚
512 4292 544 4356 q.
563 4274 612 4350 tc,
627 4291 657 4339 a.
675 4275 716 4358 8),
734 4275 813 4360 quie
821 4273 961 4340 credere
977 4277 1029 4339 est
1039 4273 1154 4338 liherae
1163 4271 1363 4346 voluntatis;

188 4397 290 4462 porro
313 4378 356 4445 ed
379 4383 493 4446 ectum
514 4381 689 4446 internum
711 4382 858 4448 liberum
878 4382 1038 4448 voluntas
1060 4381 1137 4462 cogi
1155 4398 1224 4445 non
1238 4383 1362 4463 potest.

190 4487 286 4552 Retio
295 4491 438 4571 experte
449 4488 696 4568 jurisdictionis
707 4495 769 4568 est,
781 4491 860 4576 quie
873 4490 1031 4574 princeps
1045 4489 1260 4564 christianus,
1271 4488 1303 4552 vi
1312 4490 1365 4569 ju-

189 4594 392 4662 risdictionis
401 4597 608 4678 temporetis,
617 4603 937 4682 nonpotcstcogere
948 4596 989 4660 ed
1002 4595 1197 4678 spiritualis,
1211 4615 1286 4681 quae
1295 4614 1365 4661 non

189 4704 315 4771 cadunt
324 4707 386 4772 sub
401 4709 606 4789 potestatem
617 4707 827 4792 spiritualem
836 4701 1070 4789 temporalem.
1082 4703 1130 4769 llx
1143 4705 1361 4789 elterpperte,
