3412 5570
540 577 626 624 nem
647 576 774 631 noturus
795 567 1013 623 nscasrmm.
1301 551 1357 620 tor

242 782 273 832 11.
290 778 476 842 ousndonam
491 778 521 830 iu
536 777 629 841 specie
643 777 838 906 ⁰⁰mmm2tu2‘
855 777 964 830 crimen
981 775 1043 828 falsi
1058 775 1112 828 hoc
1127 772 1304 848 quadruplici

726 865 774 907 mo
795 866 811 908 o

230 1027 262 1106 o)
277 1023 506 1090 Committitur
521 1023 618 1101 dicto,
636 1025 772 1108 quando
787 1025 862 1108 quis
878 1022 1040 1088 dolosain
1058 1020 1295 1106 praejudicium
1316 1019 1361 1085 al-

191 1136 296 1199 terius
310 1132 434 1199 falsum
445 1136 584 1216 profert,
599 1135 749 1200 maxime
761 1135 796 1198 in
808 1133 947 1217 judicio.
964 1133 992 1205 Α
1007 1131 1127 1215 triplici
1142 1149 1268 1212 genere
1288 1148 1363 1213 per-

190 1259 363 1317 sonarum,
376 1249 500 1318 ateste,
516 1242 558 1306 ab
573 1241 749 1319 advocato,
762 1259 783 1306 a
786 1241 902 1322 judice
917 1239 1083 1305 committi
1094 1243 1208 1321 potest
1221 1245 1361 1318 tereste,

191 1350 273 1414 dum
286 1351 432 1416 scienter
449 1370 489 1417 ac
511 1351 627 1417 dolose
649 1351 730 1417 dicit
742 1351 867 1417 falsum
884 1350 1119 1417 testimonium
1137 1354 1173 1414 et
1184 1348 1364 1432 supprimit

190 1477 327 1536 verum;
344 1461 386 1525 ab
410 1461 586 1540 advocato,
611 1461 693 1525 dum
715 1481 756 1526 ex
779 1461 858 1526 dolo
878 1461 968 1526 melo
990 1477 1129 1526 causum
1151 1458 1283 1524 clientis
1312 1457 1365 1522 sui

190 1566 262 1632 sive
276 1568 399 1651 prodit,
418 1569 661 1635 dissimulando
676 1570 895 1652 probationes
904 1568 1070 1653 proprias,
1083 1567 1139 1633 vel
1153 1564 1364 1631 admittendo

190 1679 408 1760 probationes
424 1659 458 1744 et
471 1681 688 1763 exceptiones
700 1680 803 1745 falsas
819 1700 826 1756 ;
843 1699 864 1744 a
871 1679 999 1761 judice,
1016 1678 1097 1744 dum
1114 1677 1143 1740 is
1158 1677 1275 1743 dolose
1289 1694 1366 1740 sen-

161 1849 166 1856 .
191 1785 333 1851 tentiam
347 1787 512 1870 injustam
525 1789 724 1872 pronuntiat
739 1795 858 1854 contra
877 1789 982 1870 leges.
1002 1787 1161 1852 Nonnulli
1180 1785 1365 1852 canonistae

191 1894 388 1976 expendunt
410 1915 509 1961 cesus
532 1896 752 1979 particulares
774 1897 810 1961 in
835 1897 957 1980 quibus
981 1900 1096 1971 testes,
1123 1895 1307 1960 advocatus
1332 1899 1366 1959 et

188 2001 297 2084 judex
310 2003 523 2068 committere
539 2009 685 2088 possunt
697 2005 827 2069 crimen
840 2002 928 2068 salsi.
959 1991 962 1998 ’

232 2107 262 2190 b)
277 2107 506 2174 Committitur
518 2111 647 2175 crimen
663 2109 740 2175 falsi
753 2109 886 2195 scripto,
906 2108 1041 2194 quando
1055 2108 1176 2174 littera
1187 2127 1247 2174 seu
1261 2109 1367 2194 quod·

191 2235 338 2301 cumque
361 2218 628 2282 instrumentum
650 2217 767 2283 dolose
783 2216 926 2283 falsetur
944 2219 980 2282 in
999 2223 1244 2283 nocumentum
1264 2218 1364 2282 tertii.

191 2324 259 2389 Hoc
273 2326 311 2388 tlt
324 2327 514 2408 praesertim
524 2327 660 2410 quaudo
674 2327 749 2409 quis
765 2331 980 2405 testamenta,
995 2327 1368 2410 iustrumentapublioe

191 2433 300 2510 falsat,
318 2433 374 2498 vel
387 2433 472 2500 falsa
488 2435 614 2513 scribit,
630 2435 753 2516 signat,
770 2435 905 2519 subjicit
920 2435 972 2499 :vl
985 2455 1018 2518 g.
1031 2437 1089 2520 qui
1103 2434 1138 2499 in
1149 2440 1364 2514 testamento,

192 2541 227 2604 in
242 2542 295 2606 sui
309 2542 365 2606 vel
382 2541 521 2606 alterius
540 2543 696 2623 gratiam,
713 2543 899 2608 notabilem
918 2543 1067 2628 aliquam
1087 2544 1269 2609 falsitatem
1289 2543 1367 2609 dolo

192 2648 283 2715 malo
298 2649 486 2726 immiscet;
501 2651 558 2734 qui
571 2649 682 2714 aliena
693 2650 931 2728 instrumente,
946 2653 1108 2728 rationes,
1127 2657 1203 2728 etc,
1225 2653 1260 2715 in
1272 2656 1368 2734 parte

192 2757 307 2842 aliqua
333 2757 581 2835 considerabili,
608 2759 705 2836 radit,
735 2759 909 2837 immutat,
939 2759 1067 2826 lacerat
1091 2760 1146 2825 vel
1175 2760 1366 2843 supprimit.

194 2865 336 2932 Mendici
351 2865 408 2949 qui
429 2866 465 2930 in
487 2865 609 2930 littoris
630 2867 844 2933 mentiuntur
864 2886 982 2932 casum
1003 2867 1182 2932 fortuitum
1206 2866 1366 2944 incendii,

194 2974 316 3064 morbi,
326 2977 402 3048 etc,
419 2976 458 3036 ut
473 2973 596 3056 stipem
610 2974 781 3056 publicam
796 2975 1023 3052 emendicent,
1040 2975 1181 3040 suntrei
1193 2974 1269 3040 falsi
1284 2993 1369 3058 prae-

196 3082 314 3148 sertim
330 3081 412 3148 dum
426 3080 547 3145 litteris
565 3085 600 3146 et
614 3081 732 3163 sigillis
754 3081 872 3146 alienis
887 3083 1035 3148 adhunc
1056 3083 1162 3148 linem
1180 3081 1368 3164 decipiendi

196 3190 393 3254 abutuntur.
404 3188 467 3265 Qui
477 3189 627 3272 privatas
641 3188 784 3272 alicujus
797 3189 928 3254 litteras
944 3190 1137 3272 desigillant
1149 3195 1183 3255 et
1199 3190 1367 3274 aperiunt,

196 3315 266 3361 non
284 3302 445 3362 tenentur
457 3297 598 3362 crimine
614 3296 701 3373 falsi,
718 3297 797 3362 licet
810 3298 875 3363 hoc
896 3299 971 3362 sseri
989 3316 1059 3363 non
1077 3299 1187 3382 possit
1202 3299 1275 3364 sine
1294 3317 1370 3380 pec

197 3410 271 3470 cato
288 3411 321 3471 et
335 3405 459 3488 injuria
473 3403 563 3468 illius
577 3404 620 3469 ad
636 3404 874 3488 quemlitterae
888 3405 1070 3490 pertinent.

238 3513 372 3580 Crimen
392 3513 468 3579 falsi
482 3513 706 3579 committitur
724 3513 913 3598 praesertim
927 3514 963 3578 in
983 3514 1161 3579 falsatione
1182 3514 1371 3582 litterarum

198 3622 600 3708 apostolicarum‚nempe
608 3620 1276 3712 inearumdemlitterarumconiectioue,
1287 3624 1372 3690 falsa

200 3729 413 3812 sigillatione,
431 3736 494 3796 etc.
510 3731 573 3796 Per
586 3730 727 3808 litteras,
744 3731 944 3814 apostolicas
962 3731 1016 3796 hic
1034 3731 1271 3814 intelliguntur
1283 3751 1371 3817 quae-

176 3865 181 3872 ·
199 3857 345 3923 cumque
359 3840 530 3924 rescripta,
544 3839 656 3916 bullae,
674 3841 800 3916 brevia,
827 3843 898 3904 tem
921 3839 1066 3922 gratiam
1088 3859 1190 3924 quam
1204 3841 1372 3925 J'ustitiem

199 3949 448 4026 concernentia,
459 3967 533 4032 quae
545 3949 683 4014 nomine
698 3947 795 4031 Papae
811 3947 1050 4030 expediuntur,
1066 3953 1099 4013 et
1110 3949 1371 4032 supplicationes

200 4075 276 4140 quse
290 4057 354 4139 ipsi
373 4057 564 4120 afferuntur
579 4060 613 4122 et
632 4057 674 4120 ab
690 4073 731 4120 eo
746 4055 801 4119 vel
816 4055 853 4119 R.
870 4055 904 4118 Ε.
924 4056 1213 4122 vicecancellario
1238 4075 1373 4122 eorum-

200 4185 266 4250 que
281 4165 354 4231 vice
369 4166 577 4247 gerentibus,
594 4170 654 4230 aut
668 4165 709 4230 de
725 4165 886 4230 mandato
906 4165 1004 4248 Pepae
1019 4167 1216 4246 signantur;
1234 4166 1294 4230 sed
1309 4183 1372 4249 pro

199 4273 322 4340 talibus
337 4292 406 4338 non
421 4278 621 4355 reputantur
631 4273 751 4338 litterce
765 4272 819 4337 SS.
833 4271 954 4355 Congr.
967 4272 1083 4350 Quoad
1094 4273 1271 4337 materiam
1282 4271 1372 4337 illius

199 4383 360 4459 criminis,
377 4383 483 4446 tribus
497 4381 608 4446 modis
623 4381 771 4466 irrepere
790 4385 905 4464 potest
917 4378 1061 4458 falsatio,
1079 4379 1205 4444 scilicet
1223 4397 1373 4444 corrum-

200 4491 313 4576 pendo
328 4497 362 4556 ct
374 4488 611 4565 adulterando,
624 4488 851 4570 confingendo
867 4492 900 4552 et
909 4486 1123 4570 publicando,
1136 4485 1274 4552 undam
1286 4486 1371 4553 falso
1453 4479 1456 4486 ’

202 4599 368 4683 signando
383 4597 655 4682 supplicationes.
679 4597 808 4662 Sufficit
821 4614 919 4662 rasus
931 4613 1117 4681 paucarum
1134 4593 1324 4660 litterarum
1338 4599 1373 4660 et

203 4709 305 4775 unius
324 4707 470 4794 syllebae,
492 4705 613 4772 saltem
631 4704 658 4770 si
678 4723 798 4770 sensus
818 4704 943 4788 aPapa
962 4703 1114 4768 intentus
1128 4703 1232 4802 luerit
1251 4703 1371 4772 immu-
