3418 5566
597 617 684 701 crasa
705 617 832 671 carmus
853 615 1075 662 nncanracrun.
1363 598 1423 664 309

254 735 352 800 sario.
369 733 523 800 Eaetarno
538 739 590 799 ast
608 734 665 800 illa
679 752 754 817 quae
764 733 954 816 prorumpit
967 732 1002 797 in
1017 736 1130 798 actum
1143 738 1333 809 externum,
1349 734 1421 798 slve

253 843 341 908 tacto
357 844 428 907 sive
443 844 548 908 verbo
560 844 730 908 indicente
745 845 914 908 internam
927 841 1096 906 haeresim.
1113 841 1281 924 Sequitur,

293 953 324 1015 1ο
340 952 437 1027 Quod
450 947 592 1019 externa
603 952 754 1029 hamale,
772 951 844 1016 sola
858 951 1076 1034 expressione
1091 968 1153 1032 per
1167 951 1303 1030 signum
1314 955 1424 1015 exter-

253 1077 337 1122 num
350 1059 448 1135 lacta,
466 1078 589 1142 nempe
612 1059 685 1124 solo
704 1060 802 1140 signo
823 1063 975 1132 externo,
997 1057 1172 1122 ementati
1190 1056 1321 1132 differt;
1342 1075 1423 1122 nam

252 1167 288 1230 in
303 1167 514 1231 substantiali
536 1165 756 1232 malitiosum
776 1165 834 1230 illa
855 1165 1039 1229 convenit:
1063 1165 1153 1228 unde
1173 1169 1350 1248 peccatum
1370 1169 1424 1230 est

254 1273 411 1356 ejusdem
422 1273 557 1357 speciei.

292 1383 323 1446 2⁰
337 1383 388 1446 ad
400 1383 560 1446 haresim
572 1383 608 1445 in
617 1383 692 1447 loro
703 1386 845 1446 externo
856 1381 982 1465 requiri
993 1381 1160 1464 imprimis
1173 1386 1212 1445 ut
1228 1382 1303 1464 quis
1317 1383 1421 1464 ponat

173 1482 175 1499 ¹
253 1496 366 1556 actum
385 1495 566 1554 externum
580 1490 621 1554 de
636 1507 673 1554 se
694 1493 729 1554 et
747 1489 784 1552 in
806 1489 937 1554 ratione
961 1493 1055 1553 actus
1078 1489 1209 1554 externi
1232 1488 1420 1554 mortaliter
1534 1515 1538 1526 ·

251 1598 547 1682 peccaminosum3
563 1597 684 1662 deinde
699 1601 737 1660 ut
755 1601 850 1660 actus
871 1595 937 1673 ille,
955 1595 1176 1660 consideratis
1198 1597 1419 1660 circumstan-

252 1707 307 1769 tiis
322 1707 357 1770 in
373 1706 495 1790 quihus
516 1704 656 1780 elicitur,
678 1704 839 1787 procedat
857 1721 900 1768 ex
918 1703 1107 1767 intentione
1124 1702 1304 1786 profitendi
1315 1703 1420 1766 haare-

253 1814 327 1890 sim,
345 1818 380 1877 61
395 1813 617 1878 determinate
638 1812 804 1892 significet
821 1810 985 1874 latentem
1004 1810 1172 1875 inanimo
1197 1808 1365 1873 haeresim.
1388 1807 1421 1871 Si
1513 1826 1520 1842 ·

253 1939 334 2002 ergo
350 1926 508 2002 ageretur
524 1921 564 1984 de
579 1923 656 1985 actu
669 1920 726 2003 qui
741 1924 863 1983 natura
877 1937 939 1982 sua
953 1935 1022 1982 non
1038 1923 1129 1983 esset
1152 1917 1347 1982 immediate
1366 1933 1421 1980 ex-

251 2029 382 2112 pressio
398 2046 459 2092 seu
470 2029 604 2111 propria
621 2026 850 2091 manifestatio
868 2025 1019 2100 haeresis,
1043 2029 1090 2103 ut,
1106 2044 1138 2087 v.
1162 2044 1194 2106 g.
1214 2023 1419 2088 manducare

252 2145 389 2199 carnem
404 2134 457 2199 die
471 2135 621 2211 Veneris,
644 2151 713 2198 non
728 2133 843 2198 statim
862 2130 1066 2216 judicandus
1090 2136 1142 2196 est
1161 2132 1339 2196 haereticus
1364 2129 1420 2213 qui
1504 2163 1510 2178 ·

254 2243 356 2308 talem
371 2248 484 2307 actum
500 2242 599 2307 elicit.

297 2351 326 2434 b)
341 2351 508 2414 Dividitur
529 2351 631 2414 etiam
641 2351 676 2412 in
688 2350 901 2413 materialem
917 2356 951 2412 et
962 2347 1153 2430 samuelem.
1170 2345 1358 2414 Materiam
1372 2349 1424 2408 est

252 2459 416 2523 duntaxat
436 2476 531 2522 error
550 2459 585 2521 in
607 2457 779 2522 intellectu
798 2459 869 2521 sine
892 2458 1076 2540 pertinacia
1096 2457 1131 2520 in
1151 2454 1343 2528 voluntate;
1365 2451 1422 2516 ille

252 2584 333 2646 ergo
356 2571 407 2630 est
428 2565 648 2630 materialiter
671 2566 860 2640 haereticus,
885 2565 1005 2649 quiex
1028 2563 1240 2648 simplicitate
1256 2561 1311 2625 vel
1332 2559 1422 2625 mala

249 2674 472 2762 instructione
487 2678 576 2738 errat
590 2674 626 2737 in
638 2673 751 2757 aliquo
766 2673 907 2752 articulo
923 2672 1010 2736 lldei.
1026 2670 1191 2736 Formults
1204 2669 1345 2734 haeresis
1359 2667 1416 2733 illa

167 2799 171 2812 ·
251 2787 303 2845 est
325 2782 360 2845 in
382 2800 448 2866 qua
468 2781 686 2845 verificantur
705 2797 824 2844 omnes
848 2779 1060 2844 conditiones
1085 2777 1290 2842 delinitionis
1319 2793 1422 2859 supra

253 2888 367 2952 data:
394 2887 503 2976 ¹errori
535 2887 726 2951 intellectus
753 2886 847 2950 addit
880 2886 1100 2972 pertinaciam
1131 2883 1335 2958 voluntatis3
1369 2886 1423 2946 est
1476 2949 1481 2957 ,

250 2997 389 3060 haeresis
403 2996 539 3080 proprie
557 2995 654 3070 dicta,
679 2994 721 3058 de
744 3013 812 3078 qua
829 2993 953 3058 directe
973 2994 1084 3074 agitur
1104 2993 1138 3056 in
1152 2993 1217 3056 hoc
1231 2990 1340 3055 titulo.
1364 2989 1420 3054 Se·
1453 2969 1458 2978 ’

253 3106 376 3188 quitur,

291 3214 322 3276 1⁰
338 3212 434 3289 Quod
447 3213 503 3277 ille
518 3217 570 3276 est
583 3212 771 3277 formaliter
786 3212 975 3288 haereticus,
992 3212 1049 3295 qui
1064 3211 1210 3275 scienter
1226 3213 1261 3274 61
1274 3207 1421 3292 pertina-

252 3321 335 3385 citer
348 3319 475 3404 aliquid
488 3319 697 3384 contrarium
712 3323 806 3384 tenet
821 3317 970 3392 articulis
983 3318 1073 3381 tidei.

170 3451 171 3456 ¹
291 3427 324 3490 2⁰
337 3427 522 3491 Materiales
533 3425 683 3490 haretici
698 3425 830 3502 dantur,
846 3444 915 3490 non
930 3430 1063 3489 tanturn
1077 3425 1166 3490 inter
1179 3423 1310 3508 aliquos
1320 3421 1423 3485 rudes

254 3539 287 3598 et
301 3533 469 3617 simplices
484 3535 678 3608 catholicos,
698 3533 756 3598 sed
774 3534 876 3598 etiam
895 3523 985 3596 inter
1001 3532 1210 3609 lutheranae,
1228 3529 1422 3596 calvinistae

254 3647 288 3705 et
309 3642 393 3706 alios
418 3643 589 3717 sectarios,
622 3643 649 3704 si
676 3642 724 3706 eis
752 3641 866 3705 nullus
892 3642 1032 3706 omnino
1064 3639 1241 3723 scrupulus
1270 3641 1424 3702 occurrat

254 3748 344 3832 quod
360 3755 473 3814 errent
487 3751 522 3812 in
536 3750 638 3814 rebus
649 3749 728 3814 fidei
744 3754 802 3814 aut
816 3748 859 3813 ad
870 3748 991 3813 falsam
1003 3753 1130 3813 sectam
1139 3748 1341 3832 pertineant.

742 3973 877 4034 SECTIO
899 3974 938 4034 ll.

286 4116 334 4168 ita
345 4117 647 4170 communicatione
660 4115 754 4168 licita
770 4118 805 4168 et
820 4115 940 4168 illicita
952 4114 1106 4168 fidelium
1122 4127 1199 4166 oum
1212 4111 1388 4165 masticis.

430 4273 449 4321 l.
465 4272 504 4322 116
515 4269 580 4334 jura
594 4269 715 4322 civitatis
728 4269 869 4324 hereticis
883 4270 983 4322 collato
998 4269 1072 4321 inter
1086 4267 1249 4320 catholicos.

297 4386 904 4486 1163116116·16116116116161161
917 4421 987 4467 non
1002 4407 1084 4488 sunt
1096 4399 1262 4466 tolerandi
1278 4399 1313 4462 in
1328 4397 1426 4461 terris

256 4511 517 4578 catholicorum:
535 4514 667 4574 constat
682 4530 724 4574 ex
737 4511 839 4574 variis
850 4510 995 4592 juribus,
1014 4525 1075 4574 seu
1087 4505 1277 4588 generatim
1294 4520 1337 4568 ex
1353 4506 1424 4568 toto

256 4621 321 4684 hoc
335 4617 442 4695 titulo,
459 4622 493 4681 et
506 4618 680 4700 speciatim
696 4637 738 4681 ex
752 4636 779 4681 c.
796 4617 862 4681 tlh.
880 4622 903 4680 t.
927 4620 961 4680 et
974 4634 1045 4697 cap.
1067 4616 1101 4677 ll
1124 4613 1231 4696 ejusd.
1259 4612 1309 4674 tit.
1331 4611 1367 4684 in
1382 4611 1424 4690 6⁰.

258 4727 354 4791 Ratio
370 4731 431 4802 est,
448 4726 527 4809 quia
542 4726 653 4808 ipsum
664 4727 721 4807 jus
737 4723 889 4789 naturale
905 4723 1006 4786 dictat
1029 4725 1067 4785 ut
1080 4721 1172 4785 noxii
1188 4718 1379 4802 reipublice
1394 4721 1429 4781 et
1554 4701 1555 4704 ¹
