3514 5564
393 615 450 680 llll
849 633 902 680 rus
923 635 1104 682 canomcuu.

391 746 461 816 lam
477 752 673 836 perfectam,
698 751 733 816 in
749 752 886 836 optione
900 753 1004 820 habet
1017 753 1218 820 contrahere
1234 753 1423 818 secundum
1443 753 1566 818 alteru-

329 942 334 968 ι
359 839 361 852 ’
392 865 484 926 trum
498 878 634 936 sexum;
651 877 718 943 qua
730 859 896 925 electione
907 863 1006 939 facta,
1022 862 1154 927 variare
1168 880 1238 928 non
1248 864 1371 946 potest,
1388 865 1567 926 ettenetur

391 972 554 1050 praestare
567 969 853 1051 juramentumde
865 987 936 1033 non
946 969 1120 1034 variando.
1134 968 1167 1032 Si
1184 975 1300 1034 tamen
1310 969 1434 1034 viduus
1444 971 1564 1046 iactura,

391 1079 510 1139 contra
535 1077 770 1158 juramentum
802 1075 915 1140 illicite
943 1078 1159 1142 contraheret
1195 1075 1384 1142 secuudum
1421 1075 1567 1142 alterum

391 1200 523 1258 sexum,
548 1182 678 1247 valeret
697 1184 965 1260 matrimonium,
991 1201 1071 1250 curn
1086 1184 1180 1248 nullo
1204 1186 1282 1268 jure
1307 1184 1467 1248 irritetur.
1482 1184 1524 1249 At
1539 1185 1566 1250 si

391 1291 477 1356 alter
491 1309 594 1356 sexus
608 1291 656 1355 ita
668 1291 862 1374 praevaleat,
886 1297 925 1356 ut
941 1293 1130 1360 secundum
1157 1293 1303 1357 alterurn
1325 1298 1474 1376 nequeat
1490 1312 1566 1378 per-

390 1401 477 1464 lecte
492 1401 594 1476 coire,
611 1404 747 1464 tenetur
765 1400 989 1467 determinate
1008 1402 1209 1467 contrahere
1232 1401 1421 1467 secundum
1445 1420 1566 1466 sexum

390 1507 645 1594 praevalentem,
661 1527 740 1573 cum
755 1510 943 1575 secundum
959 1511 1105 1576 alterurn
1120 1511 1164 1574 sit
1180 1489 1363 1595 impotens.

420 1691 463 1741 iv.
482 1690 627 1750 Quomodo
643 1689 772 1744 iacienda
785 1691 823 1744 sit
836 1690 982 1746 dissolutio
999 1692 1174 1746 matrimonii
1190 1704 1223 1744 ex
1238 1701 1325 1752 causa
1338 1691 1536 1756 impotentia?

430 1832 528 1917 Resp.
547 1835 575 1897 l.
591 1835 676 1898 Fieri
694 1835 795 1899 debet
808 1837 1008 1902 auctoritate
1023 1836 1190 1912 Ecclesia,
1203 1855 1282 1900 cum
1296 1837 1340 1900 sit
1354 1853 1457 1900 causa
1472 1836 1567 1921 spiri-

390 1940 501 2016 tualis,
520 1945 554 2005 et
569 1941 706 2025 quidem
721 1943 933 2023 gravissima.
956 1945 989 2008 2⁰
1013 1943 1209 2010 Reclamarc
1225 1947 1339 2027 potest
1359 1945 1422 2018 vir,
1443 1944 1512 2008 imo
1533 1948 1567 2008 ct

389 2049 522 2126 mulier,
549 2051 612 2114 etsi
635 2051 835 2134 impotentia
857 2071 893 2118 se
917 2057 1033 2118 teneat
1057 2059 1209 2139 exparte
1226 2052 1465 2118 reclamantis:
1488 2053 1567 2136 quia

389 2158 567 2242 utriusque
592 2159 735 2223 interest
757 2159 906 2244 separari
921 2161 963 2226 ab
982 2179 1023 2226 eo
1045 2161 1102 2245 qui
1122 2179 1205 2224 suus
1223 2163 1351 2244 conJux
1365 2177 1435 2224 non
1449 2165 1515 2235 est,
1533 2165 1568 2223 ct

390 2267 580 2350 praesertim
594 2268 666 2344 viri,
685 2288 728 2333 ne
743 2274 885 2350 cogatur
908 2270 952 2334 ad
967 2288 1072 2334 onera
1092 2269 1310 2335 matrimonii.
1328 2269 1360 2334 3ο
1375 2269 1408 2332 Si
1423 2272 1566 2352 uterque

389 2377 516 2457 conjux
527 2377 676 2440 fateatur
688 2377 927 2459 impotentiam
939 2378 1071 2453 adesse,
1083 2377 1242 2441 audiendi
1255 2363 1336 2440 sunt
1349 2393 1565 2460 quocumque

389 2484 553 2565 tempore,
572 2485 675 2548 etiam
689 2491 767 2569 post
786 2486 912 2556 multos
929 2505 1061 2552 annos:
1085 2504 1152 2571 quo
1168 2504 1269 2551 sensu
1290 2485 1441 2570 procedit
1462 2484 1567 2566 capii

389 2595 424 2654 et
437 2591 495 2655 lin.
511 2591 545 2654 h.
563 2596 586 2654 t.
605 2592 637 2655 Si
652 2611 742 2658 unus
758 2597 890 2658 tantum
906 2595 1093 2678 proclamat
1107 2600 1186 2660 ante
1203 2593 1388 2658 triennium
1411 2598 1445 2657 et
1466 2590 1567 2656 simul

391 2700 490 2764 allent
506 2699 604 2782 signa
614 2706 706 2766 certa
719 2704 939 2786 impotentiae,
950 2703 1006 2768 vel
1021 2705 1142 2769 saltem
1157 2701 1366 2782 verisimilia,
1376 2701 1565 2766 audiendus

391 2813 444 2871 est
458 2813 535 2872 ante
552 2811 736 2874 triennium
752 2817 786 2875 et
807 2811 916 2876 multo
931 2813 1041 2894 magis
1056 2816 1135 2896 post
1151 2810 1245 2886 illud,
1263 2809 1406 2876 dicendo
1422 2813 1493 2874 toto
1509 2807 1566 2872 illo

389 2918 598 3000 probationis
609 2922 760 3002 tempore
775 2919 933 3002 copulam
947 2921 1064 3004 perllci
1078 2919 1308 3004 nonpotuisse
1325 2939 1332 2980 :
1346 2917 1491 2982 itaclare
1501 2917 1568 2980 col·

389 3024 505 3106 ligitur
520 3045 563 3089 ex
577 3026 632 3089 cit.
652 3045 680 3090 c.
698 3028 717 3090 6
734 3032 769 3092 et
782 3029 840 3092 ssn.
858 3029 891 3091 h.
911 3033 932 3092 t.
955 3029 997 3092 At
1012 3029 1040 3092 si
1055 3027 1269 3112 proclamans
1284 3031 1363 3091 ante
1379 3025 1565 3090 triennium

389 3133 489 3196 affert
505 3136 639 3198 tanturn
654 3133 756 3200 dubia
774 3137 873 3218 signa
886 3137 1108 3219 impotentiae,
1129 3153 1199 3200 non
1214 3133 1350 3200 auditur
1370 3138 1449 3198 ante
1465 3134 1566 3196 trien-

389 3243 496 3316 nium,
510 3242 570 3306 sed
585 3241 773 3325 imponitur
788 3245 818 3308 ei
829 3245 1005 3309 triennalis
1021 3244 1183 3328 probatio,
1197 3249 1235 3306 ut
1248 3245 1338 3308 intra
1350 3243 1415 3307 boc
1430 3246 1566 3324 tempus

388 3349 509 3431 probet
520 3351 854 3416 consummationem
874 3353 1016 3436 copulae.
1033 3353 1106 3430 Quo
1129 3369 1232 3416 sensu
1246 3351 1399 3435 procedit
1410 3368 1438 3414 c.
1454 3351 1514 3414 lh.
1529 3353 1564 3426 t,

389 3461 490 3540 atque
519 3457 566 3522 ita
593 3456 721 3522 tollitur
742 3461 930 3525 antinomia
949 3461 1038 3526 circa
1063 3467 1197 3544 tempus
1225 3459 1432 3524 reclamandi
1455 3457 1491 3521 in
1513 3458 1586 3530 his¹

386 3565 521 3647 juribus
531 3585 710 3650 apparens.
725 3568 793 3633 Hoc
808 3571 1002 3644 triennium,
1018 3590 1060 3634 ex
1075 3589 1103 3634 c.
1118 3571 1183 3634 ab.
1198 3575 1234 3644 t.,
1249 3573 1499 3652 computatore
1513 3565 1566 3629 dia

389 3676 563 3738 attentatae
582 3673 722 3756 copulae,
744 3676 809 3752 vel,
830 3681 930 3760 juxta
947 3680 1080 3762 praxim
1098 3677 1205 3744 Curiae
1220 3677 1330 3754 Rom,
1348 3695 1368 3740 a
1389 3675 1442 3741 die
1462 3675 1566 3740 inter-

390 3780 491 3861 positi
506 3779 642 3854 decreti,
661 3787 779 3867 estque
795 3785 969 3850 moraliter
982 3787 1194 3862 continuum,
1207 3803 1246 3849 ac
1259 3783 1401 3868 proinde
1412 3781 1567 3846 absentia
1651 3811 1657 3822 ·

389 3888 492 3951 unius
512 3888 568 3953 vel
591 3888 730 3954 alterius
755 3893 970 3976 septimanae,
993 3895 1048 3959 vel
1075 3896 1179 3959 etiarn
1202 3894 1305 3958 unius
1326 3891 1471 3966 mensis,
1497 3907 1566 3952 non

389 4001 549 4060 censetur
561 3997 645 4062 illud
659 3999 918 4087 interrumpere.
937 4004 970 4068 si
985 4023 1067 4069 vero
1081 4004 1217 4085 longior
1228 4003 1294 4066 suit
1305 3999 1470 4076 absentia,
1489 4017 1567 4081 sup-

389 4103 513 4186 plenda
528 4110 580 4169 est
593 4112 671 4190 post
686 4111 881 4176 triennium.
894 4113 925 4176 4⁰
939 4113 1062 4177 Exacto
1079 4112 1237 4186 triennio,
1251 4109 1452 4194 impotentia
1465 4107 1565 4190 plene

389 4213 564 4294 probanda
581 4221 633 4279 est
656 4217 889 4301 exploratione
904 4220 1116 4286 medicorum
1136 4225 1171 4284 et
1189 4223 1425 4283 matronarum
1443 4217 1581 4281 hones-¹

390 4324 513 4399 tarum,
531 4342 551 4388 a
571 4326 697 4418 judice
710 4327 947 4406 ecclesiastico,
975 4333 1074 4414 cujus
1093 4330 1204 4394 vicem
1232 4333 1349 4409 agunt,
1367 4325 1562 4398 electarum,

391 4445 559 4515 suumque
586 4436 820 4502 testimonium
846 4439 929 4503 dant
951 4442 1147 4522 juramento
1174 4440 1359 4502 firmatum.
1387 4432 1566 4498 Sufficiunt

391 4544 506 4602 autem
531 4541 606 4606 duae
633 4545 788 4612 honestae
828 4548 1003 4626 matronae,
1033 4549 1112 4634 quia
1147 4547 1293 4612 duorum
1330 4540 1565 4609 testimonium

389 4663 511 4711 verum
533 4655 600 4726 est,
623 4671 685 4716 nec
707 4673 735 4719 c.
752 4655 773 4718 l
792 4656 825 4718 b.
844 4661 866 4720 t.
884 4657 1078 4740 praecipitur
1099 4662 1232 4739 septem
1254 4652 1454 4719 obstetrices
1473 4646 1565 4714 adhi-

391 4751 474 4830 beri,
487 4755 547 4819 sed
560 4758 687 4860 lactum
703 4761 744 4827 de
759 4762 825 4827 illis
839 4765 996 4830 adhibitis
1011 4769 1178 4829 narratur.
