3388 5582
303 590 364 656 1198
524 641 529 660 ,
761 605 812 652 sus
832 599 1013 652 1111111111.

305 724 459 811 sequitur
481 723 571 808 quod
585 726 757 808 parentes,
773 721 913 797 domini,
930 716 1134 804 superiores,
1151 716 1266 794 duces,
1289 713 1480 816 communi-

303 849 380 898 care
395 837 539 916 possunt
552 850 632 896 cum
649 830 877 896 inferioribus.

345 941 430 1005 Sunt
449 943 564 1004 tamen
589 938 747 1023 quaedam
767 935 1133 1018 distinctionesquoad
1152 937 1317 1016 conjuges
1338 953 1345 997 :
1366 935 1394 998 si
1416 953 1479 1016 per

304 1049 488 1115 divortium
502 1047 571 1111 sint
585 1047 742 1130 separati,
759 1047 787 1110 si
807 1045 1112 1110 excommunicatio
1126 1043 1194 1108 lata
1215 1043 1259 1108 sit
1273 1043 1316 1107 ob
1336 1043 1477 1106 dubium

302 1157 429 1223 valoris
440 1155 660 1230 matrimonii,
671 1153 728 1218 vel
737 1158 876 1237 propter
886 1152 1044 1216 haeresim
1055 1151 1373 1234 alterius'conjugis,
1386 1167 1477 1214 com-

302 1263 488 1329 municatio
508 1266 664 1326 remanet
680 1262 859 1344 prohibita.
884 1259 916 1323 S.
933 1259 1003 1340 Lig.
1021 1258 1056 1340 (l.
1074 1259 1253 1337 1.,11.909)
1276 1258 1413 1340 quaerit,
1430 1275 1476 1322 an

295 1375 393 1458 ‚inter
405 1375 570 1455 conjuges
584 1371 676 1435 licita
690 1371 735 1435 sit
748 1369 1010 1434 communicatio
1024 1367 1061 1431 in
1075 1367 1208 1443 divinis,
1224 1370 1260 1430 et
1271 1367 1477 1430 sententiam
1550 1425 1551 1428 ,

302 1484 489 1562 negantem
511 1479 693 1564 approbat;
714 1483 758 1554 et,
783 1495 825 1542 ex
848 1474 955 1541 altera
974 1481 1080 1560 parte,
1100 1475 1198 1540 docet
1213 1475 1397 1556 conjugem
1418 1475 1476 1557 qui

304 1588 450 1653 scienter
468 1588 585 1671 nupsit
601 1604 679 1652 cum
701 1583 1006 1660 excommunicato,
1022 1601 1124 1668 posse
1143 1583 1301 1666 deinceps
1324 1599 1474 1646 commu-

302 1697 417 1760 nicare
440 1714 518 1760 cum
537 1695 610 1771 illo,
628 1695 708 1780 quia
729 1719 745 1752 1
769 1693 826 1758 lex
845 1717 861 1750 s
878 1693 1072 1758 indistincte
1095 1690 1250 1757 concedit
1271 1690 1476 1773 conjugibus

302 1802 500 1869 facultatem
513 1803 798 1869 communicandi.

341 1910 701 1994 Ipnoranticexcusat,
709 1917 856 1996 utsupra
866 1911 1064 1986 dictumest,
1074 1909 1115 1974 de
1125 1909 1279 1974 censuris
1291 1899 1473 1989 ing'enere.

341 2019 529 2089 Necessitas
542 2019 667 2102 gravis,
684 2019 867 2104 spiritualis
882 2019 938 2084 vel
958 2017 1165 2102 temporalis,
1191 2017 1261 2082 sive
1279 2033 1478 2081 excommu-

301 2126 405 2192 nicati
420 2128 491 2192 sive
506 2127 665 2203 aliorum;
682 2127 742 2192 sed
751 2128 934 2212 requiritur
946 2132 984 2191 ut
996 2126 1069 2190 haec
1083 2125 1268 2191 necessitas
1283 2141 1354 2190 non
1368 2122 1476 2206 possit

302 2253 400 2321 saque
414 2234 502 2301 bene
516 2237 641 2301 auferri
655 2255 717 2320 per
730 2236 815 2302 alios
830 2255 900 2302 non
915 2235 1239 2302 excommunicatos.

343 2343 376 2426 p)
400 2341 476 2406 lstis
498 2361 558 2406 sex
576 2343 740 2426 proximis
761 2345 938 2408 effectibus
959 2343 1037 2408 addi
1050 2345 1196 2427 possunt
1210 2347 1280 2406 tres
1295 2341 1351 2406 alii
1364 2356 1475 2406 remo-

302 2451 417 2526 tiores,
434 2468 510 2533 quae
535 2451 679 2514 veniunt
699 2468 742 2514 ex
762 2450 1029 2515 insordescentia
1051 2450 1088 2514 in
1111 2447 1472 2514 excommunicatione.

300 2557 395 2638 (Vide
410 2557 551 2622 effectus
565 2557 732 2624 mediatos
746 2559 836 2642 apud
851 2559 882 2623 S.
898 2559 978 2640 lig,
996 2559 1016 2622 1.
1030 2575 1071 2634 1.,
1086 2575 1120 2621 n.
1137 2557 1221 2636 151.)

342 2666 707 2732 1⁰Excommunicatus
721 2685 924 2752 perannum
938 2683 1162 2751 perseverans
1183 2665 1220 2729 in
1242 2666 1475 2730 excommuni-

301 2773 447 2851 catione,
471 2774 661 2858 specialiter
682 2775 751 2841 lata
773 2775 815 2839 ab
841 2775 991 2850 homine,
1017 2775 1056 2837 111
1079 2777 1258 2856 suspectus
1287 2771 1329 2836 de
1351 2773 1473 2837 haeresi

302 2879 459 2964 (c.T1id.,
478 2900 562 2947 sess.
581 2885 630 2959 91,
647 2903 675 2948 1.
692 2885 724 2959 3,
746 2883 787 2946 de
806 2881 907 2964 Res.).
923 2879 1049 2947 Tamen
1063 2887 1143 2947 ante
1163 2881 1361 2946 citationem
1377 2885 1416 2944 ut
1435 2899 1472 2945 se

300 2994 425 3072 purget
438 2991 480 3054 ab
494 2989 557 3054 hac
571 2991 774 3073 suspicione,
791 2989 849 3054 illa
864 2989 1009 3072 suspicio
1024 2993 1183 3054 censetur
1200 2987 1297 3053 levis.
1324 2988 1401 3053 llaec
1414 3006 1475 3053 an-

300 3096 668 3163 nalisinsordescentia

295 3217 300 3232 ·
339 3207 373 3270 9⁰
395 3204 518 3272 Probat
532 3206 692 3272 delictum
712 3225 773 3273 seu
787 3227 927 3274 causam
943 3208 987 3272 ob
1008 3225 1111 3292 quam
1124 3208 1189 3272 iuit
1203 3207 1475 3272 excommunica-

300 3318 372 3390 tus;
399 3314 479 3380 inde
500 3315 573 3381 haec
596 3334 710 3381 annua
730 3317 986 3399 perseverantia
1006 3315 1190 3400 aequivalet
1207 3315 1414 3380 confessioni
1436 3314 1474 3378 in

297 3423 427 3504 judicio
445 3423 536 3506 (can.
556 3423 697 3505 Rursus,
719 3426 773 3500 36,
796 3430 830 3489 11
852 3443 927 3489 can.
951 3424 1002 3500 37,
1025 3441 1129 3490 causa
1149 3426 1205 3500 11,
1225 3444 1257 3509 q.
1279 3423 1327 3506 3).
1337 3422 1475 3501 ,Tamen

300 3529 538 3595 admitteretur
550 3532 592 3595 ad
607 3532 817 3615 probandam
835 3532 1077 3598 innocentiam.
1418 3547 1420 3553 '

341 3636 374 3699 3·
394 3635 712 3704 Excommunicatus
732 3640 878 3705 triennio
899 3659 1125 3723 perseverans
1143 3641 1179 3705 in
1204 3639 1476 3704 excommunica-

301 3744 394 3809 tione
409 3745 510 3809 debet
530 3747 673 3828 ajudice
689 3749 813 3830 privari
829 3749 988 3814 omnibus
1003 3750 1188 3827 beneflciis,
1214 3750 1294 3833 quia
1311 3750 1475 3832 indignus

302 3857 355 3916 est
373 3857 412 3916 ut
427 3853 592 3918 fructibus
606 3855 760 3920 Ecclesiae
771 3858 930 3938 gaudeat,
946 3859 1002 3942 qui
1019 3864 1072 3922 est
1085 3858 1220 3922 rebellis
1232 3863 1351 3923 contra
1363 3858 1475 3924 Eccle-

301 3960 387 4024 siam
404 3961 440 4042 (c.
453 3961 484 4036 8,
501 3961 668 4026 deAEtate
682 3972 715 4026 et
729 3965 875 4048 qualit).
892 3965 975 4042 lmo,
993 3984 1035 4029 ex
1049 3964 1107 4030 illo
1121 3967 1230 4048 capite
1242 3965 1350 4048 judex
1359 3985 1474 4050 procc-

302 4067 380 4132 dere
392 4074 509 4150 posset
522 4069 565 4134 ad
578 4088 716 4153 pmnam
725 4071 924 4153 privationis
939 4075 982 4137 ob
997 4073 1155 4138 annalem
1170 4075 1471 4158 perseverantiam.

341 4175 437 4239 Nora.
454 4176 1077 4245 1111111111111111111111111νί1111
1093 4200 1247 4262 agemus,
1263 4200 1354 4255 cum,
1375 4184 1476 4264 juxte

299 4299 519 4348 communem
536 4286 762 4368 interpretum
780 4287 995 4362 senteutiam,
1012 4287 1146 4366 sublata
1160 4288 1204 4352 sit
1217 4307 1278 4372 per
1298 4289 1472 4354 constitut.
1493 4299 1496 4304 ·

296 4390 415 4474 Apost.
437 4392 535 4457 Sedis
555 4393 602 4454 Pii
617 4392 670 4469 lX,
688 4413 762 4476 quae
782 4393 919 4457 sustulit
940 4419 956 4452 a
974 4415 1204 4479 quoscumque
1222 4415 1384 4462 censuras
1400 4398 1474 4462 sivo

298 4501 674 4576 excommunicationis,
695 4502 766 4566 sive
799 4503 1033 4585 suspensionis
1051 4523 1112 4587 per
1134 4504 1277 4568 modum
1299 4503 1377 4569 latae
1398 4525 1473 4570 sen·

296 4606 412 4672 tentiae
431 4607 573 4691 ipsoque
591 4610 681 4674 facto
695 4609 916 4674 incurrendas
928 4635 943 4669 1
959 4611 1067 4676 inhac
1081 4612 1323 4676 constitutione
1337 4623 1408 4676 non
1421 4612 1474 4676 in-

297 4718 416 4778 sertas.
433 4713 669 4780 Incurrebatur
682 4721 821 4800 propter
831 4720 1177 4784 communicationem
1186 4738 1265 4784 cum
1275 4737 1472 4784 excommu-
