3514 5564
539 647 624 696 trane
645 649 780 706 ousarus
801 647 1021 696 oscasrsmua.
1310 629 1370 696 {63

202 771 319 838 sertim
334 777 373 836 ut
385 771 532 837 invicem
551 789 571 836 a
587 771 800 837 cohibatione
813 775 1014 854 separentur
1027 770 1248 854 quoadusque
1263 769 1369 836 altera

201 879 371 945 sententia
385 898 488 965 super
501 878 654 946 nullitate
679 878 936 954 emanaverit,a
956 897 1023 963 qua
1044 876 1133 944 intra
1156 877 1274 944 decem
1298 879 1370 944 dies

202 988 330 1055 nonsit
348 987 570 1072 appellatum,
590 987 645 1053 vel
667 987 848 1072 appellatio
870 987 1070 1070 interposita
1089 987 1223 1052 deserta
1245 987 1369 1052 deindo

200 1097 325 1174 luerit;
352 1096 412 1160 sed
434 1096 575 1162 ulterius
591 1101 629 1161 ut
648 1097 851 1162 contrahens
865 1095 921 1161 vel
938 1096 1178 1161 contrahentes
1199 1096 1373 1161 matrimo-

202 1207 297 1270 nium
324 1205 532 1289 hujusmodi,
554 1204 711 1269 omnibus
726 1204 836 1287 prunis
859 1208 977 1268 contra
996 1201 1197 1286 polygamos
1222 1221 1243 1268 a
1268 1205 1372 1268 sacrm

202 1312 390 1379 canonibus
414 1317 448 1379 et
471 1313 769 1378 constitutionibus
791 1310 985 1396 apostolicis
1011 1311 1203 1402 constitutis
1232 1312 1373 1376 omnino

203 1423 411 1506 subjaceant.

244 1529 470 1613 Posteaquam
489 1547 582 1604 vero,
605 1527 839 1612 appellationis
861 1529 1037 1605 beneflcio,
1055 1527 1098 1594 ad
1122 1527 1268 1594 alterum
1285 1525 1391 1611 judi.

205 1657 281 1704 cem
296 1626 399 1704 causa
420 1638 456 1702 in
471 1635 620 1702 secunda
633 1637 794 1702 instantia
808 1635 920 1702 delata
932 1636 1044 1713 tuerit,
1060 1637 1176 1702 omnia
1192 1641 1226 1702 et
1241 1633 1375 1718 singula

207 1764 429 1832 quacumque
445 1763 560 1810 coram
580 1735 694 1827 judice
715 1744 751 1808 in
770 1743 880 1826 prima
893 1744 1055 1810 instantia
1077 1743 1245 1810 servanda
1264 1744 1375 1827 praetl-

205 1855 278 1920 nita
296 1855 447 1928 fuerunt,
465 1852 568 1916 etiam
582 1869 697 1917 eoram
712 1849 819 1916 altero
833 1850 869 1915 in
884 1850 1034 1916 secunda
1049 1857 1166 1916 exacte
1180 1869 1220 1917 ac
1233 1849 1374 1932 diligen·

208 1967 259 2027 ter
268 1959 512 2035 custodientur,
525 1960 631 2038 ,eruto
645 1960 682 2024 in
696 1956 972 2042 quolibetjudioii
981 1965 1058 2024 actu
1069 1958 1247 2024 defensore
1261 1958 1376 2024 matri-

208 2069 325 2144 monii,
342 2069 400 2153 qui
417 2085 501 2135 voce
521 2072 556 2132 et
573 2067 697 2150 scripto
718 2066 925 2132 matrimonii
947 2065 1157 2132 validitatem
1178 2072 1316 2132 suenus
1337 2083 1376 2132 ac

206 2195 268 2260 pro
296 2177 426 2242 uiribus
455 2175 615 2240 tuebitur.
635 2173 675 2238 Et
701 2173 729 2238 si
754 2173 862 2258 Judex
886 2173 923 2238 in
951 2175 1101 2241 secunda
1126 2175 1288 2242 instantia
1311 2173 1376 2238 fuit

206 2283 499 2368 metropolitanus,
522 2287 581 2347 aut
603 2281 917 2365 sedisapostolicae
940 2281 1094 2359 nuncius,
1118 2288 1178 2347 aut
1198 2283 1376 2367 episeopus
1434 2310 1439 2318 ·

204 2392 357 2468 vicinior,
373 2391 582 2457 matrimonii
597 2389 755 2455 delensor
768 2390 821 2466 sit,
840 2391 897 2474 qui
912 2391 955 2456 ab
971 2391 1053 2475 ipsis
1067 2392 1171 2456 fuerit
1182 2391 1374 2475 deputatus,

206 2498 496 2585 quemadmodum
522 2499 605 2582 ipsis
634 2499 797 2583 deputare
819 2498 1040 2577 mandamus,
1066 2504 1104 2563 ut
1132 2518 1207 2586 quac
1230 2517 1251 2566 a
1278 2499 1377 2564 nobis

206 2609 363 2694 superius
389 2608 574 2674 constituta
601 2612 681 2672 sunt
705 2625 867 2692 peragere
890 2608 1007 2692 possit.
1025 2607 1058 2670 Si
1082 2585 1203 2674 autem¹
1215 2607 1323 2692 judex
1341 2607 1378 2672 in

206 2719 354 2786 secunda
368 2718 529 2783 instantia
543 2715 722 2800 eritjudex
736 2715 1000 2792 oomrrdssariua
1016 2716 1070 2781 cui
1089 2735 1111 2782 a
1133 2715 1219 2784 Sede
1233 2717 1376 2802 Aposto-

204 2827 269 2892 lica
282 2845 392 2893 cansae
407 2825 556 2907 cognitio
578 2823 781 2890 demandata
794 2825 848 2900 sit,
873 2829 915 2888 et
929 2825 986 2911 qui
1001 2817 1148 2890 tribunal
1170 2830 1204 2890 ct
1220 2825 1376 2909 Jurisdic-

205 2937 336 3002 tionem
350 2933 556 3000 ordinariam
572 2951 641 2997 non
663 2933 798 3010 habeat,
815 2937 850 2996 et
870 2937 1050 3016 propterea
1070 2938 1183 3000 careat
1198 2931 1376 2998 defensore

206 3044 424 3120 matrimonii,
450 3041 611 3108 volumus
632 3047 669 3106 ut
688 3040 746 3106 illo
761 3041 941 3106 defensore
957 3041 1165 3106 matrimonii
1186 3045 1301 3106 utatur
1319 3041 1376 3124 qui

206 3154 410 3219 constitutus
425 3152 529 3217 luerit
542 3152 585 3216 ab
600 3149 769 3215 ordinario
781 3149 816 3214 in
826 3153 924 3234 cujus
938 3150 1074 3216 dioecesi
1083 3167 1222 3216 causam
1234 3166 1376 3232 cognos-

100 3292 107 3298 ·
206 3267 271 3338 cet,
298 3260 452 3326 etiamsi
476 3259 568 3326 idem
591 3259 782 3324 ordinarius
805 3259 849 3322 sit
871 3258 928 3342 qui
951 3259 1096 3342 primam
1114 3257 1319 3330 sententiam
1340 3256 1376 3321 in

207 3370 328 3436 eadem
341 3385 444 3434 causa
457 3367 737 3452 pronuntiaverit.

246 3477 413 3544 Instructo
428 3483 544 3544 autem
557 3479 593 3542 in
604 3477 695 3543 hunc
708 3475 849 3543 modum
866 3476 1005 3561 judicio,
1021 3478 1050 3542 si
1074 3479 1224 3545 secunda
1243 3483 1377 3546 senten·

207 3589 253 3656 tia
266 3588 362 3655 alteri
386 3587 571 3653 canicunis
589 3586 702 3662 luerit,
720 3587 785 3652 hcc
805 3591 859 3652 est
878 3587 960 3652 siin
982 3587 1140 3666 secunda,
1157 3607 1253 3674 aeque
1275 3606 1314 3654 ac
1338 3589 1374 3652 in

206 3698 326 3782 prima,
339 3695 472 3760 nullum
486 3713 525 3762 ec
538 3693 672 3760 irritum
686 3695 944 3761 matrimonium
954 3695 1145 3778 judicatum
1154 3697 1266 3774 tuerit,
1283 3701 1318 3762 et
1331 3697 1373 3762 ah

207 3825 248 3872 ea
261 3825 339 3889 pars
354 3803 410 3870 vel
423 3804 582 3870 defensor
594 3823 657 3888 pro
672 3823 734 3870 sua
752 3805 959 3870 conscientia
976 3824 1047 3872 non
1071 3806 1251 3873 crediderit
1264 3806 1377 3890 appel·

205 3911 357 3991 landum,
366 3911 692 3998 velappellationem
701 3913 937 3996 interpositam
949 3915 1223 3998 prosequendam
1235 3916 1375 3982 minime

207 4021 387 4099 censuerit,
403 4021 440 4087 in
457 4025 625 4105 potestate
640 4025 675 4086 et
696 4021 833 4086 arbitrio
848 4023 1034 4104 conjugum
1056 4024 1100 4086 sit
1115 4041 1222 4089 novas
1242 4026 1376 4108 nuptias

208 4130 423 4207 contrahere,
445 4129 631 4196 dummodo
657 4127 755 4194 alicui
777 4147 912 4206 eorum,
934 4130 977 4195 ob
1000 4130 1138 4215 aliquod
1156 4132 1378 4216 impedimen-

211 4245 284 4304 tum
296 4237 352 4304 vel
364 4236 553 4321 legitimam
567 4257 717 4316 causam,
727 4239 914 4304 idvetitum
925 4241 1062 4305 nonsit.
1079 4239 1232 4306 Potestas
1247 4245 1374 4321 tamen,

208 4351 286 4430 post
298 4346 440 4412 alteram
455 4347 658 4412 sententiam
672 4347 895 4424 conformem,
905 4351 944 4412 ut
959 4365 1062 4431 supra
1071 4349 1274 4432 conjugibus
1288 4351 1377 4417 facta

207 4453 426 4537 intelligatur,
448 4461 482 4520 et
508 4455 622 4521 locum
642 4455 776 4534 habeat,
801 4455 895 4522 salvo
922 4475 1056 4542 semper
1082 4462 1116 4522 et
1140 4458 1239 4524 tlrmo
1267 4477 1377 4524 rema-

207 4568 310 4628 nente
327 4565 404 4647 jure
428 4582 489 4629 seu
509 4562 688 4646 privilegio
701 4581 881 4630 causarum
904 4565 1215 4644 matrimonialium,
1239 4585 1314 4651 quae
1332 4568 1376 4632 ob

207 4674 452 4755 cujuscumque
467 4670 629 4755 temporis
636 4669 770 4755 lapsum
783 4690 961 4756 nunquam
970 4678 1150 4739 transeunt
1162 4675 1198 4740 in
1208 4676 1375 4759 remjudi-

208 4784 319 4846 catam
335 4799 342 4843 :
359 4781 418 4846 sed
438 4779 466 4844 si
487 4797 658 4857 navares,
675 4797 750 4863 quae
769 4798 840 4846 non
860 4780 1004 4848 deducta
1020 4781 1076 4848 vcl
1091 4783 1247 4865 ignorata
1260 4783 1373 4860 merit,
