3388 5582
409 592 471 658 titt
873 609 924 653 rus
946 606 1126 654 cmourcux.

407 726 505 797 Sedis,
519 729 572 786 aut
585 741 621 784 ex
634 723 835 797 dispositione
859 739 944 784 conc.
959 705 1140 796 Tridentini3
1157 736 1195 780 ex
1209 722 1303 782 altam
1317 727 1411 796 perte,
1424 725 1457 781 s.
1473 725 1570 797 congr

409 814 565 890 uliquis.
574 813 721 874 affirmare
731 813 987 886 noluitemptores
995 811 1134 871 innodari
1149 811 1459 870 excommunicatione
1469 811 1577 884 speciali

411 905 500 966 modo
513 908 675 974 reservata,
690 917 745 962 seu
759 905 815 962 ert.
831 905 866 962 xt
880 901 1106 962 constitutionis
1119 901 1298 976 iposmttce
1308 901 1394 962 Sedes
1407 902 1479 960 laia.

415 1107 756 1164 &communicantur
782 1107 985 1160 missioueril
1011 1107 1154 1174 quilibet
1172 1109 1209 1161 in
1234 1107 1341 1161 indiis
1366 1109 1579 1162 orientalibus

555 1191 590 1242 et
603 1188 757 1242 Amemus
771 1189 954 1242 existentes
968 1189 1028 1254 qul
1042 1191 1269 1244 maeatarum
1283 1191 1452 1242 exercent.

452 1368 559 1426 cuma
576 1367 759 1440 supremas.
774 1366 889 1438 inquis.
910 1367 1020 1440 congr.
1035 1365 1161 1423 dubium
1182 1343 1271 1424 fuerit
1285 1362 1457 1438 expositum
1474 1375 1511 1421 an
1525 1368 1582 1435 post

416 1463 512 1519 const
537 1457 714 1531 apostolica
737 1455 822 1516 Sedis
824 1495 880 1514 .....
908 1456 1006 1516 adbuc
1029 1455 1152 1530 rigeant
1173 1469 1310 1515 censure
1338 1455 1405 1515 late
1435 1453 1581 1514 sententia

416 1553 521 1608 contra
534 1546 756 1606 ecclesiasticos
771 1551 800 1603 et
817 1545 1029 1604 missionarios
1050 1549 1225 1604 mercaturae
1238 1545 1269 1603 in
1286 1545 1379 1604 indiis
1397 1543 1581 1604 orientalibus

416 1649 537 1710 operam
555 1635 661 1694 dentes
676 1634 707 1692 in
726 1633 848 1692 constit.
864 1633 974 1692 Urbani
989 1635 1109 1692 vlit.....
1136 1633 1228 1692 illem.
1247 1635 1293 1703 ili,
1313 1639 1370 1692 etc.
1393 1637 1448 1694 ΕΕ.
1472 1637 1524 1692 ΡΡ.
1543 1633 1579 1690 in-

416 1726 578 1801 quisitores
599 1723 754 1798 generales
774 1738 809 1782 ex
833 1737 939 1796 congr.
961 1723 1063 1782 babitu
1077 1723 1131 1781 ier.
1146 1726 1192 1794 lv,
1212 1723 1309 1782 ideo.
1331 1725 1414 1794 1872,
1441 1738 1509 1782 cum
1523 1737 1581 1780 con-

417 1817 605 1876 siderassent
625 1814 857 1874 reservationem
881 1802 1160 1888 interceptionem
1183 1814 1292 1874 iactam
1310 1814 1346 1874 ad
1371 1813 1581 1890 paragraphum

418 1911 491 1981 Qrm
505 1921 574 1966 vcro
592 1919 739 1975 masura,
761 1905 909 1978 predicta
931 1904 1168 1976 constitutionis,
1183 1920 1274 1979 posse
1297 1905 1518 1978 questionibus
1539 1919 1582 1961 an-

419 2014 485 2059 sam
496 1995 638 2072 prebere,
653 2001 837 2055 censuerunt
850 1994 1081 2068 supplicandum
1096 1997 1186 2055 SSmo
1201 1995 1327 2055 Domino
1342 2000 1447 2055 nostro
1459 1998 1494 2054 ut
1504 1993 1584 2052 decia·

419 2105 484 2150 rare
498 2090 640 2165 dignetur
654 2086 884 2146 constitutiones
906 2089 956 2145 SS.
979 2089 1034 2144 ΡΡ.
1058 2085 1167 2144 Urbani
1187 2089 1247 2146 vill
1252 2130 1307 2146 .....
1324 2087 1422 2146 adhuc
1444 2085 1542 2161 vigere
1561 2089 1583 2140 ot

419 2179 649 2240 declarationem
674 2176 885 2236 notificandam
904 2189 974 2235 esse
988 2174 1027 2234 ab
1041 2175 1097 2234 bac
1120 2179 1149 2234 S.
1171 2175 1202 2234 d.
1217 2191 1269 2250 per
1290 2177 1404 2236 litteras
1426 2175 1582 2240 circulares,

419 2275 507 2344 prout
522 2275 624 2328 tenore
640 2268 833 2340 presentium
848 2267 882 2325 dt
896 2267 1099 2327 missicnariis
1111 2266 1298 2341 quibuslibet
1312 2267 1342 2325 in
1357 2261 1452 2326 indiis
1470 2267 1583 2325 orienta-

419 2359 502 2418 libus
516 2363 545 2416 et
559 2357 701 2416 Americe
715 2357 926 2416 existentibus.
940 2360 1031 2416 Porro
1046 2357 1194 2416 Sanctitas
1210 2359 1270 2416 Sua
1283 2356 1380 2416 eidem
1395 2355 1549 2416 sententiae
1560 2353 1583 2410 in

421 2449 561 2509 omnibus
575 2448 768 2506 annuendum
786 2447 915 2506 censuit.
1509 2433 1517 2444 '

422 2653 601 2707 Decretum
613 2653 645 2705 S.
665 2651 939 2718 Congregotiouls
952 2653 1091 2707 concilii
1105 2654 1253 2719 vionius
1272 2651 1508 2706 aeclesiasticis
1522 2663 1584 2716 pro·

407 2743 416 2752 ·
452 2733 573 2786 vinetis
590 2733 729 2787 venete»
749 2747 788 2786 ιο
810 2735 1065 2798 liediolenenet,
1086 2736 1299 2802 singulisque
1318 2727 1517 2786 dioecesibus
1538 2744 1584 2796 po·

453 2815 625 2868 moll
638 2827 677 2867 ιο
689 2815 956 2880 metropolitano
969 2816 1194 2880 jurisdictioni
1202 2815 1372 2880 subiectio,
1386 2815 1585 2880 applicentur

455 2911 495 2950 ee
511 2897 624 2949 omnio
642 2909 719 2961 qno
741 2909 802 2962 pro
819 2895 993 2950 Helvetios
1015 2896 1242 2959 loederatloue,
1270 2895 1382 2962 quood
1402 2895 1585 2961 popularem

455 2977 676 3043 μισῶσι-ιη
697 2976 904 3039 Manem,
921 2975 1172 3042 nptmuenme
1191 2973 1376 3030 contituta
1388 2977 1521 3028 suntin
1535 2985 1583 3024 uu·

455 3059 613 3124 pei-rimie
626 3057 751 3112 littorio
762 3057 940 3122 enoyolioie
953 3057 1022 3110 diet
1033 3058 1073 3110 21
1087 3058 1281 3113 novembri·
1292 3057 1387 3112 187³.

863 3281 868 3286 1
949 3203 1079 3256 menum.

458 3332 583 3392 actuosi
596 3332 769 3407 iniquarum
784 3337 934 3392 sectarum
953 3333 1089 3404 assectae,
1105 3332 1158 3407 qui
1173 3334 1286 3407 ubique
1309 3333 1370 3392 lere
1394 3346 1493 3393 rerum
1515 3329 1584 3406 potiti

424 3438 544 3484 omnem
566 3429 732 3496 pervertere
752 3423 900 3494 ordinem,
925 3425 1052 3498 ipsaque
1077 3425 1304 3484 constitutionis
1328 3424 1470 3484 Ecclesiae
1493 3421 1584 3484 Christi

425 3514 621 3573 fundamenta
634 3513 784 3572 suffodere
794 3519 952 3582 conantur,
967 3513 1057 3570 etiam
1072 3513 1102 3572 in
1126 3513 1273 3572 catholica
1294 3513 1378 3572 ltalia
1391 3513 1495 3586 plebes
1519 3523 1586 3570 oon·

425 3618 543 3662 movere
575 3603 696 3673 audent,
731 3607 765 3660 ut
791 3601 944 3662 imitantes
975 3602 1124 3662 nefarium
1157 3603 1357 3676 quorumdam
1385 3601 1585 3660 Helveticorun

426 3691 671 3766 aeumulamini
696 3691 828 3766 eligendi
843 3692 982 3766 proprios
1007 3692 1175 3751 animarum
1200 3699 1354 3752 curatores
1375 3692 1437 3750 sibi
1464 3689 1586 3751 audacter

328 3776 333 3784 '
370 3811 373 3817 ·
426 3787 584 3855 usurpent.
614 3785 681 3851 Nec,
697 3781 777 3855 quod
801 3781 934 3841 dctemus
956 3789 1014 3853 est,
1032 3782 1128 3841 detuit
1152 3783 1362 3857 interuiiqucs
1382 3780 1586 3856 perditissimus

427 3871 649 3932 ecclesiasticos
661 3871 754 3942 viros,
769 3873 821 3944 qni
834 3887 947 3931 munus
962 3872 1132 3945 parochiale
1147 3877 1205 3932 tam
1229 3887 1367 3946 peruerse
1389 3872 1448 3932 sihi
1472 3871 1586 3932 deletun

428 3961 593 4032 suscipere,
617 3967 706 4034 atque
730 3960 820 4020 etiem
844 3961 928 4020 ubire
952 3961 1142 4034 impudenter
1161 3962 1398 4036 praesumpserit.
1424 3957 1586 4020 Detestabile

427 4067 501 4110 sane
522 4050 651 4120 lacinus,
667 4049 747 4123 quod
760 4050 996 4110 ecclesiasticam
1006 4051 1318 4110 'hierarchiameuertit
1330 4051 1526 4124 funditusque
1538 4061 1587 4120 pes-

427 4139 567 4200 sumdet:
583 4138 731 4212 siquidem
745 4138 893 4200 boemus
904 4147 950 4200 est
964 4139 1103 4215 muita,
1119 4141 1220 4216 inquit
1234 4141 1416 4201 Goetestinus
1438 4145 1587 4212 Papauer

426 4229 604 4305 sequendus,
619 4244 741 4304 cosque,
757 4231 786 4288 si
798 4232 947 4302 amount,
963 4247 1013 4290 eos
1027 4232 1100 4306 quid
1112 4231 1212 4303 meet,
1227 4232 1333 4307 quidve
1342 4247 1404 4290 nou
1416 4230 1514 4299 bewe,
1524 4237 1585 4286 com·

426 4334 557 4390 mcum,
570 4335 632 4378 eeu
646 4319 695 4378 dte
709 4335 888 4380 consensum
910 4321 1043 4395 praebere
1056 4321 1196 4382 &denuc
1212 4325 1258 4394 (t).
1271 4322 1458 4382 Temerarius
1481 4313 1586 4394 proinde

427 4425 523 4469 ausus
551 4415 657 4468 coebo
684 4415 801 4469 statute
823 4416 998 4470 sauctorum
1024 4413 1165 4482 Petrum,
1192 4412 1305 4471 miraeo
1330 4418 1393 4472 teu
1419 4403 1585 4469 emitteris.

428 4514 519 4575 quum
532 4498 751 4572 inobedientia,
767 4516 803 4560 ex
817 4516 890 4574 quo,
907 4502 1010 4562 subdit
1024 4505 1188 4578 Gregorius
1203 4506 1262 4573 vll,
1276 4501 1424 4576 plurimus
1446 4493 1585 4574 periurio·

430 4591 525 4648 tiones
539 4590 574 4648 iu
588 4590 927 4661 &abomimoruiaum
936 4598 1051 4652 scruta
1064 4593 1221 4667 reiigiouic
1234 4593 1322 4662 oriri,
1336 4605 1375 4650 cx
1387 4589 1494 4666 quibos
1505 4583 1585 4646 ciru-

466 4777 499 4840 tu
513 4777 577 4831 cen.
593 4779 735 4843 nomeu,
750 4783 774 4843 a,
787 4780 849 4832 uuo
861 4782 902 4834 ce.
