3388 5582
428 545 490 612 654
891 561 943 608 trs
964 559 1147 612 usomcctt.

430 697 539 742 norum
563 683 595 738 in
622 680 737 740 edcrmo
762 681 882 739 decreto
913 683 1057 755 superius
1086 684 1196 752 relato;
1226 689 1357 743 attamen
1381 699 1454 742 cum
1477 679 1585 740 nondun
1629 721 1630 752 ,

429 773 533 830 omnia
558 769 672 842 ubique
700 769 737 828 ad
763 785 830 831 eam
859 777 991 830 mentem
1012 773 1094 846 exigi
1118 773 1286 843 rideamus,
1309 773 1348 831 ad
1371 771 1586 832 submureudan
1629 767 1630 852 ἦ

430 875 557 935 prorsus
570 859 735 932 quamlibet
749 859 947 918 dubitationis
962 875 1086 920 cansam
1096 862 1142 920 rel
1157 861 1325 932 obtentum,
1335 863 1447 922 iisdem
1456 862 1587 934 responsis
1629 887 1630 942 3

429 957 459 1010 et
472 949 727 1009 declarationibus
741 949 913 1020 apostolice
925 951 1115 1010 auctoritatis
1123 951 1216 1008 robor
1225 951 1431 1024 adjiciendum
1442 963 1587 1009 censeam.
1629 959 1630 976 ¹

429 1042 575 1110 Quocirca
589 1047 672 1098 motu
692 1040 824 1111 proprio,
839 1054 874 1096 ac
889 1045 969 1096 certa
984 1038 1112 1098 scientia
1128 1045 1158 1097 et
1177 1047 1296 1098 matura
1309 1039 1523 1098 deliberatione
1536 1051 1588 1094 nos·
1629 1029 1630 1100 Ξ

430 1131 496 1198 triS,
506 1131 604 1202 deque
611 1127 784 1201 apostolice
796 1128 954 1199 potestatis
965 1128 1152 1200 plenitudine
1162 1128 1352 1186 declaremus
1361 1133 1393 1185 et
1402 1127 1587 1186 decernimus:
1629 1101 1630 1178 3

429 1225 522 1275 totam
536 1217 717 1276 ordinariam
731 1215 866 1288 episcopi
876 1215 1131 1288 iurisdictionem,
1146 1232 1226 1290 qna,
1238 1233 1334 1276 vacua
1349 1217 1424 1275 sede
1438 1215 1588 1290 episcopali.

429 1307 466 1364 ad
481 1306 647 1378 capitulum
662 1311 795 1374 venerat,
814 1305 851 1362 ad
871 1305 1018 1364 vicanum
1038 1307 1077 1364 ab
1101 1307 1169 1378 ipso
1188 1307 1244 1364 rite
1264 1306 1467 1366 constitutum
1488 1305 1589 1362 omnino
1629 1289 1630 1330 ³

429 1397 557 1455 transire
582 1411 637 1452 nec
657 1395 748 1452 ollam
769 1394 862 1466 hujus
874 1395 1097 1466 jurisdictionis
1118 1402 1233 1468 partem
1254 1409 1347 1467 posse
1366 1394 1529 1467 capitulum
1547 1390 1588 1448 sibi
1629 1387 1630 1454 j

429 1500 595 1554 reservare,
610 1498 709 1556 neque
723 1497 815 1556 posse
833 1483 872 1542 ad
887 1489 1045 1542 certumst
1062 1484 1220 1542 delinitum
1237 1490 1356 1556 tempus
1377 1483 1520 1540 ricarium
1536 1494 1589 1538 con·
1629 1485 1630 1532 ὲ

430 1576 554 1634 stituere
568 1573 723 1646 multoque
734 1575 836 1632 minus
845 1587 1010 1642 removere,
1025 1573 1078 1632 sed
1088 1573 1309 1632 euminolbcia
1319 1583 1590 1645 permanerequoos·
1629 1573 1630 1580 ’

429 1679 488 1738 que
508 1678 606 1723 noros
628 1663 790 1736 episcopus
812 1665 926 1722 litteras
943 1664 1142 1735 apostolicas,
1162 1663 1327 1722 decollato
1345 1663 1408 1720 sibi
1426 1663 1589 1735 episcopatu,
1629 1677 1630 1740 ]

429 1755 572 1827 capitulo,
584 1755 672 1827 juxta
699 1755 845 1812 Bonitacii
857 1757 917 1812 l'ttt
933 1755 1165 1826 predecessoris
1181 1754 1276 1812 nostri
1297 1753 1540 1810 constitutionem
1552 1749 1589 1821 (ι).
1629 1755 1630 1764 ’

429 1845 474 1902 vel
498 1845 629 1918 capitulo
643 1845 816 1913 deficiente,
833 1843 860 1902 cl
881 1844 1050 1903 exhibuerit
1064 1845 1129 1918 qui,
1148 1845 1185 1902 ad
1209 1857 1345 1902 normam
1371 1845 1424 1901 SS.
1451 1853 1588 1905 canonum,
1629 1851 1630 1924 ᾗ

430 1934 475 1992 rel
490 1949 527 1990 ex
542 1933 664 2006 speciali
686 1937 715 1990 S.
732 1933 818 1991 Sedis
833 1933 1042 2006 dispositione,
1057 1939 1214 1992 vacantem
1234 1933 1391 1992 dicecesim
1411 1930 1589 1990 administrat.
1629 1973 1630 1992 ,

430 2023 475 2080 ret
490 2023 623 2095 ejusdem
635 2021 920 2092 administratorem,
934 2035 989 2081 seu
1002 2023 1148 2080 vicarium
1162 2022 1295 2094 deputat.
1629 2015 1630 2064 1

466 2113 665 2181 Quamobrem
679 2127 734 2184 pro
749 2112 842 2170 nullis
859 2111 1005 2171 habendae
1020 2117 1093 2170 sunt
1106 2111 1313 2180 limitationes,
1331 2125 1388 2170 sen
1403 2109 1502 2183 quoad
1517 2108 1589 2181 jnris·
1629 2113 1630 2184 l

429 2203 591 2263 dictionem
605 2217 660 2260 seu
676 2201 776 2273 quoad
791 2207 923 2273 tempus,
938 2201 1061 2274 adjecta
1079 2217 1098 2258 a
1111 2201 1242 2274 capitolo
1256 2199 1396 2258 electioni
1417 2200 1515 2258 ricard
1528 2197 1588 2268 api·
1629 2239 1630 2276 3

431 2291 548 2362 tutaris,
567 2293 621 2363 qui
638 2291 760 2360 idcirco,
782 2292 821 2348 iis
842 2290 1127 2360 nonobstantibus,
1148 2289 1283 2348 officium
1307 2289 1367 2347 sibi
1387 2291 1446 2348 rite
1462 2288 1587 2346 collatum.
1629 2277 1630 2330 ἶ

431 2389 494 2439 toto
511 2387 643 2453 tempore
657 2396 718 2453 qno
733 2380 822 2438 sedes
842 2380 1023 2453 episcopalis
1037 2395 1131 2438 vacua
1150 2379 1251 2448 luerit,
1262 2383 1418 2452 totamque
1433 2375 1586 2437 ordination
1629 2415 1630 2438 ,

428 2469 672 2544 jurisdictionem
697 2469 898 2542 episcopalem
923 2469 1015 2528 libere
1042 2477 1072 2528 et
1099 2469 1197 2529 valide
1225 2483 1364 2527 exercere
1385 2474 1500 2542 perget,
1516 2466 1587 2522 donec
1629 2511 1630 2528 ,

430 2575 530 2618 novus
549 2561 712 2633 episcopos
732 2559 915 2633 apostolicas
937 2561 1100 2620 canonicas
1122 2576 1186 2619 snae
1208 2559 1412 2619 institutionis
1433 2560 1548 2622 litteras,
1566 2559 1587 2608 nt
1629 2585 1630 2602 ι

430 2649 575 2720 diximus,
590 2648 738 2707 exhibeat.

467 2741 527 2796 llac
536 2744 635 2796 autem
646 2739 807 2796 occasione
820 2738 1009 2797 declaramus
1023 2740 1124 2808 etiam,
1138 2743 1168 2796 et
1181 2738 1373 2798 decernimus
1383 2754 1421 2798 ea
1434 2751 1525 2812 quea
1536 2735 1585 2790 Grc·
1629 2743 1630 2774 1

430 2829 555 2905 gorioll
582 2827 801 2901 predecessore
826 2833 931 2886 nostro
953 2829 985 2886 in
1002 2829 1133 2886 concilio
1152 2828 1346 2903 lugdunensi
1367 2833 1391 2887 ll
1412 2829 1450 2886 dc
1468 2825 1585 2887 electisa

430 2917 581 2991 capitulis,
596 2917 761 2976 constituta
780 2921 854 2975 sunt
871 2920 907 2988 (t)
924 2917 1177 2990 comprehendere
1193 2919 1282 2975 etiam
1302 2917 1476 2975 nominatos
1491 2921 1518 2973 et
1534 2923 1586 2984 pre

431 3015 565 3068 sentatos
582 3022 600 3065 a
617 3008 768 3080 supremis
791 3007 980 3080 publicarum
999 3021 1101 3066 rerum
1123 3006 1375 3078 moderatoribus,
1396 3009 1461 3067 sire
1484 3007 1584 3076 inpen-

431 3105 512 3156 tores
534 3098 606 3161 sint,
623 3097 686 3154 sive
707 3109 804 3170 reges,
826 3095 890 3154 sire
910 3097 1016 3165 duces,
1031 3095 1077 3152 vel
1100 3093 1255 3168 presides,
1275 3100 1307 3153 et
1328 3095 1584 3167 quomodocunque
1629 3095 1630 3154 l

431 3191 655 3260 nuncupentur,
670 3187 723 3258 qui
743 3201 780 3242 cx
794 3189 823 3242 s.
840 3184 926 3242 Sedis
936 3185 1144 3252 concessione,
1154 3199 1209 3242 seu
1224 3184 1392 3257 privilegio,
1400 3179 1584 3258 jurcguutut

432 3277 607 3335 nominandi
631 3282 661 3333 et
683 3275 885 3347 presentandi
909 3275 945 3332 ad
969 3275 1057 3332 sedes
1082 3274 1269 3348 episcopales
1287 3274 1317 3330 in
1342 3275 1411 3332 suis
1437 3265 1583 3344 respectus

431 3365 597 3425 ditionibus
621 3371 773 3435 tricantes,
798 3363 953 3422 abolentes
971 3363 1094 3432 idcirco,
1115 3369 1272 3422 cassantes
1294 3369 1323 3420 ct
1350 3363 1473 3434 penitus
1499 3353 1582 3416 annul·

431 3457 529 3514 lantes
544 3469 645 3524 usum,
664 3469 719 3512 seu
739 3455 840 3526 potius
854 3453 984 3512 abusum
1008 3453 1067 3511 sub
1087 3454 1195 3526 quovis
1217 3453 1314 3523 titulo,
1335 3453 1381 3511 vel
1402 3458 1542 3525 praetenso
1565 3451 1582 3498 d

431 3551 549 3604 asserto
562 3544 730 3618 privilegio,
740 3545 869 3616 questro
884 3544 983 3602 colore
998 3549 1029 3602 et
1039 3557 1230 3616 quacumque
1242 3557 1344 3612 causa,
1358 3542 1431 3602 licet
1443 3536 1551 3614 speciali
1563 3539 1581 3588 tl

431 3649 575 3708 expressa
591 3635 741 3692 mentione
758 3634 860 3708 digna,
882 3634 912 3691 in
932 3633 1113 3706 quibusdam
1138 3635 1241 3708 regnis
1263 3648 1317 3692 scu
1339 3631 1514 3708 regionibus
1531 3638 1582 3699 prt·

432 3726 535 3784 sertim
554 3724 731 3796 longinquis
751 3723 913 3792 invectum,
931 3739 992 3796 quo
1012 3723 1176 3796 capitulum
1198 3724 1331 3782 ecclesie
1355 3721 1527 3782 cathedralis
1549 3729 1580 3770 tt·

432 3817 528 3874 cantis
547 3814 719 3886 obsequens
739 3813 906 3870 invitationi
931 3828 986 3871 seu
1008 3813 1159 3882 mandato,
1181 3813 1251 3870 licet
1273 3813 1374 3872 verbis
1394 3805 1580 3886 deprecatoris

431 3909 585 3978 concepto,
595 3917 742 3974 supremas
758 3903 856 3961 civilis
868 3903 1037 3975 potestatis,
1046 3903 1209 3961 concedere
1220 3909 1251 3961 et
1265 3904 1428 3964 umsterrc
1440 3895 1578 3974 prosunt,

432 4009 468 4053 ac
490 3995 527 4054 dc
554 3995 632 4052 lacto
659 3993 796 4051 concedit
819 3999 849 4051 et
868 3993 1008 4052 transfert
1028 3993 1059 4050 in
1080 3993 1269 4051 nominatum
1290 3999 1320 4050 et
1334 3997 1536 4066 presentatum
1555 3980 1578 4038 td

431 4084 565 4142 eamdem
579 4083 735 4141 ecclesiam
749 4082 833 4140 illius
847 4096 961 4152 curam,
976 4083 1110 4157 regimen
1125 4087 1154 4140 ct
1163 4082 1467 4150 administrationem,
1479 4083 1579 4145 canunt

433 4173 605 4231 nominatus
634 4177 663 4229 et
682 4175 882 4244 presentatus
903 4170 961 4229 sub
981 4171 1103 4230 nomine
1121 4171 1295 4243 provisoris,
1319 4171 1422 4229 vicarii
1447 4161 1577 4244 generalis

431 4262 527 4320 aliove
546 4260 667 4318 nominc
685 4260 848 4334 gerendam
867 4261 997 4331 suscipit
1022 4265 1090 4318 ane
1113 4259 1329 4318 exhibitionem
1356 4259 1517 4318 litterarum
1531 4261 1579 4320 llll

432 4352 617 4421 stolicarum,
628 4350 671 4409 uti
685 4351 825 4424 superius
838 4350 1016 4419 dictumest,
1027 4351 1064 4408 de
1078 4365 1162 4408 more
1173 4350 1351 4419 taciendam,
1360 4355 1472 4408 remoto
1481 4335 1577 4420 proindt

431 4445 542 4502 vicario
567 4442 805 4516 capitularium
827 4458 864 4502 ex
880 4441 959 4515 juris
980 4440 1180 4513 dispositione
1204 4446 1266 4498 toto
1285 4445 1419 4511 tempore
1442 4426 1576 4496 vacaturis

432 4532 567 4592 ecclesie
589 4547 654 4590 eam
675 4532 886 4590 administrare
907 4545 942 4587 ac
963 4544 1066 4604 regere
1087 4529 1185 4587 debet.
1202 4527 1420 4586 confirmantes
1435 4515 1576 4586 autemut

465 4661 498 4716 tl)
514 4657 654 4720 Extravag.
672 4655 807 4720 injuncte,
821 4655 853 4704 de
867 4651 998 4705 Electione
1013 4655 1082 4704 inter
1093 4667 1183 4704 comm.

468 4729 500 4792 (t)
514 4727 576 4792 Cap.
589 4727 718 4788 Aoodlr'ae,
729 4727 761 4777 de
775 4727 916 4790 electione,
929 4727 955 4776 ln
972 4730 1010 4776 6⁰.
