3514 5564
568 599 655 646 niens
675 601 812 655 ousnrus
832 597 1050 648 onomatica.
1342 586 1400 650 ldd

232 723 266 783 tu
276 736 332 784 am
346 719 710 786 vitaeconsuetudinem
724 725 759 785 et
771 722 979 798 societatem,
994 726 1033 784 ut
1047 738 1167 786 omnes
1179 726 1300 803 gentes
1311 723 1399 787 bene
1523 731 1527 740 '

229 831 369 893 moratae
379 833 604 911 agnoverunt,
622 828 823 894 definientes
838 828 1105 905 matrimonium,
1119 829 1210 914 quod
1225 831 1269 896 sit
1287 831 1351 895 viri
1366 837 1401 897 et

228 935 381 1001 mulieris
395 937 820 1020 conjunctio,individuam
832 939 912 1004 vite
923 937 1207 1004 consuetudinem
1221 941 1399 1005 continens

229 1044 255 1127 (§
269 1045 285 1108 t
299 1043 380 1108 lnst.
395 1045 436 1110 de
447 1043 568 1110 Patrio
575 1047 728 1130 potest.);
748 1063 830 1129 ergo
845 1046 1102 1112 matrimonium
1115 1049 1192 1130 jure
1208 1046 1354 1113 naturali
1366 1053 1401 1112 et

227 1155 270 1218 ab
284 1153 469 1219 intrinseco
484 1157 537 1218 est
550 1153 766 1219 individuum
783 1159 819 1219 et
831 1153 1064 1220 indissolubile
1081 1175 1088 1217 :
1108 1153 1287 1239 siquidem,
1308 1156 1400 1239 quod

227 1263 270 1326 ab
293 1261 477 1326 intrinseco
498 1261 686 1326 contractui
709 1263 882 1345 competit,
898 1261 934 1328 id
954 1265 1032 1346 jure
1055 1261 1203 1350 naturali
1226 1264 1397 1347 competit,

229 1371 316 1434 sicut
336 1374 388 1434 est
410 1368 585 1435 translatio
612 1369 752 1434 dominii
775 1369 811 1432 in
832 1375 964 1446 mutuo,
980 1373 1038 1453 jus
1060 1369 1177 1435 utendi
1195 1371 1231 1435 in
1252 1388 1400 1437 commo

179 1499 184 1508 ·
233 1479 323 1557 dato,
336 1483 400 1544 etc.
416 1479 513 1545 Prob.
530 1479 562 1542 l·
572 1479 702 1564 parade
712 1483 790 1563 jure
802 1480 870 1545 div.
887 1479 1024 1562 (blatto,
1042 1479 1151 1563 xv111):
1168 1504 1183 1538 «
1200 1479 1297 1570 Quod
1310 1479 1400 1545 Deus

188 1631 192 1642 ·
231 1587 425 1670 conjunxit,
439 1588 544 1653 homo
565 1606 636 1654 non
654 1593 803 1673 separet;
819 1612 834 1646 o
849 1588 972 1670 (blare,
986 1608 1018 1666 x,
1036 1587 1170 1666 atbar„
1189 1589 1255 1672 xvi)
1274 1607 1281 1652 :
1298 1612 1314 1648 «
1338 1589 1401 1666 Qui

232 1695 399 1761 dimiserit
425 1713 568 1760 uxorem
591 1713 706 1774 suam,
732 1700 767 1760 et
792 1696 894 1760 aliam
920 1696 1070 1773 duxerit,
1097 1697 1302 1772 maechatur,
1329 1702 1402 1761 »et

229 1803 351 1885 (Rom,
366 1803 420 1886 vn)
433 1823 441 1866 :
454 1827 470 1864 «
485 1803 612 1880 Mulier,
628 1805 766 1870 vivente
781 1805 866 1880 viro,
883 1803 1021 1886 alligata
1037 1804 1178 1886 estlegi,
1196 1829 1212 1865 »
1229 1809 1264 1870 et
1277 1805 1302 1887 (l
1312 1805 1399 1883 Gon,

231 1913 284 1992 vu)
302 1933 310 1976 ε
327 1937 342 1971 «
359 1911 519 1997 Praeoipio
534 1930 604 1977 non
618 1931 693 1995 ego,
710 1913 771 1978 sed
785 1913 960 1990 Dominus,
973 1931 1150 1980 uxorema
1163 1914 1238 1979 viro
1252 1933 1323 1979 nou
1338 1914 1402 1979 dis-

230 2020 351 2085 cedere
366 2041 373 2098 ;
390 2047 405 2080 o
421 2022 478 2108 qui
494 2027 608 2087 textus
622 2022 800 2104 generales
813 2023 1007 2088 indistincte
1026 2022 1215 2107 procedunt
1234 2022 1274 2088 de
1288 2024 1403 2088 matri-

229 2131 345 2196 monio
370 2133 441 2194 tam
464 2135 538 2194 rato
562 2148 666 2214 quam
688 2137 944 2208 consummato;
970 2149 1052 2213 ergo
1077 2130 1332 2197 matrimonium
1361 2129 1402 2196 de

228 2239 306 2320 jure
323 2237 439 2303 divino
453 2242 507 2316 est
527 2237 772 2304 indissolubile.
788 2239 819 2303 3·
830 2256 907 2320 pars
920 2239 962 2303 de
980 2242 1057 2323 jure
1078 2238 1250 2323 pontificio
1268 2255 1290 2302 a
1309 2237 1403 2304 nullo

236 2350 392 2428 negatur,
414 2350 449 2410 et
468 2349 658 2410 constater
676 2364 705 2411 o.
728 2347 801 2410 bet
820 2365 890 2430 seq.
912 2347 945 2410 h.
963 2351 1000 2423 t,
1018 2351 1053 2412 et
1071 2345 1148 2410 alibi
1166 2345 1305 2430 passim.
1322 2346 1403 2412 Doo

235 2457 327 2519 tores
352 2453 409 2519 alii
435 2454 514 2518 huic
541 2454 720 2520 sententiae
747 2472 817 2519 non
844 2456 1104 2530 contradantur,
1126 2454 1205 2537 quis
1229 2453 1263 2518 id
1291 2453 1402 2518 solum
1480 2520 1484 2527 ,

228 2561 361 2640 volunt,
379 2563 471 2648 quod
485 2563 705 2629 matrimonio
714 2567 792 2648 jure
808 2565 953 2629 naturali
966 2582 1037 2629 non
1062 2567 1235 2648 competat
1248 2561 1404 2628 absoluta

228 2675 262 2762 et
276 2670 474 2737 omnimoda
487 2669 778 2748 indissolubilitas,
791 2671 838 2737 ita
853 2677 891 2736 ut
904 2671 939 2736 in
954 2670 1049 2736 nullo
1069 2687 1150 2736 casu
1166 2669 1304 2736 dissolvi
1324 2687 1402 2753 pos-

227 2780 280 2855 sit,
299 2785 333 2844 et
346 2799 390 2844 ex
406 2785 503 2863 parte
517 2781 669 2844 materiae
682 2781 808 2845 mutari
825 2801 832 2844 :
850 2786 884 2844 et
896 2781 974 2847 ideo
991 2780 1109 2844 dieunt
1125 2798 1200 2844 esse
1223 2777 1402 2844 indissolu·

227 2887 294 2952 bile
312 2890 390 2970 jure
413 2886 559 2952 naturali
583 2887 827 2964 conditionate,
849 2887 914 2952 hoo
937 2893 1001 2963 est,
1019 2887 1110 2972 quod
1134 2905 1176 2951 ex
1195 2891 1315 2952 natura
1340 2904 1403 2951 sua

228 2995 345 3062 tandiu
370 2995 414 3060 sit
436 2996 682 3073 indissolubile,
713 2997 863 3081 quandiu
889 3015 951 3080 per
977 2997 1167 3078 legitimam
1194 2998 1399 3078 potestatem

228 3118 297 3165 non
326 3100 465 3184 ponitur
487 3099 523 3164 in
547 3100 601 3164 his
622 3100 885 3165 circumstantiis
908 3101 944 3164 in
967 3095 1089 3184 quibus
1116 3097 1292 3163 dissolutio
1312 3096 1402 3162 illius

227 3208 471 3273 cohonestetur
491 3213 525 3273 et
539 3207 682 3273 materia
696 3226 716 3273 a
729 3212 898 3291 praecepto
913 3205 1058 3272 naturali
1073 3205 1289 3270 subducatur.
1307 3205 1403 3281 Quod
1491 3222 1494 3228 ’

228 3333 310 3380 sane
327 3334 449 3380 verum
463 3319 525 3392 est,
543 3319 577 3380 et
592 3315 744 3380 doctrina
757 3316 825 3380 ista
845 3313 1050 3397 generaliter
1073 3311 1226 3398 procedit
1243 3312 1279 3376 in
1294 3312 1402 3376 omni-

226 3425 291 3488 bus
317 3424 493 3508 praeceptis
515 3417 726 3490 naturalibus
751 3441 898 3509 quorum
920 3423 1064 3488 materia
1090 3420 1278 3498 mutabilis,
1308 3425 1343 3486 et
1367 3419 1403 3485 in

226 3533 330 3598 certis
351 3531 612 3597 circumstantiis
637 3531 910 3608 cohonestabilis,
929 3536 981 3596 est
993 3530 1142 3596 maxime
1164 3533 1321 3613 respectu
1344 3529 1403 3594 ha-

226 3639 296 3705 bito
318 3639 362 3706 od
390 3657 587 3722 supremum
610 3639 801 3705 dominium
826 3639 991 3716 divinum,
1016 3655 1095 3704 cum
1124 3637 1214 3702 Deus
1236 3640 1294 3721 jus
1322 3636 1402 3702 dere

227 3748 335 3832 possit
347 3748 383 3811 in
396 3746 503 3813 vitam
516 3747 718 3824 innocentis,
737 3747 773 3811 in
787 3765 910 3830 corpus
930 3746 1051 3812 solutae
1065 3745 1121 3812 vel
1145 3747 1348 3831 conjugatae,
1366 3744 1402 3809 iu

229 3855 339 3922 abeno
359 3858 460 3933 bona,
477 3859 540 3922 etc.
557 3855 614 3921 His
638 3855 900 3939 praeintessectis,
917 3853 1039 3937 colligo
1060 3855 1092 3918 1⁰
1115 3853 1206 3938 quod
1227 3852 1317 3918 Deus
1333 3851 1399 3917 dis·

229 3965 361 4030 solvere
374 3963 483 4049 possit
495 3963 643 4030 matrim.
660 3983 730 4030 non
755 3967 888 4030 tantum
903 3968 1027 4039 ratum,
1045 3961 1106 4027 sed
1130 3967 1165 4027 et
1187 3977 1403 4027 consumma-

230 4079 313 4148 tum,
329 4090 400 4137 non
413 4073 569 4137 obstante
579 4071 724 4136 naturali
734 4071 840 4155 ipsius
850 4068 1159 4144 indissolubilitste,
1177 4068 1256 4152 quia
1270 4064 1402 4132 sublato

173 4259 175 4263 .
226 4185 303 4264 jure
321 4183 521 4262 conjugum,
544 4182 633 4264 quod
661 4181 777 4265 utique
804 4181 921 4244 subest
941 4178 1092 4244 dominio
1119 4176 1247 4253 divino,
1269 4175 1402 4240 deiectu

228 4288 379 4354 materiae
399 4293 511 4353 cessat
531 4271 693 4370 obligatio
715 4289 802 4372 juris
831 4273 1006 4362 naturalis,
1034 4288 1154 4368 utpote
1178 4301 1249 4349 non
1272 4282 1403 4347 habens

228 4397 408 4462 materiam
423 4415 527 4481 super
542 4415 610 4482 qua
621 4397 729 4462 cadet.
748 4395 878 4480 Ex'quo
889 4395 998 4477 capite
1011 4393 1048 4456 iu
1062 4393 1138 4473 lege
1160 4391 1282 4473 Moysis
1306 4391 1405 4454 mari-

230 4509 286 4568 tus
305 4523 366 4589 per
383 4503 538 4568 libellum
558 4503 701 4588 repudii,
727 4522 797 4569 non
811 4503 946 4587 propria
964 4503 1106 4585 privata,
1125 4499 1185 4563 sed
1206 4499 1404 4564 auctoritate

232 4613 303 4689 Dei,
332 4610 541 4678 dissolvebat
568 4613 824 4678 matrimonium
852 4612 955 4676 etiam
975 4611 1262 4675 consummatum.
1287 4605 1403 4681 Hodie,

237 4721 371 4791 sublato
397 4740 458 4810 per
484 4720 653 4788 Christum
677 4719 790 4788 libello
818 4718 960 4807 repudii,
992 4714 1217 4786 insolubilitas
1243 4711 1405 4781 naturalis
