3418 5566
378 579 440 646 ³62
760 623 764 630 -
836 599 888 645 rus
908 598 1087 646 1111111111.

378 717 457 782 latis
467 713 512 782 ob
521 715 741 782 homicidium
755 715 910 782 casuale:
932 719 1083 784 actiones
1104 717 1277 784 istasunt
1295 719 1427 784 clericis
1441 719 1555 802 probi·

378 825 469 890 bitae.
486 823 590 892 Secus
606 826 635 890 si
649 824 792 891 clericus
804 826 945 909 peritus,
961 826 999 890 in
1018 843 1100 892 caso
1123 826 1337 892 necessitatis
1357 844 1425 910 quo
1446 825 1555 892 laicus

379 933 509 1017 peritus
518 933 770 1017 baberincquit,
783 934 877 999 omni
891 933 1067 1016 diligentia
1076 933 1226 998 adbibita
1234 933 1323 998 banc
1336 939 1447 1000 artem
1459 951 1556 998 excr-

376 1046 463 1118 ceat,
475 1059 556 1106 nam
570 1040 717 1106 Ecclesia
737 1059 808 1108 non
828 1042 1180 1124 censeturprobibcre
1198 1041 1264 1105 boc
1283 1059 1369 1125 opus
1381 1041 1554 1108 charitatis

377 1154 413 1216 et
424 1150 601 1216 infirmum
614 1150 747 1232 privare
765 1149 821 1214 tali
835 1149 973 1226 auxilio,
995 1154 1030 1215 et
1054 1147 1191 1214 aliunde
1203 1149 1391 1215 necessitas
1414 1149 1553 1214 1111111-

374 1257 481 1324 citum
503 1257 597 1342 quod
616 1257 653 1320 in
670 1256 748 1339 lege
769 1261 843 1322 erat
864 1256 1029 1321 illicitum.
1045 1257 1078 1319 9⁰
1094 1256 1156 1334 Qui
1176 1255 1310 1322 infirmo
1330 1261 1555 1340 1111111111-

376 1367 539 1449 seriptum
559 1365 681 1429 medici
695 1363 755 1430 dat
768 1364 986 1442 medicinam,
1008 1363 1196 1446 potionem,
1210 1368 1270 1428 aut
1284 1363 1366 1448 quid
1381 1363 1491 1430 simile
1509 1384 1555 1432 ex

375 1491 443 1559 quo
453 1491 546 1540 mors
556 1473 774 1550 acceleretur,
785 1473 841 1539 rel
857 1473 886 1538 si
896 1473 1074 1558 imperitus
1085 1477 1244 1538 exerceat
1254 1474 1473 1556 chirurgiam,
1481 1493 1555 1541 me·

374 1584 531 1662 dicinam‚
549 1588 666 1649 secuta
680 1587 802 1659 morte,
819 1581 1022 1648 redderetur
1036 1581 1206 1646 obnoxius
1219 1582 1333 1664 poenis
1346 1582 1425 1648 latis
1434 1583 1477 1648 ob
1491 1585 1555 1650 ho*

372 1692 548 1758 micidium
560 1691 706 1758 casuale.
721 1691 819 1758 Ratio
830 1695 893 1768 est,
911 1691 991 1776 quia
1009 1689 1103 1756 dedit
1118 1707 1259 1774 operam
1276 1689 1326 1755 rei
1340 1689 1475 1768 illicitae,
1491 1711 1555 1776 per

374 1819 410 1868 se
426 1801 609 1866 inductiva
627 1799 759 1864 mortis.

413 1911 441 1990 e)
453 1908 544 1973 Dans
557 1926 697 1992 operam
710 1908 760 1973 rei
774 1905 898 1973 illiciter
914 1926 989 1990 quae
1002 1925 1062 1990 per
1084 1924 1121 1972 11
1136 1924 1206 1971 non
1221 1907 1475 1990 estpericulosa
1489 1927 1556 1976 nec

372 2017 492 2082 mortis
506 2015 690 2093 inductiva,
705 2033 775 2080 non
788 2015 828 2078 111
838 2033 919 2080 reus
928 2013 1114 2090 homicidii,
1130 2014 1159 2078 si
1173 2013 1239 2079 boc
1251 2032 1313 2098 per
1324 2014 1482 2081 accidens
1497 2035 1554 2083 se-

372 2129 506 2209 quatur,
522 2125 664 2190 namsia
677 2124 861 2209 operando,
879 2141 943 2189 nec
957 2124 1084 2189 directe
1097 2141 1159 2187 seu
1181 2123 1217 2188 in
1232 2140 1281 2198 se,
1306 2141 1372 2190 nco
1389 2124 1555 2192 indirecte

373 2231 480 2296 seuin
491 2249 604 2308 causa,
619 2231 731 2296 influit
745 2232 781 2296 in
800 2231 1034 2308 homicidium,
1052 2230 1239 2297 dummodo
1261 2249 1305 2295 ex
1323 2231 1459 2297 deiectu
1479 2231 1555 2296 dili-

371 2339 508 2421 gentle,
524 2338 618 2404 nulla
632 2339 742 2404 subsit
752 2355 864 2403 causa
880 2337 991 2424 culpa.
1005 2337 1099 2402 Unde
1114 2356 1185 2403 non
1198 2339 1237 2403 111
1250 2337 1447 2420 irregularis
1460 2337 1556 2405 adul·

372 2452 435 2523 ter,
456 2447 484 2510 si
505 2447 636 2512 ratione
659 2445 750 2512 illins
771 2445 944 2512 occidatur
964 2444 1130 2522 adultera,
1154 2450 1193 2510 ut
1211 2444 1395 2513 declararit
1415 2445 1448 2510 S.
1465 2444 1498 2510 C.
1515 2445 1552 2513 G.

370 2555 424 2640 (22
437 2553 532 2660 april.
550 2554 653 2638 1679).

818 2730 849 2780 11.
866 2731 906 2782 De
919 2727 1109 2782 mutilatione.

414 2885 446 2966 α)
460 2883 569 2950 Homo
582 2883 777 2948 membrum
791 2899 893 2946 suum
907 2899 977 2946 non
989 2885 1104 2964 potest
1117 2880 1181 2946 sibi
1194 2880 1284 2948 licite
1302 2887 1480 2965 amputare
1494 2881 1554 2950 vel

372 3010 491 3058 curare
505 3010 566 3076 per
579 2989 685 3056 alium
699 2990 868 3073 amputari
886 3009 894 3051 :
911 3007 992 3054 narn
1013 3005 1085 3054 non
1099 2993 1153 3054 est
1165 2988 1337 3068 dominus,
1355 2989 1416 3055 sed
1434 2995 1552 3057 custos

371 3101 606 3168 membrorum
621 3117 773 3166 suorum.
789 3100 833 3162 At
849 3100 1043 3164 membrum
1060 3098 1235 3182 putridum
1257 3099 1348 3164 licite
1374 3100 1552 3166 111111111-

372 3212 428 3273 tur
440 3213 580 3292 propter
590 3207 887 3273 conservationem
902 3207 1007 3272 totius
1019 3207 1073 3272 cui
1089 3206 1249 3274 deservit.
1260 3205 1294 3271 Si
1305 3211 1422 3272 autem
1432 3207 1550 3274 scissio

371 3317 517 3381 membri
529 3317 603 3381 11111
620 3314 760 3381 deberet
773 3332 853 3378 cum
865 3314 1000 3396 magnis
1021 3313 1207 3390 doloribus,
1223 3313 1429 3396 regulariter
1446 3331 1549 3380 nemo

372 3422 551 3506 obligatur,
568 3441 680 3508 neque
702 3423 746 3488 ad
765 3441 842 3487 cam
860 3422 937 3503 cogi
958 3427 1111 3506 potesta
1129 3421 1270 3505 praelato
1292 3422 1348 3488 vel
1360 3422 1548 3506 republica

372 3535 451 3618 quia
463 3533 506 3600 ad
525 3533 697 3598 horrenda
709 3533 788 3596 vitae
802 3531 955 3597 remedia
967 3548 1070 3597 nemo
1092 3536 1239 3608 tenetur,
1256 3531 1322 3596 nisi
1343 3532 1459 3596 forsan
1472 3549 1549 3614 per-

372 3659 466 3707 sonae
485 3643 556 3706 vita
578 3645 669 3705 11111
690 3639 1008 3705 valdenecessaria
1030 3640 1122 3705 bono
1146 3640 1322 3705 communi
1347 3659 1355 3702 :
1380 3639 1446 3704 hoc
1467 3656 1548 3705 casu

372 3748 539 3827 infirmus,
569 3747 691 3813 saltem
718 3765 761 3811 11
774 3747 950 3822 charitate,
975 3751 1149 3812 teneretur
1174 3747 1247 3829 pati
1272 3745 1376 3812 talem
1397 3750 1548 3832 amputa·

373 3856 513 3921 tionem.

412 3962 442 4046 b)
453 3961 501 4026 Ex
514 3979 616 4029 causa
628 3960 757 4026 vitandi
771 3963 910 4046 peccati,
926 3980 959 4026 v.
976 3980 1009 4044 g.
1035 3961 1300 4038 incontinentia,
1323 3979 1395 4028 non
1415 3962 1495 4028 licet
1510 3981 1547 4028 se

371 4074 536 4148 castrare;
547 4089 628 4136 nam
637 4089 708 4137 non
718 4075 799 4134 sunt
808 4068 964 4136 faciende
979 4070 1079 4148 mala,
1094 4075 1133 4133 ut
1145 4069 1405 4138 eveniantbona
1418 4091 1425 4134 :
1438 4077 1473 4136 et
1482 4072 1548 4138 hoc

372 4177 564 4244 remedium
577 4195 648 4242 non
668 4181 721 4242 111
734 4178 966 4243 necessarium
982 4194 1046 4242 neo
1068 4175 1150 4241 utile
1170 4175 1214 4241 ad
1228 4178 1431 4242 castitatem.
1445 4179 1548 4244 Multo

371 4287 486 4350 minus
514 4285 673 4350 castratio
706 4289 799 4350 esset
832 4283 923 4349 licita
957 4283 1000 4348 ad
1034 4284 1307 4350 conservandam
1343 4286 1548 4352 suavitatem

249 4437 253 4450 ·
373 4393 478 4459 vocis.

412 4503 440 4586 o)
454 4501 492 4566 ln
506 4518 587 4567 casu
603 4517 670 4585 quo
689 4501 788 4567 diter
802 4501 873 4566 vita
891 4501 999 4564 tutius
1019 4500 1170 4566 succurri
1191 4518 1261 4566 non
1282 4506 1411 4584 posset,
1428 4503 1547 4586 proba·

372 4609 472 4675 bilius
486 4607 603 4674 liceret
616 4613 793 4692 amputare
806 4609 1001 4673 membrum
1022 4627 1145 4674 sanum
1164 4629 1172 4672 :
1190 4609 1226 4674 in
1239 4609 1304 4674 bod
1328 4627 1411 4675 casu
1433 4609 1548 4674 minus

372 4716 502 4783 malum
516 4715 700 4798 eligeretur
712 4716 756 4781 ad
771 4714 950 4782 vitandum
969 4718 1094 4800 majus,
1112 4721 1148 4782 et
1170 4733 1249 4800 pars
1271 4715 1470 4784 deserviens
1486 4718 1548 4782 toti
