3504 5548
530 567 618 617 arnan
639 567 767 626 autores
785 565 1003 624 uacaarsatctt.
1292 545 1351 616 483

183 688 400 776 privilegium
414 695 448 755 et
460 691 562 766 idem,
579 689 669 774 quod
683 689 850 773 aliquibus
865 665 1021 772 personis
1039 691 1140 753 antea
1152 703 1353 752 concessum

185 804 268 876 erat,
285 799 327 864 ad
342 798 426 864 alios
442 817 539 881 arque
561 798 765 874 extenditur,
787 797 863 862 illos
880 797 975 881 quasi
991 795 1208 879 aggregando
1223 795 1354 862 caeteris

185 909 241 991 qui
257 912 357 974 antea
373 906 569 989 gaudebant
588 925 628 972 eo
640 905 833 990 privilegio:
851 906 969 969 lanosi
983 902 1212 986 augeaturvel
1223 903 1355 968 minue-

185 1019 241 1080 tur
253 1015 470 1100 privilegium
483 1016 519 1078 in
532 1015 585 1079 his
601 1015 722 1098 quibus
737 1015 802 1078 luit
814 1015 924 1099 primo
938 1029 1148 1104 eoncessum,
1164 1014 1308 1094 augetur
1322 1015 1356 1078 et

185 1124 560 1189 minuiturinomnibus
573 1122 664 1200 aliis3
682 1123 890 1207 quiaomnes
902 1140 998 1206 aeque
1010 1120 1355 1205 primerioprivilegio

185 1231 243 1297 illo
263 1233 424 1314 gaudent.
451 1233 663 1302 Contrarium
687 1236 801 1296 tamen
824 1236 918 1296 tenet
937 1229 1095 1306 Ferraria,
1120 1231 1198 1312 post
1221 1228 1354 1302 Suarer,

152 1413 154 1416 ,
186 1339 375 1419 Reiffeust,
391 1347 468 1420 etc,
486 1343 598 1426 quoad
612 1342 872 1418 restrictionem,
890 1339 969 1424 quia
980 1336 1195 1423 privilegium
1206 1352 1358 1402 eommu-

187 1448 336 1512 nioatum
364 1468 434 1514 non
458 1450 624 1533 penderet
643 1469 663 1514 a
685 1450 857 1533 primario,
886 1448 952 1511 nisi
973 1447 1009 1509 in
1031 1445 1263 1530 productione,
1288 1460 1358 1508 nen

188 1561 303 1621 autem
318 1557 353 1620 in
368 1558 627 1623 conservatione
643 1545 822 1640 (melloth,
839 1566 874 1620 v⁰
889 1553 1059 1638 Privttep,
1074 1572 1104 1618 a.
1120 1554 1149 1629 l,
1165 1571 1199 1616 n.
1216 1552 1277 1632 29).

110 1727 114 1732 .
226 1663 258 1726 2⁰
279 1663 458 1746 Privilegia
482 1665 733 1730 communicata
761 1681 821 1747 per
849 1661 1104 1727 concessionem
1127 1658 1257 1735 similis,
1285 1675 1359 1741 quae

66 1837 69 1844 Ι
188 1769 311 1835 idcirco
332 1771 681 1856 dicunturpricz'lepia
700 1771 747 1834 cd
761 1772 879 1849 instar,
894 1768 1085 1853 participari
1098 1771 1244 1851 possunt
1256 1764 1362 1847 dupli-

188 1877 284 1955 citer,
300 1879 426 1944 seilicet
442 1879 597 1944 absolute
613 1885 648 1942 et
661 1879 899 1961 paritorrniter,
915 1876 970 1941 vel
990 1876 1131 1941 limitato
1150 1881 1185 1940 et
1197 1893 1240 1940 ex
1253 1877 1358 1958 perte.

189 1983 226 2050 ln
235 1986 385 2051 secundo
393 2005 485 2065 casu,
498 1987 652 2052 extensio
664 1985 980 2051 communicationis
991 1983 1180 2049 desumitur
1189 2001 1232 2049 ex
1244 1987 1361 2048 tenore

186 2093 354 2176 privilegii
368 2113 447 2158 cum
461 2094 519 2158 tali
533 2093 735 2158 limitatione
748 2093 911 2158 concessi.
1039 2089 1041 2092 ’

230 2201 266 2265 ln
280 2204 389 2287 primo
404 2221 496 2279 casu,
521 2203 573 2266 est
586 2193 798 2286 participatio
807 2202 907 2286 plena
921 2209 955 2266 et
966 2203 1125 2286 perlecta,
1146 2202 1194 2266 ita
1207 2205 1246 2265 ut
1259 2201 1288 2264 is
1308 2201 1362 2265 eui

189 2311 278 2376 iacta
292 2315 344 2376 est
358 2311 433 2375 talis
448 2311 721 2387 communicatio,
737 2311 914 2395 participet
928 2311 1049 2376 eodem
1064 2310 1166 2376 modo
1181 2327 1220 2374 ac
1233 2307 1289 2374 ille
1304 2307 1362 2392 qui

190 2420 293 2484 babet
306 2420 361 2484 vel
375 2421 493 2484 habuit
506 2419 683 2502 privilegia
696 2439 771 2504 quae
783 2405 1034 2503 participantur.
1048 2419 1133 2484 Sunt
1146 2425 1261 2484 tamen
1272 2437 1362 2502 quat-

192 2526 270 2591 dam
285 2529 513 2611 exceptiones,
523 2517 527 2528 ’
537 2533 575 2592 ut
596 2529 624 2592 si
643 2534 802 2610 ageretur
817 2529 858 2592 de
875 2529 1060 2612 privilegiis
1075 2527 1360 2607 extraordinariis,

192 2634 246 2699 vel
258 2634 431 2712 localibuS,
448 2641 508 2701 aut
522 2636 565 2701 ob
580 2636 761 2719 specialem
779 2654 917 2701 causam
932 2636 1029 2701 datis.

231 2744 263 2806 3ο
283 2743 463 2827 Speciatim
484 2742 527 2807 de
550 2743 856 2808 communicatione
876 2743 1133 2827 privilegiorum
1153 2744 1242 2809 inter
1264 2762 1361 2826 regu-

191 2851 279 2917 lares
292 2852 419 2935 aliquid
434 2851 623 2916 notandum
638 2857 699 2916 est.
717 2850 793 2917 Hac
803 2852 1063 2917 communicatio
1078 2850 1119 2917 de
1134 2852 1223 2917 lacto
1235 2854 1362 2936 pendet

193 2980 235 3026 ex
254 2966 368 3026 mente
385 2965 419 3024 et
437 2960 614 3025 voluntate
634 2960 814 3024 Pontificis.
833 2960 895 3024 Per
908 2961 1035 3026 bullam
1049 2961 1217 3038 Leonisll,
1232 2963 1363 3026 mendi-

192 3075 308 3135 cantes
322 3071 411 3134 inter
425 3087 461 3134 se
475 3069 820 3134 communicationem
834 3069 1089 3151 privilegiorum
1102 3071 1239 3148 habent,
1256 3075 1290 3135 et
1300 3090 1363 3155 per

94 3161 98 3167 ’
192 3177 275 3244 alias
289 3176 409 3252 bullas,
426 3178 528 3242 etiam
544 3195 622 3242 cum
636 3194 707 3240 non
721 3165 1001 3241 mendicantibus.
1015 3177 1080 3242 Sed
1093 3196 1165 3242 non
1176 3179 1362 3244 eommuni-

193 3290 313 3351 cantur
328 3285 505 3370 privilegia
527 3284 630 3348 unius
653 3283 827 3366 religionis
847 3285 943 3349 alteri
968 3306 975 3348 :
999 3288 1030 3349 1ο
1054 3286 1082 3349 si
1101 3305 1144 3352 ex
1164 3289 1361 3370 hujusmodi

193 3394 501 3459 communicatione
523 3394 740 3458 observantia
760 3394 926 3476 regularis
939 3394 1211 3474 labefactaretur;
1232 3397 1264 3460 Ψ
1284 3397 1361 3460 siin

193 3503 267 3584 ipso
281 3501 458 3585 privilegio
473 3507 651 3586 caveretur
668 3521 710 3566 ne
734 3501 807 3566 aliis
821 3504 1104 3580 communicetur;
1122 3509 1236 3570 tamen
1250 3505 1358 3582 multi,
1468 3559 1472 3564 .

194 3609 282 3674 inter
305 3629 390 3693 quos
410 3609 442 3674 S.
464 3610 532 3692 Lig.
556 3615 590 3674 et
613 3609 818 3687 Salmantic,
842 3612 1010 3676 affirmant
1032 3610 1088 3676 illa
1107 3614 1359 3692 communicari,

194 3719 273 3804 quia
290 3720 325 3782 in
340 3717 439 3783 bullis
459 3719 587 3782 Summ.
610 3721 763 3785 Pontifex
783 3721 869 3785 solet
886 3721 1007 3796 dicere,
1025 3747 1039 3778 α
1055 3721 1146 3805 quod
1161 3722 1246 3787 tollit
1260 3741 1361 3787 omne

193 3815 476 3910 impedimentum
499 3829 814 3892 communicationis
824 3847 858 3905 »;
881 3829 913 3891 3⁰
935 3829 963 3891 si
978 3835 1275 3906 esseutconcessa,
1292 3849 1362 3895 non

194 3935 253 4000 tali
267 3936 387 4013 ordini,
403 3935 463 4000 sed
474 3935 571 4000 alicui
582 3935 752 4016 religioso,
765 3935 820 3999 vel
834 3935 1001 4018 aliquibus
1015 3935 1162 4001 ecelesiis
1172 3938 1215 4002 ad
1227 3943 1361 4022 tempus

194 4043 468 4121 determinatum,
488 4043 544 4108 vel
558 4044 601 4108 ob
621 4043 768 4127 aliquam
787 4044 954 4108 rationem
974 4044 1165 4126 specialem.
1185 4045 1262 4112 Haeo
1280 4048 1361 4112 aeol-

193 4145 323 4234 pianda
332 4158 412 4216 sunt
426 4152 467 4216 de
483 4151 679 4234 privilegiis,
696 4150 825 4231 gratiis,
842 4151 1062 4232 indulgentiis
1075 4155 1255 4218 concessis.

234 4259 263 4342 d)
279 4259 372 4326 Circa
386 4261 638 4346 acquisitionem
659 4259 915 4342 privilegiorum
931 4279 993 4343 per
1011 4262 1292 4328 consuetudinem
1306 4263 1361 4327 vel

192 4369 495 4453 praescriptionem,
508 4369 592 4434 nihil
599 4369 788 4452 specialiter
800 4369 854 4434 hic
868 4369 1049 4435 dicendum
1059 4376 1120 4448 est,
1133 4389 1210 4436 cum
1220 4371 1361 4437 redeant

194 4477 310 4544 emnia
325 4479 366 4544 de
380 4477 626 4545 consuetudine
642 4484 676 4544 et
685 4478 935 4561 prascriptione
948 4479 1044 4543 dicta.
1057 4480 1297 4546 adnotandum
1308 4487 1360 4548 est

194 4590 328 4652 tantum
346 4589 378 4652 1⁰
397 4588 487 4671 quod
505 4586 682 4697 privilegia
697 4591 815 4652 eontra
832 4587 889 4669 jus
908 4587 1034 4670 acquiri
1051 4595 1195 4672 possunt
1207 4610 1268 4673 per
1281 4609 1359 4656 con-

195 4695 411 4762 suetudinem
438 4713 648 4760 commanem
673 4701 708 4760 et
735 4694 885 4776 legitime
913 4695 1151 4776 introductam,
1182 4699 1259 4786 quia
1286 4701 1358 4768 hac
