3482 5560
530 645 617 692 alaim
637 646 765 702 QUINTUS
786 643 1010 692 abacorum.
1301 622 1361 690 993

194 764 262 831 quc
278 746 442 812 docentur
453 766 573 814 omnes
589 750 756 815 scientiae:
773 751 983 820 vocabantur
1001 749 1104 814 etiam
1125 747 1207 814 olim
1227 748 1361 812 univer·

193 858 320 933 situtae,
333 859 412 941 quia
426 865 523 924 erant
533 860 656 927 scholae
665 860 707 926 ad
717 863 820 948 totius
830 839 984 926 Ecclesiae
993 860 1249 924 universitatem
1261 857 1372 936 desti·¹

192 970 291 1030 nata.
304 965 403 1031 lnitio
411 969 616 1034 universitas
624 971 802 1036 constabat
811 968 934 1053 duplici
944 967 1255 1044 tantumlacultate,
1266 968 1363 1032 theo-

191 1071 291 1153 logia
308 1073 434 1138 scilicet
446 1081 480 1140 et
494 1077 635 1168 artium;
651 1078 724 1142 haec
738 1078 857 1141 ultima
870 1077 1156 1159 complectebatur
1169 1078 1301 1158 septem
1310 1093 1362 1140 ar-

193 1183 421 1260 tesliberales,
434 1202 557 1268 nempe
566 1186 873 1274 t⁰grammatieam,
881 1185 1085 1250 rhetoricam
1095 1189 1130 1248 et
1138 1183 1359 1259 dialecticam,

192 1310 267 1374 qua
282 1292 534 1357 constituebant
551 1292 704 1369 trivium;
721 1293 842 1357 deinde
859 1293 892 1356 9·
909 1292 1166 1369 arithmeticam,
1182 1291 1358 1364 musicam,

192 1399 417 1478 geometriam
440 1404 475 1464 et
495 1400 750 1477 astronomiam,
767 1417 842 1483 quae
862 1398 1119 1483 appellabantur
1132 1398 1357 1482 quadrivium.

192 1505 267 1572 latis
295 1506 510 1572 facultatibus
537 1512 657 1590 postea
685 1507 824 1591 adJeeta
849 1494 1152 1572 luerunt'facultss
1177 1506 1263 1589 juris
1291 1509 1361 1570 lam

191 1615 344 1680 canonici
357 1633 459 1700 quarn
474 1614 581 1681 ululis
610 1621 645 1681 et
667 1614 808 1681 facultas
831 1615 1008 1681 medicine
1026 1633 1098 1692 seu,
1122 1617 1161 1679 ut
1175 1613 1358 1688 dicebatur,

191 1721 349 1806 physicae.

228 1829 261 1892 Ψ
275 1829 511 1914 Exprivilegio
527 1830 663 1914 speciali
686 1831 718 1895 S.
736 1831 918 1909 Pontificis,
941 1832 1083 1898 comites
1106 1831 1258 1907 Palatini,
1289 1848 1361 1896 rso-

190 1939 282 2001 tores
309 1944 481 2003 certorum
502 1939 734 2022 collegiorum,
752 1958 784 2003 v.
808 1960 842 2022 g.
863 1939 996 2021 collegii
1018 1939 1161 2005 Romani
1176 1944 1211 2006 et
1225 1939 1362 2006 Germa-

190 2045 266 2120 nici,
284 2046 453 2127 generalis
470 2047 599 2113 ordinis
618 2047 880 2114 praedicatorum
898 2048 1065 2124 doctores,
1088 2049 1122 2112 in
1137 2047 1169 2112 S.
1187 2047 1363 2129 theologia

189 2169 304 2218 creare
319 2160 473 2236 possunt.
950 2211 956 2224 .

227 2262 261 2325 4ο
277 2261 390 2327 Sixtus
411 2264 437 2327 V
464 2265 632 2330 concessit
658 2265 801 2347 collegio
827 2266 1139 2350 protonotariorum
1164 2264 1362 2330 facultatem

189 2371 325 2436 creandi
352 2371 508 2437 doctores
529 2373 566 2437 in
590 2373 621 2437 S.
648 2373 820 2455 theologia
836 2379 871 2439 et
888 2375 963 2456 jure
983 2374 1163 2449 canonico;
1180 2372 1240 2438 sed
1254 2391 1297 2437 ex
1310 2372 1362 2435 lit

190 2478 270 2542 teris
297 2479 328 2542 S.
346 2479 516 2548 Pontificis
544 2481 592 2546 Pii
613 2482 656 2546 lll
678 2485 708 2564 (9
721 2484 805 2548 febr.
822 2483 923 2566 1853),
939 2482 1162 2566 protonotarii
1185 2486 1362 2564 nequeunt

188 2584 276 2649 hanc
289 2587 484 2653 facultatem
498 2607 657 2654 exercere
672 2590 737 2654 nisi
752 2591 864 2675 quoad
879 2596 1026 2674 quatuor
1038 2597 1203 2674 personas
1218 2606 1281 2672 per
1302 2607 1361 2654 an-

189 2711 272 2757 num
300 2697 335 2760 in
364 2703 506 2782 utraque
542 2698 713 2764 iaorrltate.
738 2699 896 2783 Sequitur
924 2699 1099 2782 episcopos
1125 2701 1201 2781 jure
1223 2699 1359 2781 proprio

189 2801 321 2866 nullum
334 2823 435 2886 posse
448 2807 601 2871 conterre
616 2807 761 2888 gradum
777 2807 1019 2884 academicum,
1036 2805 1144 2870 multo
1167 2807 1282 2870 minus
1303 2823 1361 2889 ap·

188 2911 331 2992 probare
348 2913 585 2980 universitates
596 2918 655 2978 aut
668 2914 856 2980 facultates.
1218 2905 1222 2914 ’

227 3017 266 3080 ll.
281 3017 636 3103 Formupromovendi
652 3021 807 3086 doctores
818 3022 890 3085 sive
900 3021 1083 3102 magistros
1096 3022 1143 3084 :1⁰
1153 3020 1361 3086 Praemitten-

190 3123 271 3188 dum
284 3131 336 3189 est
348 3127 542 3206 rigorosum
556 3145 712 3203 examen,
730 3146 797 3211 quo
820 3125 1017 3209 exploretur
1035 3127 1204 3194 candidati
1219 3129 1362 3195 scientia

190 3236 224 3295 et
236 3233 391 3297 eruditio.
401 3233 538 3311 Tamen,
552 3235 580 3298 si
590 3233 726 3299 aliunde
735 3234 986 3317 professoribus
997 3253 1058 3299 seu
1070 3235 1361 3300 examinatoribus

190 3343 271 3404 satis
297 3347 469 3406 constaret
483 3341 525 3406 de
544 3341 741 3419 idoneitate,
762 3343 818 3406 isti
840 3343 1177 3407 examenremittere
1198 3348 1359 3426 possent:

188 3449 235 3513 ita
248 3449 363 3532 plures
379 3451 468 3532 apud
483 3449 698 3532 Schmalzgr.,
716 3471 749 3515 n.
766 3451 815 3516 28.
830 3451 862 3514 9⁰
877 3447 1117 3514 praemittenda
1130 3456 1183 3515 est
1192 3451 1361 3535 professio

188 3557 267 3621 fldei
283 3560 383 3641 juxta
401 3557 529 3623 bullam
544 3559 591 3622 Pii
607 3559 657 3636 lv,
673 3558 824 3644 alioquin
839 3559 935 3622 irrita
956 3563 1009 3622 est
1027 3559 1196 3641 promotio
1218 3557 1278 3624 seu
1293 3559 1360 3624 col-

153 3645 160 3672 ''
188 3663 268 3730 latio
278 3665 415 3746 gradus.
432 3667 464 3730 3ο
479 3666 517 3731 ln
531 3668 605 3751 ipsa
616 3669 830 3750 promotione
847 3665 933 3732 tradi
947 3665 1074 3732 debent
1086 3667 1266 3734 candidato
1279 3668 1361 3732 iusi·

189 3773 270 3853 gnia
285 3773 477 3840 doctoralia.

228 3879 287 3944 lus
308 3886 406 3945 cavet
424 3887 463 3946 ut
481 3887 638 3967 sumptus
653 3883 874 3968 impendendi
892 3885 927 3948 in
943 3884 1158 3950 solemnitate
1177 3885 1361 3967 inaugura-

190 3989 292 4053 tionis
302 3991 481 4056 doctoralis
491 4002 561 4057 non
573 3993 738 4058 excedant
752 4011 922 4060 summam
934 3993 1205 4071 determinatam,
1219 4013 1278 4060 seu
1292 3995 1360 4058 sint

189 4097 366 4162 moderati.

229 4203 420 4269 Notandum
436 4212 488 4270 est
504 4205 595 4290 quod
608 4209 713 4272 creari
729 4226 798 4273 non
810 4215 954 4292 possunt
968 4209 1145 4276 doctores:
1168 4211 1199 4274 t·
1210 4209 1358 4285 leminae,

190 4331 233 4376 ex
258 4331 331 4377 can.
348 4313 535 4392 Mulierem,
551 4316 600 4392 ll,
615 4333 718 4380 causa
732 4317 782 4392 33,
805 4316 874 4381 etl.
891 4318 1050 4394 Femina,
1067 4319 1096 4394 S,
1111 4318 1147 4382 ll.
1163 4317 1204 4382 de
1217 4317 1298 4402 Κεφ.
1310 4319 1358 4400 j.;
1395 4299 1402 4314 ⁸

189 4420 222 4482 2⁰
238 4421 343 4502 spurii
354 4425 388 4484 et
400 4420 578 4502 illegitimi,
590 4423 655 4487 nisi
663 4423 918 4506 dispensantem
930 4425 962 4489 3ο
969 4425 1074 4508 judei
1085 4423 1179 4488 etalii
1189 4425 1357 4502 infideles,

190 4545 269 4590 cum
293 4527 487 4592 doctoratus
508 4529 552 4591 sit
575 4529 733 4610 dignitas,
758 4532 856 4612 cujus
877 4537 957 4595 sunt
982 4533 1182 4614 incapaces;
1203 4531 1237 4594 4⁰
1250 4533 1360 4596 crimi-

192 4637 277 4711 nosi,
294 4636 448 4714 infames,
463 4639 765 4720 proptereamdem
777 4641 944 4705 rationem
955 4661 962 4717 ;
975 4642 1007 4704 δ”
1022 4640 1161 4706 scientia
1172 4641 1371 4708 sulssciante'

193 4741 354 4808 destituti.
417 4753 421 4762 '
