3482 5560
533 585 619 630 trena
640 585 767 640 ausurus
790 583 1011 630 oucaurunruu.
1306 560 1366 624 265

187 704 275 770 tialis
291 724 299 767 :
317 707 433 769 tamen
447 718 629 784 expressus
648 701 841 786 recipientis
858 701 1063 766 beneficium
1082 717 1274 766 cousensus
1295 716 1366 764 non

184 812 377 895 requiritur.
401 809 449 874 Oh
468 809 711 874 confidentiam
731 817 838 895 quam'
854 827 943 874 unus
959 812 1100 892 praestat
1120 807 1229 885 alteri,
1245 806 1367 872 dicitur

184 918 441 987 conlidentialis.
467 917 593 982 Dicitur
613 918 823 1000 qualificata,
848 918 928 1002 quia
948 918 987 980 tit
1001 935 1080 982 oum
1099 914 1235 1000 speciali
1258 914 1364 1000 quali-

187 1033 256 1095 tate
271 1033 305 1092 et
320 1029 421 1106 iacto,
437 1030 473 1092 et
487 1027 627 1110 insuper
640 1025 822 1108 specialem
835 1027 940 1091 habet
957 1027 1157 1111 qualitatem
1172 1042 1363 1108 plenarum.

679 1253 813 1316 SEGTIO
836 1253 874 1316 ll.

540 1399 591 1452 De
628 1400 748 1464 paeto
785 1367 1014 1452 simoniaco.

592 1553 612 1604 1.
631 1551 747 1606 Pactum
761 1551 960 1606 simoniacum.

229 1694 372 1760 Nomine
390 1691 556 1776 pactionis
576 1690 769 1755 simoniaoae
789 1691 900 1768 venit,
924 1695 962 1754 nt
985 1695 1087 1756 autea
1107 1690 1271 1767 diximus,
1298 1691 1368 1776 qui·

190 1821 336 1886 cumque
350 1805 541 1867 contractus
556 1817 722 1865 onerosus
738 1804 773 1864 et
787 1799 1030 1882 reciprocuset
1044 1801 1156 1865 omnis
1170 1800 1364 1874 nomentio,

191 1916 261 1974 tam
285 1910 386 1976 tacita
412 1927 515 1993 quam
537 1926 710 1992 expressa,
732 1909 767 1972 vi
790 1911 889 1991 eujus
907 1907 1080 1991 spirituale
1093 1927 1155 1992 pro
1175 1907 1365 1991 temporali,

191 2022 353 2102 tauquam
370 2018 491 2101 pretio,
509 2016 608 2081 datur
619 2016 675 2080 vel
692 2017 911 2099 promittitur.
934 2016 1022 2082 Nihil
1037 2034 1119 2098 ergo
1135 2018 1240 2081 refert
1261 2017 1304 2081 ad
1324 2017 1368 2080 si-

191 2127 342 2192 moniam
362 2123 609 2210 qualecumque
629 2143 757 2191 nomen
775 2124 834 2189 tali
852 2129 952 2208 pacto
969 2125 1176 2208 imponetur,
1199 2125 1368 2209 quianon
1395 2126 1398 2134 '

193 2235 305 2318 agitur
316 2235 357 2300 de
372 2235 496 2312 verbis,
510 2234 572 2300 sed
587 2235 754 2300 derebus.

230 2343 277 2407 De
292 2346 467 2408 contractu
480 2343 590 2406 mutui
605 2343 779 2426 disputant
791 2343 857 2406 ol).
876 2363 883 2406 ι
902 2349 1017 2409 utrum
1039 2361 1123 2426 ergo
1143 2342 1254 2406 mutui
1273 2360 1369 2406 exac-
1500 2331 1503 2339 ’

193 2452 239 2517 tio
260 2469 322 2536 pro
345 2471 382 2516 re
407 2451 572 2535 spirituali
596 2452 640 2516 sit
664 2451 870 2518 simoniaca?
889 2453 984 2516 Multi
1008 2458 1137 2534 negant
1159 2452 1366 2535 simpliciter,
1457 2519 1460 2527 ,

193 2561 272 2644 quia
286 2561 467 2636 mutuatio,
487 2579 562 2644 quae
578 2562 727 2643 gratuite
739 2581 815 2626 esse
831 2561 943 2637 debet,
957 2579 1026 2625 uon
1039 2563 1152 2644 potest
1167 2559 1368 2644 aequiparari

193 2670 318 2752 pretio,
346 2673 380 2732 et
402 2669 534 2733 censeri
557 2668 638 2753 qnid
662 2669 865 2753 temporale:
893 2668 949 2734 alii
970 2671 1157 2745 affirmant,
1184 2669 1263 2752 quia
1285 2686 1368 2733 usus

191 2777 345 2862 pecuniae
360 2776 460 2842 alicui
473 2794 656 2841 concessus
672 2782 725 2840 est
743 2777 823 2862 quid
843 2779 952 2861 pretio
969 2777 1179 2854 aestimabile,
1197 2782 1231 2842 et
1247 2776 1325 2842 ideo
1341 2777 1368 2840 si

193 2890 353 2948 mutuum
369 2885 526 2965 exigatur
539 2893 689 2970 reperto
703 2905 764 2969 pro
781 2905 816 2950 re
834 2885 1010 2970 spirituaii,
1028 2891 1080 2950 est
1094 2885 1250 2951 simonia.
1264 2885 1370 2951 Docta

192 2993 352 3076 iniquitas
375 2993 488 3057 varios
510 2993 631 3058 modos
653 2993 859 3075 excogitavit
880 2993 1002 3078 quibus
1023 2993 1198 3076 turpitudo
1213 2993 1368 3057 simoniae

193 3102 382 3181 tegeretur;
402 3099 464 3164 sed
483 3100 557 3164 istae
573 3101 729 3166 fictiones
748 3101 845 3167 facile
866 3101 1074 3183 deteguntur
1088 3104 1123 3164 et
1142 3119 1185 3164 ex
1199 3100 1297 3164 dictis
1317 3119 1370 3164 rc·
1461 3099 1462 3104 ’

195 3211 389 3272 moventur.

234 3315 351 3400 ltaque
372 3317 404 3379 l⁰
418 3319 516 3400 pacta
530 3333 693 3400 expressa
708 3317 831 3402 quihus
842 3317 1005 3382 daturvel
1015 3315 1225 3401 promittitur
1240 3321 1371 3399 tempo-

113 3503 114 3506 ,
194 3425 276 3503 rale,
293 3431 332 3490 ut
342 3426 502 3509 pretium,
514 3445 576 3510 pro
585 3425 762 3510 spirituali,
781 3431 861 3491 sunt
872 3427 1053 3492 manifeste
1070 3427 1275 3491 simoniace:
1291 3430 1329 3488 ut
1342 3426 1370 3489 si
1483 3498 1486 3504 ⁵

197 3533 296 3598 detur
310 3535 454 3617 pecunia
476 3552 538 3618 pro
560 3534 740 3599 collatione
757 3535 927 3612 ordinum,
943 3552 1006 3617 pro
1022 3533 1198 3611 electione,
1216 3533 1370 3598 nomina-

139 3709 142 3714 ,
196 3641 299 3718 tione,
317 3647 379 3707 etc.
400 3643 442 3707 ad
459 3643 680 3720 beneficium
695 3661 757 3727 pro
768 3643 842 3726 ipso
856 3643 1013 3725 ingressu
1029 3643 1072 3708 ad
1083 3643 1296 3725 religionem,
1308 3661 1370 3726 pro

195 3749 278 3832 ipsis
292 3751 396 3815 saeris
411 3749 572 3834 reliquiis.

235 3857 268 3920 θ’
292 3857 378 3923 Dare
405 3857 592 3942 temporale
615 3877 678 3942 pro
701 3858 880 3941 spirituali,
906 3877 976 3924 non
1001 3863 1040 3922 ut
1062 3859 1226 3941 pretium,
1248 3859 1308 3924 sed
1332 3864 1371 3923 ut

196 3967 366 4032 motivum
389 3966 606 4051 adaquatum
628 3972 688 4032 aut
703 3967 824 4032 saltem
842 3967 1043 4050 primarium
1059 3967 1257 4032 conferendi
1276 3967 1370 4050 spiri-

197 4074 299 4150 tuale,
319 4073 376 4139 vel
394 4078 433 4138 ut
451 4075 625 4158 spirituale
639 4075 834 4140 conteratur
853 4093 896 4139 ex
914 4075 1192 4157 compensatione
1210 4075 1367 4156 gratuita,

197 4186 249 4246 est
263 4181 497 4247 simoniacum.
514 4181 572 4246 Est
584 4182 684 4248 hodie
699 4187 792 4247 certa
808 4183 987 4258 sententia,
1001 4199 1045 4246 ex
1058 4179 1277 4246 damnatione
1290 4199 1369 4246 con-

197 4289 307 4353 trariae
327 4290 505 4354 sententiae
524 4307 585 4373 per
603 4289 676 4353 lun.
695 4289 736 4352 lll
754 4310 761 4353 :
779 4314 795 4348 «
812 4289 896 4355 Dare
912 4287 1100 4372 temporale
1121 4307 1183 4371 pro
1204 4288 1369 4372 spirituali

197 4415 267 4462 nou
286 4403 339 4461 est
357 4397 593 4472 simoniacum,
615 4395 751 4482 quaudo
770 4395 956 4481 temporale
983 4415 1053 4461 non
1080 4395 1180 4461 datur
1208 4401 1371 4480 tanquam

197 4506 361 4587 pretium,
379 4504 439 4590 sed
455 4503 620 4570 duntaxat
635 4509 798 4588 tanquam
816 4505 985 4569 motivum
1000 4505 1197 4569 conferendi
1218 4503 1275 4568 vel
1300 4505 1372 4568 eill-

196 4613 307 4678 ciendi
322 4611 507 4695 spirituale,
526 4611 692 4676 ueletiam
705 4612 841 4696 quando
856 4613 1043 4696 temporale
1054 4613 1092 4674 tlt
1102 4611 1213 4676 solum
1223 4611 1372 4694 gratuita

197 4720 429 4804 compensatio
437 4737 500 4808 pro
508 4719 672 4808 spirituali
680 4723 739 4786 aut
747 4719 1088 4806 econtra»(prop.xcv
1096 4719 1186 4785 inter
1194 4719 1371 4787 damnatas
