3514 5564
598 590 684 639 niusa
706 595 841 648 omarus
861 593 1082 640 oscanrautuu.
1111 559 1113 562 ⁵
1372 577 1430 640 133

256 709 332 773 litas
363 728 424 774 seu
451 711 571 777 mixtio
602 712 773 794 graduum
809 710 1030 793 exprimenda
1046 711 1101 774 sit
1124 711 1176 796 (t).
1208 707 1261 774 Sic
1288 715 1430 794 patruus

256 821 291 880 et
324 835 431 902 nepos
451 837 494 882 ex
523 819 625 884 fratre
647 820 773 885 distant
796 821 928 886 duobus
950 817 1122 901 gradihus,
1153 837 1214 883 seu
1240 818 1349 900 gradu
1379 836 1432 882 se-

256 925 369 991 cundo
398 926 507 990 ndxto
540 945 619 991 cum
638 928 766 1011 primo;
797 929 876 1011 quia
893 945 1000 1010 nepos
1022 927 1064 992 ab
1086 945 1151 991 avc
1173 926 1275 990 distat
1298 927 1431 990 duobus
1520 919 1524 926 ’

256 1035 433 1114 gradihus,
449 1034 528 1100 licet
550 1041 691 1118 patruus
712 1037 816 1101 distet
836 1041 970 1101 tantum
996 1052 1065 1100 nno
1086 1035 1216 1116 gradu:
1238 1035 1285 1099 ita
1304 1033 1431 1116 regula

257 1142 329 1206 istae
353 1143 533 1209 traduntur
551 1162 622 1228 cap.
643 1145 664 1208 t
684 1149 719 1209 et
740 1163 810 1229 seq.
832 1145 882 1218 35,
905 1165 936 1227 q.
958 1145 989 1223 5,
1012 1162 1040 1208 c.
1062 1143 1120 1207 ssn.
1141 1144 1175 1208 h.
1198 1146 1220 1206 t.
1242 1143 1292 1206 Ex
1309 1143 1432 1226 quibus

258 1252 421 1335 optimam
436 1253 472 1316 in
493 1257 609 1317 ments
621 1254 926 1335 consanguinitatis
943 1254 1101 1317 arborem
1117 1251 1323 1328 efformabis,
1346 1255 1381 1314 ει
1396 1251 1432 1315 in

256 1359 417 1434 chartula,
442 1362 647 1443 computatis
675 1362 831 1444 personis
856 1360 1029 1444 usquead
1052 1377 1272 1424 communem
1295 1358 1430 1440 stipem,

257 1466 352 1532 iacile
367 1467 595 1552 quarumlibet
612 1487 838 1552 personarum
860 1467 1056 1532 distantiam
1077 1466 1321 1550 deprehendes.
1338 1467 1381 1530 At
1397 1465 1431 1530 in

258 1575 376 1640 ordine
390 1577 432 1641 ad
448 1577 681 1642 successiones
697 1583 731 1642 et
746 1578 962 1644 haereditates
976 1578 1012 1640 in
1027 1581 1172 1661 utroque
1187 1577 1275 1651 toro,
1289 1573 1380 1648 civili
1398 1579 1433 1638 et

257 1686 432 1760 canonico,
455 1687 657 1751 observatur
675 1689 883 1771 computatio
905 1685 1095 1752 secundum
1113 1689 1171 1769 jus
1185 1683 1306 1760 civile,
1320 1686 1358 1747 ut
1382 1687 1434 1748 tot

259 1794 326 1856 sint
340 1794 477 1875 gradus,
499 1799 583 1878 quot
600 1796 840 1876 generationes
863 1813 923 1860 seu
945 1813 1113 1878 personat,
1138 1811 1206 1858 una
1228 1793 1374 1875 dempta,
1397 1795 1435 1855 ut

259 1900 328 1965 dixi
346 1901 368 1964 l.
386 1901 439 1978 111,
457 1903 506 1966 tit.
524 1903 566 1966 de
588 1902 736 1968 Succosa.
757 1902 799 1966 ab
818 1905 927 1967 intest.
951 1904 1130 1968 Rationem
1154 1900 1360 1966 diversitatis
1379 1899 1436 1964 dat

258 2001 659 2094 Alex.11,eit.'eap.a,=«
684 2012 763 2095 quia
775 2011 991 2076 haereditates
1013 2015 1190 2096 nequeunt
1212 2009 1346 2085 deferri,
1371 2008 1437 2072 nisi

260 2119 300 2183 de
316 2136 386 2182 una
399 2117 597 2184 adulteram
610 2135 811 2201 personam:
827 2119 952 2184 idcirco
967 2119 1099 2183 curavit
1111 2118 1281 2182 saeoularis
1292 2117 1437 2200 impera-

261 2231 313 2290 tor
327 2227 361 2290 in
376 2225 519 2308 singulis
541 2229 696 2311 personis
721 2225 875 2317 singulos
890 2228 1068 2311 praefigere
1084 2226 1221 2308 gradm.
1248 2225 1333 2302 Quia
1354 2242 1437 2290 vero

260 2337 388 2418 nuptiae
412 2336 485 2400 aine
510 2337 643 2400 duabus
663 2355 733 2401 non
756 2337 873 2401 valent
893 2337 966 2402 fleri
985 2337 1152 2420 personis,
1179 2335 1256 2400 ideo
1278 2335 1364 2400 sacri
1384 2351 1439 2398 ca·

262 2462 370 2510 noues
386 2444 469 2508 duas
484 2445 519 2507 in
529 2463 598 2509 uno
613 2445 721 2527 gradu
734 2445 942 2511 constituere
955 2463 1131 2529 personas,
1150 2471 1165 2502 »
1182 2448 1244 2508 ete.

470 2623 476 2638 ’
495 2627 525 2676 11.
542 2624 687 2686 Quomodo
701 2625 902 2690 computentur
916 2624 1019 2690 gradus
1034 2623 1200 2676 affinitatis?

299 2771 398 2856 Resp.
426 2773 619 2838 Secundum
642 2773 777 2838 unicam
796 2774 977 2856 regulam:
1004 2773 1110 2850 «Quo
1130 2773 1238 2854 gradu
1264 2776 1317 2837 est
1334 2774 1435 2837 unius

260 2880 417 2962 conjugis
439 2883 734 2964 consanguinitas,
755 2883 876 2947 eodem
892 2881 1000 2963 gradu
1020 2886 1072 2946 est
1086 2882 1225 2946 alterius
1243 2883 1401 2958 affinitas,
1419 2907 1435 2940 a

261 3005 322 3052 seu
345 3015 359 3046 «
383 2989 418 3052 in
439 2989 495 3054 illo
515 2991 622 3072 gradu
645 2996 697 3056 εει
718 2991 839 3074 aliquis
862 2989 973 3055 artinis
994 2991 1103 3064 uxori,
1120 2991 1156 3053 in
1173 3009 1239 3074 quo
1256 2991 1361 3070 gradu
1384 2995 1437 3054 cst

249 3097 537 3177 consanguineus
551 3099 674 3163 marito
689 3119 696 3161 :
716 3124 731 3157 n
748 3103 782 3162 et
796 3119 814 3162 e
829 3103 949 3163 contro
967 3123 982 3156 a
1004 3098 1038 3161 in
1053 3098 1110 3162 illo
1125 3097 1233 3178 gradu
1249 3102 1301 3160 εει
1315 3097 1436 3181 aliquis

260 3204 372 3267 affinis
397 3205 531 3282 marito,
555 3205 589 3270 in
613 3225 680 3290 quo
704 3206 812 3287 gradu
837 3211 889 3270 εει
911 3207 1188 3288 consanguineus
1214 3205 1311 3268 uxo1i
1335 3225 1342 3265 :
1366 3210 1438 3268 »et

261 3313 397 3394 quidem
413 3313 441 3376 si
457 3315 732 3396 consanguineus
749 3319 802 3378 est
819 3315 853 3377 in
867 3313 958 3378 linea
972 3319 1065 3378 recta
1077 3312 1134 3378 vel
1150 3317 1353 3386 transversa,
1372 3312 1437 3376 erit

262 3439 397 3505 quoque
411 3423 523 3486 atticis
538 3423 573 3486 in
587 3423 679 3488 linea
692 3428 786 3488 recta
799 3422 855 3487 vel
875 3427 1078 3487 transversa.

300 3526 341 3591 In
353 3527 443 3592 licea
458 3538 559 3606 recto,
574 3530 716 3595 maritus
726 3535 760 3594 et
769 3548 866 3606 uxor,
880 3531 937 3614 qui
947 3527 1237 3612 suntprinoipium
1249 3527 1434 3604 affinitatis,

261 3636 466 3700 contrahunt
489 3638 690 3702 affluitatem
714 3655 793 3702 cum
816 3638 869 3701 his
893 3637 1048 3721 personis
1073 3655 1148 3721 quae
1174 3637 1208 3700 in
1233 3634 1324 3701 linea
1344 3641 1437 3700 reota

262 3751 347 3810 sunt
357 3746 603 3827 consanguinei
618 3745 775 3823 atterius,
801 3741 888 3810 utin
918 3747 1025 3829 primo
1045 3745 1153 3826 gradu
1177 3745 1436 3809 ascendentium

227 3935 230 3940 ,
263 3859 315 3917 est
337 3871 442 3928 socer,
468 3871 529 3917 seu
549 3859 645 3936 pater
658 3854 771 3918 mariti
787 3859 847 3919 aut
865 3853 996 3930 uxoris,
1014 3870 1147 3927 socrus,
1162 3871 1223 3917 seu
1239 3859 1348 3916 mater
1365 3871 1435 3917 ma-

262 3962 317 4024 riti
338 3966 397 4026 aut
414 3979 503 4024 uxor
517 3961 619 4025 simul
633 3961 676 4025 ad
692 3961 840 4026 invicem
855 3965 1021 4026 vocantur
1035 3961 1221 4036 consoceri,
1237 3978 1433 4037 consocrus,

263 4087 409 4152 quorum
429 4069 488 4132 filii
512 4073 545 4133 et
571 4069 649 4133 tiliae
672 4071 808 4154 nuptias
828 4070 931 4134 simul
954 4073 1208 4134 contraxerunt.
1231 4067 1288 4131 His
1309 4087 1438 4133 corres-

261 4178 392 4260 pondet
417 4197 525 4260 gener
539 4197 600 4244 seu
615 4180 759 4245 maritus
781 4179 871 4257 sstiae,
889 4184 924 4244 et
941 4199 1048 4244 nurus
1069 4197 1131 4244 seu
1152 4197 1240 4244 uxor
1261 4177 1332 4241 tilii.
1353 4178 1439 4244 Item

263 4288 298 4350 in
321 4287 443 4352 eodem
462 4289 568 4370 gradu
589 4293 671 4353 sunt
687 4291 826 4354 vitricus
846 4307 907 4354 seu
926 4290 1069 4354 maritus
1091 4288 1221 4363 matris,
1239 4291 1274 4351 et
1290 4306 1439 4352 noverca

263 4413 324 4458 seu
342 4415 430 4460 uxor
449 4397 579 4472 mariti;
603 4398 781 4480 privignus
803 4417 864 4462 seu
889 4397 979 4462 filius
999 4415 1041 4460 ex
1062 4395 1127 4461 alio
1147 4395 1365 4460 matrimonio
1381 4412 1439 4459 na-

294 4579 328 4642 (t)
340 4579 407 4629 Hinc
419 4579 536 4629 validum
547 4582 587 4629 est
601 4579 798 4632 matrimonium
812 4581 881 4631 inter
892 4595 938 4631 ecs
948 4593 1063 4644 quorum
1074 4591 1145 4628 unus
1154 4577 1234 4628 distat
1244 4591 1261 4626 a
1271 4577 1359 4640 stipite
1369 4575 1438 4625 ultro

262 4659 400 4796 ὃξιίῗτιιὶωὶ
408 4655 556 4794 ειὶεειιῧινα
567 4658 690 4720 quartum
702 4657 825 4723 gradum,
837 4657 886 4710 atsi
895 4657 944 4710 iste
960 4669 1014 4710 uno
1026 4658 1131 4710 tantum
1141 4653 1225 4724 gradu
1236 4653 1315 4707 distet
1324 4667 1339 4706 u
1349 4652 1436 4720 stipite

319 4767 335 4794 u
368 4765 374 4782 ·
403 4767 419 4794 ’t
456 4769 461 4782 ·
519 4769 525 4784 ·
