3482 5560
566 501 651 548 uasa
672 499 798 556 orturus
819 497 1038 548 oacnursucu.
1338 483 1398 548 283

222 619 382 698 vissimis,
400 619 480 704 quia
493 617 639 684 Ecclesia
653 637 788 702 semper
803 619 970 685 detestata
982 623 1035 684 est
1047 619 1113 683 hoc
1127 618 1268 698 crimen,
1280 623 1398 702 utpote

223 731 372 794 maxime
388 729 530 793 noxium
543 728 735 811 reipublicae
749 728 941 794 christieuae
957 731 1101 812 ejusque
1123 727 1289 810 spirituali
1312 729 1399 810 regi-

222 839 317 901 mini.
334 837 367 900 Si
379 837 525 901 simonia
539 836 582 900 sit
594 836 738 920 publica,
755 837 940 901 recurritur
950 837 994 902 ad
1006 836 1197 912 Daiariam;
1215 835 1340 900 sivero
1357 836 1400 899 sit

226 945 368 1020 occulta,
385 944 664 1010 recurrituredS.
681 944 981 1009 Poenitentiariam.
998 943 1123 1008 Bened.
1140 943 1221 1020 lllV,
1239 944 1274 1008 iu
1288 949 1396 1008 coust.
1441 953 1444 958 ’

106 1100 111 1106 -
224 1053 347 1119 Pastor
355 1053 469 1130 bonus,
483 1052 572 1128 lili,
590 1052 745 1116 distincte
760 1053 873 1128 uadit,
888 1052 1001 1136 quoad
1013 1051 1154 1116 modum
1166 1051 1396 1136 dispensandi,

222 1166 257 1225 ct
269 1160 481 1225 conditiones
498 1165 532 1224 et
547 1160 715 1224 clausulas
737 1160 800 1224 sub
816 1160 939 1244 quibus
961 1159 1168 1242 dispensatio
1189 1157 1396 1224 conceditur.

222 1267 260 1334 lu
281 1269 500 1334 exsecutione
520 1268 710 1333 litterarum
731 1268 1006 1353 dispensationis,
1023 1267 1258 1334 observandus
1275 1271 1329 1332 esi
1344 1285 1398 1332 aa·

222 1396 300 1444 rum
316 1381 424 1456 tenor,
446 1379 546 1461 juxte
558 1376 695 1460 regulas
710 1381 745 1442 et
760 1377 894 1462 praxim
913 1375 1067 1442 omnium
1091 1375 1396 1460 dispensationum.

711 1599 848 1662 SEGTIO
869 1600 906 1660 V.

384 1737 432 1792 De
448 1739 664 1793 restitutione
680 1752 796 1792 rerum
809 1739 991 1792 dmanlaaa
1007 1741 1232 1806 acceptarum.

436 1895 456 1946 1.
471 1891 607 1960 obligatio
622 1892 791 1947 rastltueudi
806 1906 850 1946 res
865 1893 1020 1947 simonlace
1035 1894 1173 1959 acceptas.

200 2097 206 2110 ,
261 2030 292 2093 l⁰
306 2027 344 2092 ln
363 2029 506 2092 materia
519 2028 719 2106 beneficiali,
744 2029 862 2094 datum
882 2035 916 2094 et
929 2033 1107 2113 acceptum
1121 2030 1256 2094 restitui
1273 2030 1399 2095 debent

222 2143 300 2202 ante
312 2155 451 2202 omnem
461 2136 678 2213 seutentiam,
694 2155 773 2201 cum
784 2139 841 2220 jus
854 2137 1018 2221 impediat
1041 2135 1298 2203 translationem
1310 2137 1398 2220 juris

221 2246 260 2330 (a.
274 2247 309 2310 ll
320 2245 353 2309 h.
365 2245 439 2326 titt.
457 2244 574 2328 ltaque
584 2262 662 2308 cum
673 2245 984 2311 irritesitbenellcii
997 2245 1399 2328 acceptatio,eoipsonec
1526 2281 1530 2290 ι

221 2354 394 2418 lruotuum
408 2352 597 2418 dominium
607 2353 806 2437 acquisitum
817 2353 1084 2438 ergohiquoque
1093 2357 1173 2418 sunt
1182 2353 1395 2419 restituendi.
1556 2347 1565 2356 '

220 2461 268 2525 Ex
282 2461 387 2526 altere
401 2466 497 2545 perte
512 2465 547 2526 et
560 2466 821 2544 consequenter,
838 2461 938 2544 prelii
953 2463 1082 2545 accepti
1101 2462 1289 2526 dominium
1302 2463 1397 2528 nullo

220 2571 325 2636 modo'
350 2571 477 2655 acquiri
500 2573 624 2654 potest.
652 2570 704 2634 Ad
729 2571 909 2636 materiam
930 2570 1166 2636 beneficialem
1193 2575 1397 2637 revocentur

219 2679 412 2763 pensiones,
426 2677 620 2744 saltemlllae
636 2679 883 2765 quaedicuntur
894 2679 1090 2765 simpliciter
1105 2679 1310 2766 spirituales,
1326 2695 1397 2746 non

220 2806 303 2852 vero
318 2789 445 2853 mr'ctoe.

259 2895 338 2960 i⁰ln
345 2897 489 2962 materia
502 2901 597 2961 extra
608 2896 808 2973 beneficiati,
824 2895 997 2980 spirituale
1005 2915 1076 2962 non
1087 2902 1140 2962 est
1148 2897 1398 2962 restituendum

219 3021 280 3087 per
295 3021 343 3080 se,
360 3003 528 3089 quialicet
536 3010 696 3088 peccetur
709 3009 827 3069 contra
838 3003 1051 3085 religionem,
1065 3023 1136 3069 nou
1147 3009 1264 3070 tamen
1278 3010 1398 3070 centra

217 3111 387 3194 justitiam
399 3111 692 3177 commutativem.
707 3111 835 3176 Deinde
849 3110 1005 3196 quaedem
1017 3113 1150 3182 restitui
1160 3131 1230 3176 non
1240 3117 1395 3196 possunt,

219 3238 253 3284 v.
266 3237 299 3300 g.
317 3237 412 3284 sacer
426 3220 520 3285 ordo.
536 3220 578 3284 At
591 3219 699 3302 judex
713 3225 836 3303 potest,
859 3221 896 3284 iu
915 3238 1053 3302 posnam
1069 3221 1192 3298 delicti,
1214 3221 1400 3287 restitutio·

221 3347 302 3392 nem
316 3329 508 3411 injungere.
534 3329 611 3394 Haec
635 3327 793 3392 dicuntur
806 3347 868 3412 per·
884 3328 1028 3393 modurn
1042 3329 1197 3413 principii
1210 3330 1394 3412 generalis,

224 3437 314 3520 quod
343 3436 531 3519 applicatur
567 3441 637 3500 tam
667 3436 732 3519 ipsi
761 3436 810 3500 rei
840 3435 1005 3519 spirituali
1041 3437 1225 3503 simoniace
1251 3445 1398 3523 accepte

223 3561 326 3628 quam
341 3547 416 3626 eius
431 3545 552 3628 pretio.
570 3545 814 3609 Verumtamen
827 3544 977 3628 pretium
991 3544 1178 3628 temporale
1193 3545 1325 3629 dejure
1341 3567 1399 3613 na-

223 3651 323 3716 turali
338 3653 471 3717 restitui
485 3651 596 3728 debet,
608 3654 688 3738 quia
702 3652 736 3715 id
753 3651 859 3732 exigit
869 3652 1003 3734 justitia
1013 3655 1269 3728 commutetiva',
1277 3655 1399 3719 saltem

223 3759 252 3821 si
266 3759 414 3840 pretium
429 3759 512 3824 illud
531 3766 708 3844 acceptum
726 3759 830 3825 luerit
842 3777 904 3843 pro
923 3778 960 3824 re
982 3759 1148 3842 spirituali
1165 3761 1298 3827 nullum
1316 3769 1399 3828 tem-

221 3867 337 3950 porale
353 3871 574 3937 commodum
587 3873 746 3937 habente.

149 4043 152 4052 ,
261 3977 305 4040 dt
318 3977 345 4040 si
358 3995 414 4041 res
429 3979 612 4062 spiritualis
625 3981 750 4046 hebeat
762 3980 982 4062 commodum
1002 3980 1189 4064 temporale
1214 3983 1398 4067 adaequans

223 4083 341 4148 datum
367 4088 527 4169 pretium,
553 4089 618 4153 hoc
645 4108 715 4154 nou
741 4094 793 4153 est
807 4088 1059 4154 restituendum
1077 4090 1118 4153 do
1138 4091 1215 4171 jure
1239 4091 1396 4168 naturali,

223 4190 411 4258 dummodo
426 4195 557 4260 ratione
573 4197 817 4279 spiritualitatis
831 4215 902 4262 nou
918 4197 961 4260 sit
970 4194 1047 4279 plus
1060 4200 1254 4278 acceptum:
1268 4216 1301 4260 v.
1318 4217 1351 4279 g.
1370 4199 1399 4262 si

222 4316 284 4381 pro
297 4301 454 4382 ingressu
468 4301 642 4384 religionis
657 4304 784 4389 aliquid
801 4305 996 4388 accipiatur,
1018 4303 1110 4388 quod
1129 4303 1173 4367 sit
1192 4321 1398 4370 conversum

222 4407 258 4472 iu
274 4409 403 4474 honum
426 4413 691 4477 communitatis.
711 4413 837 4478 Tamen
856 4411 964 4496 judex
984 4414 1115 4495 potest,
1144 4411 1247 4476 etiam
1277 4413 1313 4476 iu
1333 4413 1399 4479 hoc

222 4533 314 4593 casu,
330 4519 549 4601 praescribere
562 4521 816 4586 restitutionem
829 4523 1014 4604 inpoenam
1027 4520 1200 4584 commissi
1218 4519 1341 4587 delicti.
1364 4521 1398 4586 Si

222 4643 306 4690 vero
320 4631 459 4691 auctum
472 4627 575 4693 luerit
587 4630 737 4712 pretium
750 4631 882 4698 ratione
899 4627 1147 4718 spiritualitatis
1166 4629 1215 4693 rei
1238 4635 1395 4713 accepta,
