3412 5570
416 509 476 578 tta
522 511 527 521 '
874 531 926 580 ms
948 531 1129 580 canonican.

417 649 530 731 quoad
554 650 753 726 dominium,
778 650 839 715 sed
861 652 974 734 quoad
996 669 1099 716 usum
1123 651 1371 726 necessarium
1398 652 1515 714 tamen
1535 665 1580 712 res

417 757 491 838 ipsa
511 763 627 839 posset
641 757 754 833 vendi,
772 762 810 822 ut
825 765 982 824 emantur
996 758 1164 824 victualia.

456 865 552 930 Md
572 865 845 931 subveniendum
872 867 1067 932 necessitati
1091 866 1222 942 alienae,
1249 871 1362 950 potest
1386 865 1510 948 suscipi
1535 883 1580 927 res

416 972 537 1050 aliena,
550 992 621 1038 non
636 990 733 1038 secus
748 992 787 1038 ac
801 975 828 1038 si
842 979 960 1056 ageret
974 976 1015 1040 de
1028 975 1231 1040 necessitate
1244 974 1391 1057 propria,
1403 991 1485 1036 curn
1497 973 1578 1036 aule-

414 1099 494 1144 rens
509 1099 583 1145 rem
597 1079 743 1148 alienam
754 1091 835 1149 tuuc
848 1089 1028 1149 censeatur
1042 1083 1130 1148 vices
1143 1083 1381 1166 gerensipsius
1392 1081 1577 1162 indigentis:

416 1191 506 1272 quod
519 1190 594 1276 quis
606 1196 722 1277 potest
735 1192 1031 1276 persemetipsum
1048 1195 1160 1275 potest
1174 1208 1236 1274 per
1250 1189 1373 1266 alium;
1392 1189 1516 1254 deinde
1533 1188 1578 1251 les

413 1295 585 1362 charitatis
610 1303 689 1363 tuno
712 1299 840 1381 obligat
857 1300 900 1364 ad
920 1299 1171 1382 providendum
1191 1297 1360 1382 proximo,
1387 1297 1455 1362 nisi
1474 1296 1579 1378 gratia

412 1403 630 1470 incommoda
650 1407 835 1491 providens
851 1408 965 1472 subire
982 1407 1114 1472 debeat.
1170 1411 1173 1418 “

451 1511 503 1575 dn
516 1511 572 1576 ille
586 1514 650 1596 [qui
669 1515 882 1598 consumpsit
894 1532 969 1579 rem
990 1513 1138 1580 ablatam
1161 1513 1197 1577 in
1213 1517 1366 1577 extrema
1386 1513 1578 1577 necessitate

412 1623 569 1684 teneatur
588 1625 708 1704 postea
721 1621 813 1686 illam
826 1622 1017 1698 restituere,
1034 1621 1165 1686 dicetur
1178 1620 1275 1686 infra.

451 1731 478 1814 c)
493 1730 555 1807 Qui
568 1748 642 1794 rem
656 1731 843 1806 inventam,
861 1749 930 1795 non
946 1731 1143 1796 derelictam
1157 1749 1178 1795 a
1193 1731 1343 1805 domino,
1367 1731 1505 1806 retinet,
1528 1745 1577 1811 pro

411 1839 486 1903 lure
500 1839 656 1916 habetur,
673 1839 700 1903 si
716 1845 850 1904 constat
861 1839 903 1904 de
918 1840 969 1904 rei
978 1840 1126 1902 inventae
1142 1838 1293 1914 domino,
1316 1843 1351 1901 et
1368 1855 1425 1900 res
1446 1837 1576 1900 retinea-

412 1950 468 2009 tur
478 1946 593 2011 animo
604 1965 680 2011 eam
695 1964 765 2010 non
775 1947 986 2012 restituendi.
1001 1947 1034 2010 Si
1049 1965 1104 2010 res
1114 1946 1237 2010 fuisset
1251 1943 1410 2009 derelicta
1420 1945 1576 2008 adomim

411 2070 490 2117 oum
506 2053 621 2118 animo
639 2072 714 2119 eam
729 2073 799 2119 non
820 2054 966 2138 amplius
990 2052 1199 2139 possidendi,
1225 2052 1384 2116 detentor
1406 2071 1478 2116 non
1502 2057 1576 2115 esset

411 2160 466 2224 fur
482 2161 518 2223 in
532 2161 606 2224 loro
621 2165 773 2238 externo,
787 2161 867 2226 licet
884 2163 919 2225 in
931 2163 1006 2226 foro
1021 2162 1156 2225 interno
1172 2161 1318 2226 retineat
1332 2160 1405 2223 sine
1426 2158 1533 2234 titulo,
1546 2175 1576 2220 ac

410 2268 552 2350 proinde
564 2268 645 2332 lorti
660 2286 739 2332 raus
753 2272 939 2334 remaneat.
957 2269 1053 2347 ltem,
1070 2269 1097 2332 si
1117 2269 1295 2348 ignoratur
1305 2267 1466 2332 dominus
1481 2268 1526 2331 rei
1539 2267 1575 2328 in·

410 2380 534 2453 ventae,
560 2381 594 2440 et
615 2377 776 2442 inventor
797 2376 890 2441 nullo
913 2377 1016 2441 modo
1037 2377 1186 2460 inquirat
1209 2376 1387 2441 dominum
1408 2376 1500 2440 illius
1514 2375 1572 2438 rei:

412 2500 492 2547 nam
506 2501 581 2548 rom
595 2483 742 2548 alienam
755 2484 869 2548 animo
883 2482 968 2548 lucri
992 2482 1138 2548 faciendi
1162 2489 1195 2547 et
1215 2483 1323 2548 invito
1347 2483 1490 2549 domino
1512 2499 1574 2544 cou-

413 2595 543 2656 trectat.
562 2590 627 2656 Sed
642 2591 670 2656 si
684 2609 745 2674 per
758 2610 951 2674 praeconem
970 2591 1026 2656 vel
1039 2590 1137 2656 aliter
1149 2591 1327 2656 dominum
1348 2592 1544 2675 inquisierit,
1559 2607 1573 2649 a

412 2699 492 2762 furti
505 2698 580 2762 laba
595 2699 757 2763 immunis
774 2705 835 2775 est,
845 2700 873 2762 si
887 2700 1145 2763 reminventam
1155 2700 1310 2774 retineat,
1322 2698 1444 2763 saltem
1454 2695 1572 2782 quando
1624 2683 1625 2717 ³

412 2805 506 2871 nulla
521 2826 598 2889 spes
613 2813 754 2891 apparet
773 2808 814 2872 de
841 2807 1048 2872 inveniendo
1068 2808 1218 2872 domino.
1237 2807 1357 2872 Posset
1376 2808 1412 2869 in
1430 2807 1489 2871 illo
1507 2822 1570 2868 caso

412 2933 487 2978 rem
506 2915 599 2980 illam
618 2934 832 2993 conservare,
856 2935 935 2981 curn
956 2935 1011 2981 res
1036 2922 1218 2980 censeatur
1240 2915 1411 2990 derelicta,
1435 2917 1506 2978 sive
1529 2911 1571 2974 do-

411 3022 544 3087 minum
559 3041 628 3088 uon
653 3024 797 3108 amplius
816 3025 957 3090 haheat:
973 3029 1239 3090 censeturnacta
1250 3022 1442 3088 naturalem
1457 3023 1571 3086 liberta-

413 3129 692 3196 tem.Gonsultius
708 3136 824 3198 tamen
841 3137 959 3214 ageret
974 3133 1116 3216 quirem
1134 3130 1302 3214 ejusmodi
1315 3131 1434 3194 usibus
1451 3130 1513 3213 piis
1526 3131 1569 3190 aut

410 3239 615 3321 pauperibus
638 3240 857 3322 expenderet,
884 3239 964 3305 licet
983 3241 1092 3324 possit
1112 3239 1205 3318 illam
1229 3239 1265 3302 in
1283 3238 1463 3322 proprium
1486 3251 1569 3302 usnn
1623 3235 1624 3241 ’

411 3347 615 3428 expendere,
631 3366 710 3411 cum
724 3349 813 3413 tacta
829 3349 874 3412 sit
884 3349 984 3431 primi
1000 3348 1206 3430 occupantis.

451 3454 675 3531 Quandonam
697 3455 791 3521 nulla
818 3460 995 3522 remaneat
1015 3475 1092 3540 spes
1117 3456 1159 3520 de
1178 3455 1409 3540 competitura
1435 3453 1568 3520 domino.

411 3561 1567 3646 nonpotestdeflniriexsolointervallotemporisalicujusassignati

411 3686 490 3731 cum
512 3669 576 3734 hoo
595 3671 742 3752 pendeat
764 3691 808 3735 ex
829 3671 1102 3736 circumstantiis.
1124 3670 1243 3735 Posset
1261 3675 1376 3735 tamen
1396 3669 1568 3752 generatim
1622 3703 1623 3765 p

413 3774 545 3840 definiri
565 3795 609 3840 ex
628 3777 803 3860 diligentia
822 3779 972 3844 adhibita
987 3781 1087 3862 juxta
1105 3778 1201 3860 leges
1216 3779 1384 3859 vigentes.
1406 3777 1508 3843 Porro
1525 3779 1568 3860 jus

412 3883 524 3949 Gallio.
539 3905 601 3968 per
620 3892 682 3950 art.
704 3887 783 3950 2279
797 3887 876 3952 God.
894 3889 957 3952 civ.
974 3886 1130 3953 concedit
1144 3887 1282 3952 domino
1296 3892 1417 3951 contm
1431 3885 1567 3950 detento-

410 4009 485 4057 rem
506 3995 556 4056 rei
578 3994 726 4058 inventa
748 3995 917 4059 actionem
932 3995 980 4058 rei
996 3994 1237 4060 vindicativam
1256 4012 1318 4078 per
1340 3997 1408 4058 tres
1432 4005 1567 4058 annosa

413 4099 466 4164 die
482 4101 686 4166 amissionis.

692 4345 705 4410 ,i
724 4345 768 4400 lll.
782 4341 884 4401 lindos
896 4341 1075 4416 procedendi
1089 4346 1194 4400 ceretro
1208 4341 1303 4412 fures.

451 4538 546 4602 Nom.
559 4539 607 4602 Ex
622 4542 713 4604 furto
727 4542 877 4606 nascitur
890 4540 1015 4624 duplex
1025 4539 1186 4622 obligatio
1200 4561 1207 4602 :
1220 4559 1288 4604 una
1298 4539 1496 4604 restituendi
1510 4547 1566 4599 rem

362 4723 366 4730 .
413 4647 505 4711 furto
533 4648 698 4726 ablatam;
722 4647 829 4728 altera
853 4648 1020 4712 subeundi
1040 4665 1178 4734 poenam
1202 4650 1312 4733 ajuro
1327 4651 1486 4716 taxatam.
1502 4641 1564 4706 Hinc
1620 4713 1621 4730 ἶ
