3508 5568
546 593 634 640 arana
654 595 792 649 ausurus
812 593 1035 644 nucnnrauun.
1338 580 1378 644 49
1403 613 1405 620 <

211 705 338 770 nedum
362 710 562 787 septennem
588 706 701 782 duxit,
730 713 764 772 et
791 706 869 771 inde
899 709 1068 772 contraxit
1094 699 1378 792 impedimentum

210 812 350 896 publiaae
371 813 579 890 honestatis3
603 813 693 897 quod
715 815 818 880 etiam
835 817 913 898 jure
938 816 1044 880 veteri
1066 815 1145 880 oriri
1168 834 1237 881 non
1256 817 1375 900 potuit,

212 923 239 985 si
254 922 425 1005 sponsalia
438 923 583 986 tuissent
605 922 752 990 invalida
767 942 810 987 ex
831 922 963 988 defectu
984 943 1183 990 consensus.
1201 925 1298 990 Ratio
1313 930 1376 1001 est,

211 1029 290 1113 quia
307 1033 365 1112 jus
391 1031 579 1113 praeseribit
604 1031 821 1113 septennium
848 1050 891 1095 ex
918 1031 991 1098 sola
1013 1033 1278 1116 presumptione
1300 1034 1378 1098 faeti

210 1137 301 1220 quod
317 1155 399 1202 usus
411 1138 552 1203 rationis
565 1136 665 1202 eitius
678 1156 748 1202 non
763 1136 866 1214 adsit;
884 1156 976 1221 erge,
990 1139 1019 1202 si
1033 1157 1117 1203 usus
1132 1140 1273 1205 rationis
1286 1159 1380 1206 aare·
1498 1137 1503 1151 '

209 1245 1380 1332 leretur,praesumptioistaoeditveritati3etoonsequentersponsalia

209 1352 320 1418 valide
336 1355 598 1420 contrahentur:
612 1357 699 1419 siout
710 1355 968 1421 matrimonium
978 1362 1056 1420 aute
1070 1355 1181 1438 legale
1195 1360 1340 1441 tempus,
1352 1359 1380 1422 si

208 1463 370 1544 pubertas
381 1463 480 1528 eitius
493 1464 653 1528 adveniat
663 1465 745 1547 (oap.
759 1465 821 1528 911.
835 1468 888 1542 t.);
905 1465 995 1528 unde
1004 1465 1021 1528 J
1024 1466 1201 1543 misnens,
1213 1465 1235 1529 l.
1247 1465 1327 1542 XIV,
1340 1465 1377 1530 ff.

208 1571 252 1634 de
265 1570 401 1656 Speras,
417 1572 464 1636 ait
480 1591 486 1633 :
505 1597 520 1629 «
534 1571 572 1637 ln
586 1571 801 1655 sponsalibus
821 1573 1061 1636 contrahendis
1080 1578 1163 1638 aetas
1179 1573 1381 1638 contraben-

209 1680 296 1743 tium
311 1669 451 1744 delinita
463 1698 533 1744 non
544 1684 606 1744 est.
620 1705 636 1740 »
650 1680 698 1743 lla
709 1681 831 1764 quibus
842 1679 1054 1764 expliaautur
1062 1681 1252 1763 posteriora
1260 1683 1377 1758 verba,

208 1787 326 1852 lorsan
338 1807 359 1853 a
370 1787 571 1853 Triboniano
588 1787 713 1865 addita,
727 1815 741 1847 α
758 1788 786 1852 si
801 1806 871 1853 non
885 1789 953 1852 sint
966 1787 1116 1853 minores
1133 1807 1235 1872 quam
1250 1795 1380 1872 septem

209 1897 325 1973 anuis3
348 1922 364 1954 a
378 1899 451 1962 baea
468 1897 573 1974 enim,
595 1898 645 1961 uti
668 1901 702 1962 et
720 1915 792 1980 aap.
813 1897 843 1974 t,
867 1899 897 1974 ὅ,
922 1897 971 1976 13,
988 1897 1021 1961 h.
1045 1901 1081 1974 t,
1099 1898 1285 1981 disponunt
1296 1917 1381 1980 pras-

210 2005 381 2087 sumptive
406 2003 496 2087 quod
522 2009 601 2090 ante
626 2005 842 2087 septennium
864 2023 933 2070 non
967 2005 1011 2068 sit
1029 2024 1112 2070 usus
1140 2007 1291 2071 rationis.
1315 2006 1381 2070 Neo

209 2115 336 2178 trustra
349 2119 431 2178 aetas
454 2116 520 2179 ista
533 2114 782 2198 praesoribitur;
799 2131 879 2178 nam
900 2113 958 2197 qui
972 2115 1094 2179 asserit
1117 2114 1287 2198 sponsalia
1302 2120 1380 2179 ente

210 2222 428 2305 septennium
442 2222 525 2285 inita
539 2222 645 2286 luisse
659 2220 781 2298 valida,
807 2220 863 2285 vel
881 2227 960 2305 post
981 2223 1198 2306 septennium
1221 2221 1379 2299 invalida,

209 2331 354 2413 probare
380 2329 480 2394 debet
504 2329 571 2395 illio
599 2329 758 2407 adfuisse,
785 2331 895 2394 ethio
921 2329 1069 2396 defuisse
1098 2349 1200 2395 usum
1228 2331 1379 2396 rationis.

209 2436 364 2515 Eoontra,
382 2439 439 2522 qui
456 2437 536 2503 dicit
550 2437 721 2522 sponsalia
735 2442 813 2502 ante
837 2439 1055 2520 septennium
1079 2457 1154 2502 esse
1174 2438 1333 2514 invalida,
1348 2444 1383 2502 et

210 2549 290 2628 post
304 2546 520 2628 septennium
535 2545 658 2622 valida,
674 2551 814 2629 propter
827 2547 1129 2630 presumptionem
1148 2548 1235 2629 juris
1255 2546 1383 2612 releva-

211 2659 268 2716 tur
279 2654 321 2718 ab
336 2672 439 2718 onere
454 2654 630 2737 probandi.
667 2731 669 2740 Ι

251 2760 351 2844 Resp.
373 2762 402 2825 3.
427 2761 603 2845 Sponsalia
622 2763 837 2846 impuberum
860 2781 904 2826 ex
924 2762 1090 2826 beneflcio
1105 2764 1193 2845 juris
1213 2781 1283 2827 non
1303 2769 1384 2826 suut

212 2870 327 2946 lirma,
356 2870 435 2952 quia
458 2869 634 2934 imbecillis
661 2875 713 2935 est
735 2887 924 2934 consensus
949 2888 1078 2934 eorum.
1105 2869 1145 2933 llt
1174 2871 1205 2933 l⁰
1229 2871 1258 2934 si
1280 2871 1381 2936 ambo

210 2977 405 3058 impuberes
420 2982 663 3042 contraxerunt
688 2973 869 3060 sponsalia,
887 2975 1030 3062 durante
1052 2978 1290 3060 impubertate,
1302 2973 1383 3044 'nou

211 3090 357 3167 pessunt
378 3103 418 3149 ea
443 3084 592 3163 solvere,
618 3105 661 3150 ue
678 3086 752 3151 baeo
770 3085 866 3150 laeile
887 3091 921 3150 et
944 3089 1072 3150 temere
1091 3087 1334 3151 contrabantur
1351 3093 1385 3150 et

211 3191 465 3270 distrahantur3
495 3195 578 3258 atsi
602 3199 744 3277 uterque
770 3193 871 3256 simul
896 3191 951 3257 vel
975 3192 1060 3256 alter
1084 3211 1203 3258 eorum
1221 3195 1320 3258 eitius
1341 3193 1383 3258 ad

212 3319 321 3366 annos
343 3303 530 3386 pubertatis
547 3304 734 3386 perveniat,
757 3303 871 3367 statim
891 3306 1034 3385 uterque
1056 3301 1111 3365 vel
1131 3301 1225 3380 alter,
1244 3311 1314 3367 non
1329 3321 1384 3366 ex-

214 3413 370 3494 spectata¹
382 3409 521 3474 alterius
535 3407 725 3495 pubertate,
747 3407 875 3474 resilire
894 3414 1042 3493 potesta
1063 3409 1276 3493 sponsalibus
1296 3413 1334 3494 (a.
1352 3414 1381 3488 l,

214 3517 280 3582 8h.
298 3520 346 3600 t).
364 3517 397 3581 st
419 3523 535 3583 autern
550 3520 658 3601 pubes
671 3521 780 3583 faetus
795 3520 910 3583 statim
928 3518 1032 3601 (quod
1047 3523 1181 3602 tempus
1201 3518 1384 3584 matbema-

118 3691 123 3697 ,,
216 3629 278 3691 tice
303 3625 436 3690 deliniri
462 3645 531 3690 non
555 3628 679 3710 potest)
701 3645 771 3691 non
797 3624 934 3702 resiliat,
962 3632 1120 3690 censetur
1146 3627 1265 3691 saltem
1288 3628 1384 3692 taoite

215 3735 327 3817 priora
350 3734 522 3818 sponsalia
544 3736 732 3810 ratificare;
762 3752 800 3799 ae
827 3732 970 3816 proinde
991 3733 1136 3816 amplius
1158 3733 1287 3800 variare
1315 3754 1384 3800 non

217 3846 338 3926 potest.
455 3818 460 3834 ’

258 3951 291 4013 2⁰
307 3949 340 4014 Si
358 3950 464 4034 pubes
481 3971 560 4016 oum
575 3953 751 4037 impubere
767 3950 937 4034 sponsalia
950 3951 1127 4027 contraxit,
1139 3952 1247 4033 pubes
1257 3952 1384 4018 resilire

221 4076 291 4122 nou
309 4066 436 4144 potest,
459 4062 519 4126 sed
538 4067 674 4126 tenetur
689 4067 885 4144 exspectare
905 4059 1060 4138 alterum,
1084 4061 1191 4126 donea
1214 4061 1256 4126 ad
1278 4081 1385 4128 annos

218 4168 404 4250 pubertatis
417 4169 615 4252 perveniat;
641 4169 742 4252 quisi
762 4175 850 4232 stare
865 4168 1011 4233 uoluerit
1031 4170 1253 4252 sponsalibus,
1276 4171 1386 4234 eldaa-

214 4277 298 4340 oiter
312 4277 474 4358 obligabit
482 4279 648 4360 puberem
657 4278 700 4342 ad
710 4276 967 4343 matrimonium
979 4276 1168 4342 ineundum
1180 4277 1293 4360 libid-b
1306 4296 1385 4342 nam

217 4383 433 4466 privilequm
443 4384 615 4449 resiliendi
627 4385 707 4450 solis
723 4385 968 4468 impuberibus,
984 4403 1054 4450 non
1067 4385 1260 4468 puberibus,
1277 4387 1385 4467 ajure

217 4491 326 4556 datur.
352 4491 389 4556 ln
413 4491 471 4556 illo
496 4499 610 4558 tamen
632 4513 713 4559 oasu
739 4514 805 4578 quo
830 4493 1001 4577 sponsalia
1021 4499 1157 4578 propter
1179 4493 1387 4559 reclamatio-

218 4618 299 4664 nem
317 4601 503 4683 impuberis
523 4603 601 4666 iaoti
624 4603 762 4685 puberis
783 4602 1011 4681 resolvuntur,
1036 4621 1106 4668 non
1120 4607 1230 4667 eessat
1247 4603 1386 4687 impedi-

218 4713 375 4772 mentum
397 4709 587 4775 bouestatis
602 4711 754 4792 publicae,
781 4716 897 4793 utpote
916 4729 958 4776 ex
981 4729 1017 4776 se
1040 4697 1244 4794 perpetuum
1263 4712 1387 4794 (capt

359 4835 403 4880 111.
1228 4820 1249 4883 t
