3508 5568
376 571 416 636 tc
724 617 727 624 -
834 589 885 636 urs
906 589 1086 642 canonrcuu.

376 727 446 774 non
477 709 589 772 obstat
616 707 723 772 valeri
742 707 949 772 matrimonii
971 727 978 770 ε
1001 707 1049 770 ita
1068 705 1226 782 Sancbez,
1247 724 1326 770 cum
1339 706 1408 782 cit,
1424 711 1545 773 centra

375 818 472 894 nbc„
494 816 598 899 Sylv.,
615 815 745 892 Setum,
767 821 844 893 etc.;
863 834 943 881 nam
959 833 1053 880 error
1067 816 1131 880 iste
1154 834 1224 879 non
1245 815 1386 898 impedit
1404 833 1547 881 consen-

376 943 453 989 sum
467 943 529 1009 per
546 924 648 988 elem.
666 925 755 988 unic.
783 925 824 988 de
852 923 1035 1008 Gonscnp„
1051 924 1109 987 ubi
1136 925 1377 989 contrahentes
1400 925 1546 990 scienter

319 1031 321 1036 ’
375 1035 411 1098 in
439 1032 599 1113 gradibus
628 1032 804 1114 prohibitis
836 1031 1207 1098 excommunicantur:
1240 1032 1331 1116 quod
1364 1051 1446 1098 sane
1482 1052 1551 1100 nou

374 1143 482 1218 lieret,
509 1142 537 1205 si
561 1158 630 1206 non
650 1142 898 1219 consentirent;
923 1160 1006 1222 ergo
1028 1161 1036 1204 :
1059 1146 1133 1205 tum
1153 1141 1327 1225 quietalis
1348 1159 1453 1217 error,
1473 1141 1551 1206 licet

375 1247 512 1313 inducat
525 1238 714 1332 peccatum,
733 1253 901 1332 quatenus
915 1250 1027 1330 agitur
1038 1255 1157 1314 contra
1170 1249 1423 1323 conscientiam,
1436 1254 1550 1314 tamen

375 1375 449 1421 rem
469 1357 578 1440 ipsam
591 1376 661 1422 non
675 1362 794 1432 mutat,
812 1364 850 1422 ut
869 1362 962 1441 patet
974 1360 1009 1422 in
1024 1357 1098 1423 aliis
1114 1357 1334 1422 sacramentis
1351 1377 1357 1419 :
1375 1361 1413 1420 ut
1427 1358 1455 1421 si
1469 1356 1552 1422 velit

376 1463 451 1546 quis
472 1483 568 1530 mere
591 1466 853 1531 christianorum
866 1467 1046 1550 baptizare,
1064 1465 1155 1530 valet
1174 1465 1375 1549 baptismus,
1392 1466 1454 1529 etsi
1473 1465 1552 1548 bap-

294 1638 300 1648 ,
375 1590 455 1636 rans
468 1572 554 1638 falso
567 1574 694 1654 cogitet
707 1575 914 1659 baptismum
930 1593 1000 1640 uon
1015 1593 1090 1640 esse
1107 1577 1368 1640 sacramentum.

380 1695 385 1700 ⁵
410 1712 468 1767 Nec
483 1709 582 1768 obstat
595 1710 704 1770 libllV
719 1711 750 1770 u.
767 1711 802 1770 dc
816 1713 938 1786 Acpclr.
953 1711 1064 1771 bared.
1077 1731 1086 1783 ;
1100 1727 1168 1770 nam
1183 1711 1223 1768 ibi
1240 1711 1335 1769 haeres
1349 1709 1548 1776 voluntarius,

375 1799 426 1871 nni
441 1800 583 1873 cogitavit
597 1817 629 1859 se
645 1816 716 1860 esse
734 1803 951 1872 necessarium,
965 1802 1032 1860 ideo
1047 1802 1204 1874 repudiare
1221 1800 1325 1874 nequit
1338 1799 1550 1869 haereditaten,

374 1889 446 1960 qula
466 1888 542 1948 scire
563 1885 650 1948 debet
673 1907 708 1948 er
727 1907 788 1964 quo
803 1892 870 1964 jure
889 1897 918 1948 et
940 1907 1034 1950 causa
1055 1891 1185 1950 similem
1219 1891 1367 1950 actionem
1394 1895 1550 1964 exerceat3

288 1989 290 1994 '
374 1979 454 2054 qued
470 1983 566 2038 tamen
581 1981 617 2040 ed
632 1980 855 2040 matrimonium
871 1996 930 2038 nen
948 1980 1122 2055 requiritur.

800 2151 1003 2194 luceolultrlrllu
1023 2153 1121 2193 METUS.

311 2287 312 2292 ¹
414 2269 498 2334 Nota
515 2270 799 2353 impedimentum
820 2275 933 2334 metus
956 2272 1096 2354 antique
1118 2275 1152 2334 et
1171 2276 1336 2354 perpetue
1358 2291 1421 2336 usu
1444 2271 1553 2336 Eccle-

377 2379 434 2442 slae
450 2371 680 2443 introductum
696 2399 789 2448 esse:
805 2398 875 2442 uon
896 2398 978 2443 vere
996 2380 1072 2461 jure
1099 2379 1255 2457 naturali,
1276 2384 1314 2443 ut
1331 2380 1405 2467 vult
1419 2381 1550 2454 Scotus,

297 2505 300 2510 ·
377 2485 497 2570 etalii,
524 2505 617 2562 cnm,
646 2491 797 2570 spectato
823 2489 901 2568 jure
928 2486 1091 2562 naturoli,
1123 2492 1316 2552 contractus
1343 2493 1436 2552 metu
1464 2487 1551 2570 gesti

374 2593 520 2670 valeant,
539 2613 579 2660 eo
594 2595 683 2680 qued
699 2599 813 2659 metus
826 2613 896 2658 non
913 2593 1007 2658 tollat
1020 2594 1252 2659 voluntarium
1269 2595 1475 2679 simpliciter.

575 2819 578 2826 ,
651 2761 704 2812 vll.
720 2759 788 2819 Quis
803 2759 897 2810 metus
910 2758 1024 2810 dirimat
1037 2759 1276 2812 matrimonium?

416 2887 515 2968 Resp.
533 2887 562 2950 l.
577 2887 684 2950 Metus
697 2888 811 2967 gravis
827 2887 964 2969 injuste,
983 2892 1017 2950 et
1031 2888 1155 2952 directe
1170 2907 1190 2952 a
1204 2907 1307 2952 causa
1319 2888 1426 2952 libera
1444 2889 1552 2954 ineus-

377 3011 435 3057 sns
451 2993 494 3059 ad
509 2995 783 3078 extorquendum
806 2995 1071 3070 matrimonium,
1089 2997 1186 3059 vitiat
1205 2996 1357 3060 valorem
1380 2996 1470 3060 illius
1485 3017 1492 3058 :
1507 2998 1554 3061 ita

378 3101 544 3166 deciditur
559 3121 632 3184 cap.
650 3102 698 3177 ll,
717 3103 766 3177 lb,
783 3103 823 3164 98
837 3103 870 3165 h.
889 3107 931 3177 t.;
953 3121 1033 3166 nam
1053 3102 1200 3168 Ecclesia
1214 3103 1322 3168 voluit
1336 3105 1553 3170 matrimonia

378 3231 453 3276 esse
468 3211 567 3295 plene
579 3210 695 3286 libera,
714 3229 776 3274 seu
790 3216 985 3294 spontanea,
1007 3217 1080 3275 tum
1094 3217 1233 3296 propter
1254 3212 1458 3277 arduitatem
1473 3215 1551 3278 vitae

377 3319 578 3403 conjugalis,
603 3324 677 3382 tum
699 3323 839 3402 propter
860 3320 1144 3401 significationem
1171 3321 1372 3386 voluntariae
1392 3326 1553 3406 conjunc-

380 3427 481 3492 tionis
497 3426 618 3489 Christi
632 3444 711 3490 cum
726 3426 881 3502 Ecclesia,
901 3431 973 3492 tum
992 3429 1140 3492 maxime
1155 3429 1197 3492 ad
1219 3429 1461 3512 praecavendos
1478 3433 1553 3495 tris-

380 3539 432 3597 tes
447 3539 481 3597 et
495 3532 647 3596 infelices
664 3534 775 3596 exitus
794 3535 850 3616 qui
870 3553 912 3597 en
925 3535 1151 3599 matrimoniis
1166 3537 1291 3601 coactis
1314 3539 1411 3621 sequi
1430 3539 1550 3612 solent,

382 3647 421 3704 ut
447 3639 613 3704 discordia
641 3640 729 3703 inter
755 3645 930 3724 conjuges,
958 3642 1086 3706 malum
1110 3643 1224 3727 prolis,
1250 3647 1401 3727 pericula
1426 3646 1553 3711 adulte·

381 3749 433 3822 rii,
459 3752 522 3810 etc.
551 3746 667 3810 Gravis
691 3751 803 3811 metus
825 3753 993 3826 censetur,
1016 3769 1047 3814 v.
1071 3770 1104 3832 g.
1125 3753 1255 3828 mortis,
1279 3753 1399 3829 exsilii,
1418 3755 1552 3818 mutila·

381 3855 492 3930 tionis,
517 3855 765 3919 confiscationis
792 3857 975 3934 benorum,
1002 3860 1145 3924 carceris
1170 3861 1325 3945 squalidi,
1350 3863 1551 3945 privationis

381 3966 492 4040 officii,
508 3969 570 4028 etc.
586 3966 682 4028 Levis
697 3971 812 4031 autem
827 3974 948 4048 metus,
963 3971 1104 4055 quinon
1117 3971 1207 4036 eadit
1221 3973 1256 4036 in
1269 3974 1382 4036 virum
1398 3979 1554 4038 constan-

382 4078 463 4148 tem,
480 4071 540 4136 sed
550 4073 646 4136 facilc
658 4077 809 4157 superari
819 4083 941 4159 potest,
953 4081 1142 4144 nenirritat
1156 4081 1413 4146 matrimonium
1425 4103 1431 4143 :
1443 4084 1554 4165 euJus-

382 4178 474 4243 modi
490 4179 593 4243 etiam
607 4181 807 4261 regulariter
829 4190 880 4248 est
902 4191 1015 4251 metus
1034 4188 1268 4253 reverentialis
1288 4207 1369 4271 erga
1382 4193 1551 4273 parentes,
1609 4261 1612 4266 ¹

383 4290 550 4368 domines,
565 4295 626 4355 etc.
638 4293 765 4358 Dicitur
779 4302 893 4361 autem
909 4299 939 4362 l⁰
953 4300 1095 4381 injuste;
1107 4318 1187 4365 nam
1201 4299 1229 4364 si
1241 4305 1353 4364 metus
1363 4302 1555 4385 Justeincu·

384 4397 495 4474 tiatur,
512 4411 581 4463 nou
596 4400 692 4465 vitiat
706 4405 970 4486 matrimonium,
986 4427 1064 4472 eum
1079 4427 1149 4472 nou
1171 4397 1328 4490 injuriet;
1345 4413 1384 4471 ut
1403 4409 1431 4472 si
1447 4409 1554 4492 judex

382 4502 619 4570 defloratorem
634 4515 734 4591 cogat
747 4513 789 4576 ad
804 4513 993 4580 ducendam
1007 4516 1216 4589 defloratam,
1229 4516 1282 4579 cui
1297 4517 1553 4580 matrimonium

381 4611 545 4691 promisit.
574 4614 700 4680 [licitur
720 4621 752 4681 Ψ
775 4641 796 4682 a
815 4640 917 4684 certae
936 4623 1061 4697 liberm·
1081 4641 1161 4686 nam
1184 4623 1212 4685 si
1235 4609 1347 4686 metus
1370 4624 1554 4687 incutiatur

383 4727 742 4805 accusanecessaria,
761 4734 797 4794 ut
812 4731 941 4806 morbo,
964 4735 1071 4812 peste,
1096 4735 1172 4805 eto,
1189 4749 1259 4796 uon
1271 4731 1367 4795 vitiat
1380 4731 1553 4796 matrime-
