3418 5566
524 568 613 614 nana
635 567 764 622 ouranos
786 567 1004 614 oneraremur.
1288 542 1347 610 317

180 703 292 766 opera,
308 686 380 750 sive
396 685 570 770 impressa,
586 687 657 752 sive
682 661 920 768 manuscripta,
944 685 1014 749 imo
1029 689 1063 748 et
1077 683 1204 748 scholia
1216 681 1351 746 haereti-

179 811 298 858 corum
317 795 399 858 satis
420 793 533 876 ampla
554 795 596 859 ad
611 795 716 860 libros
734 793 987 860 catholicorum.
1013 791 1104 874 (Vide
1119 794 1150 856 S.
1167 790 1251 870 big,
1270 789 1291 853 l.
1308 809 1348 867 c.‚

180 901 377 984 c.v,n.10.)
1172 981 1175 988 .

221 1012 248 1094 c)
275 1011 467 1076 Notandum
483 1010 650 1094 estquod,
673 1014 772 1096 juxta
792 1012 921 1095 plures,
946 1007 1119 1086 Avanzini,
1143 1008 1183 1072 de
1205 1006 1348 1074 Constit.

181 1117 296 1202 Apost.
305 1119 414 1195 Sedet,
424 1119 503 1185 edit.
515 1120 558 1197 3¹,
571 1141 603 1204 p.
617 1121 665 1198 ln,
679 1121 920 1203 postSanohez,
931 1120 1088 1202 hayman,
1100 1117 1352 1198 Schmalzgrue-

150 1291 152 1296 .
183 1226 252 1302 ber,
270 1231 346 1303 etc,
359 1228 498 1293 nomine
507 1227 584 1292 libri
593 1247 663 1293 non
674 1230 832 1293 venirent
848 1227 962 1304 diaria,
979 1227 1223 1311 ephemerides,
1238 1245 1350 1310 neque

184 1333 307 1417 scripta
320 1335 477 1400 breviora
491 1353 565 1420 quae
579 1334 698 1400 decem
711 1337 844 1401 minora
857 1335 937 1400 folia
951 1353 1020 1400 nou
1031 1321 1213 1415 attingunt,
1227 1338 1261 1397 et
1274 1333 1351 1399 ideo

184 1441 353 1524 ejusmodi
368 1442 473 1506 diaria
485 1446 519 1506 et
534 1442 657 1524 scripta
670 1443 804 1506 minora
817 1461 887 1507 non
901 1441 1271 1525 comprehenderentur
1289 1440 1352 1504 sub

183 1549 246 1613 hac
267 1568 426 1625 censura,
452 1551 531 1635 quia
554 1551 590 1614 in
613 1549 803 1633 pennalibus
832 1551 1020 1615 admittitur
1045 1549 1160 1614 stricta
1188 1549 1353 1632 interpre-

185 1657 277 1722 tatio.
307 1657 433 1722 Tamen
460 1657 526 1732 alii,
557 1659 784 1733 Formianum,
809 1658 915 1741 Episc.
936 1656 1066 1734 Nolam,
1088 1657 1215 1722 Gomm.
1243 1656 1350 1732 licat,

183 1763 221 1826 R.
236 1764 270 1826 P.
287 1763 420 1841 Baller,
435 1771 512 1848 post
527 1765 660 1840 Suarez,
682 1766 869 1842 Reiffcnst,
886 1765 1021 1841 Masch,
1044 1769 1120 1842 etc,
1143 1765 1258 1829 verius
1277 1783 1354 1829 con-

183 1871 321 1936 trariam
331 1872 536 1936 sententiam
551 1871 748 1949 defendunt,
767 1877 839 1936 tum
854 1873 933 1957 quia
948 1872 979 1936 S.
997 1872 1093 1936 Pont.
1105 1872 1141 1934 in
1151 1871 1353 1937 allocutione

183 1977 198 2038 l
223 1996 301 2043 nov.
326 1979 405 2042 1874
418 1979 553 2042 videtur
566 1997 703 2063 poenam
716 1979 900 2045 extendere
916 1978 958 2044 ad
971 1979 1086 2057 diaria,
1104 1983 1177 2043 tum
1192 1979 1354 2063 quianon
1437 1963 1441 1970 ⁴

181 2087 295 2150 minus
311 2086 499 2169 periculum
514 2089 666 2170 exsurgit
685 2107 728 2152 ex
743 2088 856 2152 diariis
872 2107 974 2172 quam
990 2107 1033 2152 ex
1046 2087 1156 2164 libris,
1175 2093 1247 2152 tum
1262 2087 1355 2151 deni-

182 2213 248 2276 que
262 2194 341 2277 quia
354 2214 419 2258 usu
432 2193 657 2260 ecclesiastico
672 2195 792 2280 aliquae
806 2197 939 2279 paginae
954 2196 1039 2259 liber
1047 2201 1223 2260 vocantur.
1240 2195 1354 2259 Manu-

182 2303 305 2386 scripta
325 2305 427 2368 etiam
448 2304 591 2369 veniunt
613 2305 752 2369 nomine
771 2303 858 2381 libri,
878 2307 978 2386 juxta
992 2306 1263 2370 communiorem
1278 2323 1355 2368 sen-

181 2413 333 2488 tentiam,
350 2417 468 2478 contra
481 2413 605 2496 plures.
624 2413 710 2479 Item
724 2414 885 2497 epistola,
913 2413 1108 2489 conciones,
1130 2414 1243 2478 theses
1265 2413 1355 2496 typis

182 2517 269 2582 datae
283 2518 339 2584 vel
352 2539 432 2596 non,
446 2523 546 2602 juxta
559 2521 701 2610 abquos,
715 2520 869 2605 pluribus
883 2522 1144 2604 refragantibus.

225 2619 321 2708 u'thn
330 2627 546 2694 collectiones
556 2631 728 2695 variorum
742 2649 885 2714 operum
897 2650 958 2695 seu
969 2631 1185 2696 miscellanea
1199 2632 1355 2716 quadam

184 2735 287 2800 libros
301 2736 544 2802 catholicorum
553 2743 586 2801 et
595 2737 832 2803 haereticorum
843 2739 1056 2804 continentes
1066 2738 1259 2807 cadantsub
1269 2739 1357 2802 hanc

187 2844 451 2926 prohibitionem
464 2845 655 2929 poenalem?
668 2847 716 2910 lix
732 2847 839 2924 dictis,
855 2850 988 2912 constat
1000 2847 1237 2912 hereticorum
1251 2845 1356 2910 libros

188 2969 258 3017 non
271 2952 397 3018 includi
412 2953 469 3036 qui
482 2954 641 3020 haeresim
656 2975 726 3022 non
738 2960 966 3040 propugnant,
982 2957 1016 3020 ct
1029 2957 1183 3040 sequitur
1202 2955 1276 3020 illas
1290 2953 1358 3018 col-

187 3059 349 3128 lectiones
365 3065 428 3127 sub
443 3082 609 3129 excomm.
626 3085 697 3130 non
720 3066 901 3149 prohiberi,
926 3064 1059 3129 etiamsi
1080 3081 1183 3147 opera
1202 3062 1358 3147 quaedam

189 3188 320 3236 errores
335 3171 464 3256 aliquos
479 3174 686 3250 contineant,
698 3173 883 3238 dummodo
895 3175 985 3256 ipsas
999 3172 1147 3236 haereses
1163 3189 1231 3235 non
1243 3175 1358 3253 aperte

190 3285 223 3342 et
243 3279 368 3344 directe
392 3288 619 3364 propugnent.
638 3283 740 3346 Secus
759 3285 873 3347 minus
884 3281 1122 3364 prohiberetur
1134 3297 1259 3363 pravus
1275 3257 1360 3342 liber

189 3399 267 3445 cum
279 3381 353 3445 aliis
367 3383 474 3458 editis,
491 3402 529 3448 ac
544 3385 571 3447 si
587 3384 679 3449 solus
692 3385 727 3448 in
744 3385 855 3448 lucem
870 3382 1021 3468 prodiret
1037 3404 1045 3445 :
1061 3382 1192 3446 malum
1212 3399 1254 3446 ex
1277 3397 1359 3463 que

190 3504 335 3570 cumque
347 3485 490 3551 delectu.
501 3487 534 3550 Si
544 3487 661 3552 inune
674 3490 807 3552 tantum
820 3491 915 3571 parte
930 3481 1137 3552 collectionis
1153 3490 1244 3550 esset
1255 3501 1359 3560 error,

192 3598 283 3659 totus
309 3598 424 3660 lamen
451 3594 536 3660 liber
564 3600 756 3660 remaneret
776 3596 977 3678 prohibitus,
1008 3612 1070 3658 uec
1097 3594 1269 3657 sufficeret
1295 3591 1363 3675 pri-

191 3704 297 3769 vatim
312 3721 499 3787 expurgare
511 3704 668 3768 haeresim
682 3723 690 3766 t
704 3705 752 3768 ita
766 3703 899 3778 Suareu,
916 3703 1020 3783 Lugo,
1033 3707 1108 3778 etc,
1119 3705 1237 3767 contra
1249 3699 1361 3778 Croix,
1402 3766 1405 3776 ,

194 3811 317 3895 Sporer
327 3817 361 3875 et
374 3812 468 3877 alios.

232 3921 270 3984 ll.
294 3920 446 3986 Alterum
467 3941 577 4004 genus
602 3923 756 3988 consistit
779 3942 786 3983 :
813 3921 845 4003 a)
865 3921 900 3984 in
922 3920 1016 3984 libris
1040 3919 1191 4002 cujusvis
1215 3917 1361 3983 auctoris

191 4049 252 4113 per
271 4029 399 4094 litteras
417 4031 619 4116 apostolicos
639 4031 841 4095 nominatim
856 4028 1042 4113 prohibitis.
1068 4029 1100 4091 1⁰
1119 4028 1251 4091 bitterae
1281 4043 1362 4108 apo-

193 4137 315 4202 stolicae
344 4140 423 4201 sunt
448 4136 513 4200 illae
539 4155 614 4220 quae
643 4138 782 4201 nomine
806 4136 949 4200 Romani
973 4133 1143 4199 pontilicis
1166 4132 1361 4197 immediate

192 4246 371 4330 prodeunt,
396 4264 467 4311 non
487 4262 569 4310 vero
591 4263 611 4308 a
629 4245 660 4309 S.
690 4243 811 4326 Gongr.
840 4242 961 4308 Indicis
982 4243 1038 4307 vel
1060 4243 1108 4336 ab
1126 4240 1192 4306 aha
1215 4241 1364 4322 Congre-

193 4354 341 4434 gationc.
1054 4346 1058 4352 “

231 4461 263 4524 2⁰
277 4461 460 4526 Nominalis
469 4460 649 4544 prohibitio
665 4462 703 4524 nt
719 4480 726 4523 :
743 4463 774 4524 1⁰
790 4466 951 4544 expresso
962 4458 1060 4524 titulo
1070 4458 1157 4534 libri,
1171 4456 1362 4522 etbdecla

192 4576 265 4636 rata
289 4569 517 4654 prohibitione
541 4571 602 4632 sub
628 4586 730 4651 plena
753 4568 1112 4633 excommunicationis
1145 4567 1181 4630 R.
1209 4566 1361 4631 Pontifici

194 4683 376 4745 reservatas
398 4700 405 4741 :
437 4697 575 4746 necesse
598 4682 650 4743 est
671 4681 710 4742 ut
729 4676 801 4743 haec
819 4682 901 4743 nota
918 4675 1159 4741 reservationis
1181 4675 1363 4758 pontificia.
