3412 5570
879 521 929 570 tus
949 523 1128 572 canoaldus.

747 680 778 734 ll.
794 680 865 744 Quid
876 681 950 748 luris
967 683 1042 738 circa
1058 682 1262 738 collusionem?

462 827 493 908 o)
504 825 537 889 Si
546 829 639 892 actor
650 830 772 890 etreus
782 822 1087 892 colluseruntcirca
1096 825 1300 892 benesscium
1316 821 1585 899 ecclesiasticum,

421 935 468 1000 ita
482 935 668 1000 utaotorin
682 935 826 1016 gratiam
841 935 890 1000 rei
902 941 1075 1019 pateretur
1097 937 1160 1001 sibi
1181 935 1278 1000 litem
1298 936 1374 999 sseri
1395 935 1484 1000 circa
1497 931 1585 1008 illud,

422 1047 564 1127 uterque
580 1043 637 1107 illo
649 1049 700 1107 est
714 1043 899 1127 privandus
916 1063 958 1108 err
972 1063 1043 1128 cap.
1059 1045 1078 1110 3
1092 1045 1164 1126 huj.
1183 1045 1232 1108 tit.
1253 1065 1259 1108 :
1276 1044 1362 1109 ratio
1375 1048 1437 1122 est,
1450 1042 1528 1127 quia
1540 1059 1589 1106 se·

421 1168 481 1214 cus
492 1153 549 1233 jus
559 1151 756 1216 conferendi
769 1151 960 1216 laederetur.

462 1260 492 1342 b)
507 1259 540 1322 Si
556 1265 731 1325 accusator
741 1259 776 1323 in
790 1260 1020 1325 criminalibus
1034 1259 1169 1327 collusit
1182 1278 1241 1326 reo
1256 1266 1425 1340 accusatu,
1451 1264 1588 1344 uterquc

422 1369 460 1431 fil
476 1367 611 1432 infamis
632 1386 675 1431 ex
685 1369 763 1451 jure
778 1367 943 1433 Romano.
965 1369 1149 1436 Accusator
1164 1368 1428 1434 extraordinarie
1442 1368 1587 1452 punitur,

421 1476 473 1540 vel
487 1496 589 1560 pmna
603 1475 738 1540 talionis
755 1496 763 1539 :
779 1495 858 1540 reus
876 1496 958 1542 vero
974 1475 1149 1542 absolutus
1167 1477 1292 1542 iterum
1307 1477 1458 1542 accusari
1472 1481 1532 1541 aut
1544 1477 1591 1540 in·

424 1585 509 1668 quiri
523 1589 645 1670 potest,
668 1585 747 1668 quia
762 1585 931 1650 sententia
947 1605 989 1650 ex
1004 1585 1191 1651 collusione
1210 1586 1278 1652 lata
1295 1591 1346 1650 est
1360 1584 1510 1650 invalida
1526 1605 1533 1646 :
1550 1584 1591 1646 ita

420 1694 477 1774 jus
493 1693 694 1756 Romanum.
712 1691 750 1754 ln
758 1694 835 1774 jure
853 1691 987 1768 Gallico,
1003 1711 1073 1757 non
1086 1698 1165 1757 sunt
1179 1711 1289 1776 poenae
1301 1692 1463 1776 speciales
1479 1695 1592 1757 contra

423 1799 632 1864 colludentes
647 1800 683 1863 in
696 1817 858 1882 processu
873 1798 1049 1876 criminali,
1061 1819 1139 1864 cum
1152 1819 1332 1883 processus
1344 1801 1515 1883 ejusmodi
1527 1818 1591 1864 non

423 1905 619 1972 instituatur
628 1927 690 1990 per
703 1908 795 1972 viam
808 1908 1043 1972 accusationis.
1057 1907 1163 1984 Unde,
1180 1926 1259 1972 oum
1274 1927 1344 1972 non
1359 1909 1403 1971 sit
1416 1913 1511 1973 actor
1523 1926 1592 1992 pru-

423 2017 494 2099 prie
511 2016 631 2094 dictus,
648 2015 788 2081 collusio
802 2017 915 2080 stricte
931 2022 1067 2100 sumpta
1082 2017 1170 2081 inter
1189 2015 1392 2100 principales
1412 2015 1528 2082 locum
1540 2016 1592 2080 hav

424 2121 503 2188 bere
519 2124 648 2208 nequit,
662 2128 815 2208 utsupra
830 2124 956 2188 dictum
971 2130 1032 2190 est.

779 2471 786 2480 ’
838 2505 1023 2585 rrrucus
1051 2507 1179 2584 xxrn.

748 2695 795 2754 ou
821 2696 988 2744 narreris
1018 2696 1207 2744 runuoaurt
1237 2691 1274 2748 p).

350 3049 354 3058 .
465 2995 560 3059 Nora,
576 2993 656 3060 Post
669 2995 898 3059 consideratas
913 2993 1127 3059 diversorum
1142 2993 1342 3060 delictorum
1355 3008 1488 3077 poenaS,
1505 3007 1594 3076 opor·

427 3107 475 3166 tet
492 3103 670 3182 discutere,
686 3121 730 3168 an
745 3102 874 3166 eisdem
889 3103 992 3167 etiam
1003 3108 1183 3168 teneantur
1193 3101 1308 3186 pueri?

711 3280 731 3334 1.
748 3282 801 3344 Qui
816 3282 935 3335 nomina
949 3291 1103 3346 puerorum
1119 3279 1165 3333 hic
1178 3280 1314 3334 veniant?

468 3426 500 3504 u)
526 3419 611 3487 lllud
627 3441 755 3487 nomen
773 3423 929 3504 generice
958 3427 1134 3507 sumptum
1155 3421 1323 3504 significat
1342 3423 1415 3484 tum
1435 3419 1591 3494 infantes,

428 3521 484 3614 qui
506 3531 660 3595 nondum
674 3531 930 3615 compleverunt
948 3532 1132 3614 septimum
1146 3531 1254 3595 aetatis
1270 3549 1409 3606 annum,
1433 3533 1510 3592 turn
1524 3527 1594 3591 illos

428 3640 496 3722 qui,
507 3639 686 3704 infantiam
697 3641 836 3722 egressi,
848 3641 1001 3706 nondum
1011 3641 1055 3704 ad
1068 3642 1282 3723 pubertatem
1295 3639 1520 3702 devenerunt.
1535 3633 1595 3700 Sed

430 3765 534 3810 sensu
549 3747 715 3830 specifico,
731 3749 795 3813 hoc
810 3747 948 3812 nomine
959 3748 1102 3812 ueniunt
1118 3748 1175 3832 qui
1188 3747 1377 3822 infantiam,
1387 3744 1595 3827 scilicetsep·

429 3855 553 3917 timum
563 3874 691 3919 annum
708 3857 827 3932 relatis,
843 3858 972 3937 egressi
986 3860 1076 3932 sunt,
1092 3862 1127 3920 et
1139 3856 1294 3920 nondum
1312 3873 1421 3918 annos
1440 3855 1596 3938 puberta-

429 3961 472 4026 tis
483 3963 629 4044 ingressi
645 3968 739 4040 sunt;
755 3965 813 4046 qui
825 3964 980 4028 nondum
998 3965 1181 4047 septimum
1201 3961 1310 4028 aetatis
1324 3979 1455 4026 annum
1470 3957 1596 4043 egressi

430 4075 520 4148 sunt,
544 4072 694 4152 r'rtscrttes
714 4070 871 4135 dicuntur
893 4093 900 4134 :
921 4073 979 4156 qui
997 4076 1229 4136 verumtatem
1250 4069 1449 4156 pubertatis,
1468 4069 1536 4134 hoc
1550 4068 1597 4130 est

428 4195 559 4243 annum
582 4178 621 4242 ld
643 4179 754 4263 quoad
776 4197 900 4255 mares,
926 4180 965 4243 lt
991 4180 1101 4263 quoad
1123 4180 1279 4258 feminas,
1304 4177 1522 4262 appellantur
1537 4191 1598 4262 pu·

429 4287 529 4352 heres.

468 4398 511 4460 At
525 4395 714 4462 notandum
723 4393 824 4480 quod,
833 4394 955 4461 licetin
968 4395 1397 4462 ordineadmutrimonium
1411 4393 1598 4462 ineundum

429 4509 737 4588 maspraesumatur
750 4505 858 4588 pubes
873 4523 964 4572 anno
980 4503 1194 4588 licompleto
1208 4511 1243 4572 et
1256 4506 1386 4572 semina
1399 4523 1492 4572 anno
1502 4504 1552 4582 19,
1560 4519 1598 4568 er

462 4677 496 4742 (l)
508 4677 573 4732 Vide
584 4681 632 4730 art.
649 4679 719 4731 dtas
734 4676 798 4730 Cod.
813 4691 887 4744 poen.
