3482 5560
547 573 634 619 arona
654 571 783 626 ooraros
803 569 1022 616 oscanracrou.
1316 534 1375 618 Ἧι·

201 689 321 778 sophia
339 692 382 758 ad
399 693 505 756 linem
516 690 616 774 primi
627 689 718 764 anni,
736 689 771 752 in
793 687 964 769 theologia
978 687 1022 753 ad
1040 687 1146 750 ssnam
1158 687 1299 752 secundi
1319 687 1375 752 vel

178 869 182 876 ι
201 801 336 865 initium
348 798 450 864 tertii.
461 797 499 862 ln
507 797 666 864 facultate
670 797 970 882 juridica,ubinon
980 793 1138 873 exolevit,
1150 794 1374 860 conferturad

199 909 306 973 finam
319 907 421 992 primi
430 907 511 972 anni
520 927 526 983 ;
536 907 571 971 in
581 905 740 970 facultate
754 903 897 980 medica,
910 909 947 968 ut
956 901 1154 986 plurimum,
1167 903 1273 968 deest.
1288 901 1374 967 Olim

200 1034 271 1081 non
285 1017 523 1081 conferebatur
538 1014 713 1098 speciatim
722 1013 758 1078 in
772 1011 894 1076 litteris
910 1016 945 1076 et
953 1011 1113 1087 scientiis,
1126 1010 1187 1076 sod
1199 1011 1374 1076 tontumin

198 1124 423 1208 philosophia;
438 1122 723 1206 praesupponebat
736 1119 964 1185 sufficientem
978 1119 1136 1202 peritiam
1149 1118 1185 1183 in
1197 1116 1319 1183 litteris
1340 1124 1375 1184 et

201 1233 369 1298 scientiis:
388 1237 421 1298 et
440 1233 494 1296 hic
509 1230 632 1297 modus
649 1230 773 1313 agendi
788 1233 840 1294 est
861 1233 955 1294 certo
973 1227 1217 1311 praeferendus,
1240 1245 1319 1292 cum
1339 1228 1373 1292 hi

199 1341 325 1422 gradm
337 1342 373 1406 in
387 1341 508 1406 litteris
522 1345 557 1405 et
570 1339 732 1415 scientiis,
748 1338 865 1403 relicta
883 1355 965 1402 vera
983 1341 1017 1402 et
1028 1335 1135 1402 solida
1148 1335 1371 1421 philosophia,

200 1454 281 1514 sunt
292 1448 495 1534 plerumque
509 1447 597 1513 tituli
612 1465 710 1513 vanae
724 1445 932 1530 garrulitatis
948 1463 987 1511 ac
1004 1445 1131 1510 mentis
1151 1444 1294 1510 distorta
1316 1463 1374 1511 va·

199 1561 322 1641 gantis.

239 1667 269 1749 b)
284 1665 391 1732 Medio
407 1666 526 1733 ordine
541 1672 622 1732 sunt
638 1665 810 1742 licentiati,
827 1665 876 1730 ita
887 1664 996 1730 dictio
1010 1663 1156 1759 licentia,
1175 1683 1250 1748 quae
1261 1664 1297 1728 in
1307 1663 1373 1730 hoo

198 1776 306 1858 gradu
327 1783 484 1859 promoto
499 1777 706 1854 conceditur,
724 1793 794 1840 non
810 1774 948 1859 quidem
963 1773 1117 1850 docendi,
1135 1773 1196 1837 sed
1211 1779 1250 1837 ut
1267 1773 1374 1856 possit

197 1884 381 1950 ascendere
394 1884 438 1950 ad
451 1885 597 1966 gradum
610 1884 757 1950 doctoris
772 1882 828 1948 vel
839 1882 1014 1964 magistri:
1031 1880 1122 1947 unde
1136 1900 1156 1946 a
1170 1880 1374 1965 quibusdam

201 1991 359 2058 dicuntur
382 1992 662 2072 metlodfdascali,
687 2010 749 2058 seu
763 1989 936 2073 magistris
957 1991 1279 2074 appropinquantes,
1295 2007 1374 2056 cum

200 2101 269 2166 sint
282 2103 378 2186 quasi
387 2103 492 2168 futuri
504 2102 671 2184 magistri.

237 2210 287 2275 llli
301 2229 383 2294 ergo
399 2210 557 2277 dicuntur
578 2210 752 2288 licentiati,
778 2211 901 2296 quibus
919 2209 1042 2277 collata
1057 2215 1120 2290 est,
1146 2215 1226 2295 post
1245 2208 1373 2294 experi-

196 2325 353 2386 mentum
366 2321 550 2404 publicum,
567 2319 709 2386 facultas
723 2321 922 2404 capessendi
943 2339 1143 2404 supremum
1161 2319 1316 2404 gradum.
1335 2319 1373 2384 ln

196 2431 313 2498 multis
327 2432 616 2511 universitatibus,
631 2453 665 2498 v.
680 2453 713 2516 g.
739 2432 822 2499 olim
840 2434 876 2497 in
897 2433 1166 2511 salmanticensi,
1187 2438 1373 2516 antequam

196 2538 332 2608 licentia
350 2542 422 2608 haec
436 2542 651 2619 concedatur,
668 2541 867 2608 oanffidatus
880 2545 996 2626 jurare
1011 2543 1114 2608 dabat
1125 2561 1162 2607 se
1175 2561 1245 2608 non
1256 2559 1372 2625 accep-

135 2701 137 2710 ,
197 2654 312 2714 turum
329 2669 404 2715 esse
419 2651 563 2732 gradum
579 2651 773 2716 doctoratus
787 2651 823 2714 in
838 2651 904 2716 alia
920 2651 1104 2718 academia.
1129 2651 1167 2715 ln
1190 2651 1373 2718 academiis

196 2757 457 2835 Thomistarum,
483 2763 522 2823 ut
540 2759 576 2822 in
594 2757 754 2825 facultate
776 2759 809 2822 S.
825 2759 937 2825 Mariae
961 2779 1065 2843 supra
1084 2759 1281 2836 Minervam,
1303 2778 1372 2825 non

196 2867 392 2932 conceditur
406 2867 471 2932 nisi
484 2867 611 2949 gradus
626 2867 780 2949 magistri
796 2866 833 2931 in
848 2866 881 2931 S.
904 2867 1087 2950 theologia,
1106 2871 1140 2930 et
1148 2867 1373 2934 exoleverunt

195 2975 321 3057 gradus
344 2975 521 3040 inferiores
546 2974 739 3040 licentiatus
765 2980 799 3040 et
821 2974 1109 3041 baccalaureatus.
1135 2973 1173 3038 ln
1200 2975 1369 3059 Hispania,

196 3084 278 3149 olim
291 3083 428 3149 licentia
440 3101 501 3149 sen
513 3082 728 3149 licentiatura
742 3087 816 3150 crat
830 3084 958 3167 gradus
973 3101 1154 3166 supremus
1172 3083 1208 3148 in
1225 3089 1371 3168 utroque

194 3193 283 3274 jure.

236 3301 263 3384 c)
275 3300 314 3364 ln
324 3317 485 3383 supremo
498 3299 616 3366 ordine
632 3304 714 3366 sunt
726 3301 886 3384 mopfstrf
898 3319 960 3365 sen
973 3301 1133 3366 doctores.

236 3412 267 3475 lt
283 3410 335 3475 Sic
346 3410 513 3487 dicuntur,
531 3411 660 3494 quiaab
675 3411 789 3494 aliqua
803 3411 1024 3476 universitate
1034 3411 1207 3494 publicum
1221 3411 1370 3477 scientis

196 3518 433 3584 testimonium
459 3519 587 3583 habant
605 3519 694 3603 quod
715 3520 784 3603 apti
809 3523 890 3583 sunt
910 3519 954 3583 ad
973 3519 1187 3586 docendum:
1208 3519 1299 3585 unde
1323 3522 1371 3585 sic

195 3633 460 3710 proponuntur«
474 3631 513 3691 ut
524 3629 566 3692 ab
581 3629 740 3692 omnibus
750 3627 881 3705 consuli
891 3632 1029 3712 queant,
1042 3645 1229 3713 eorumque
1240 3628 1369 3712 judicio

195 3735 330 3815 fldatur,
353 3742 388 3801 et
408 3737 557 3802 scientias
577 3736 619 3801 ab
639 3737 688 3801 eis
708 3736 840 3801 dictatae
858 3737 900 3800 ab
922 3735 1134 3802 auditoribus
1150 3737 1367 3820 accipiantur,

196 3849 290 3931 quasi
306 3847 537 3914 edocentibus
552 3865 631 3912 cnm
643 3847 887 3930 approbatione
903 3863 1038 3911 summa
1050 3871 1066 3906 »
1083 3846 1269 3930 (Schmin,
1288 3847 1309 3910 l.
1327 3865 1368 3924 c.,

195 3975 228 4020 n.
241 3957 282 4039 3).
297 3955 424 4021 lamen
436 3955 471 4020 in
485 3955 639 4040 pluribus
654 3947 946 4034 universitatibus,
969 3955 1016 4020 ita
1030 3953 1182 4020 relaxata
1197 3960 1250 4019 est
1269 3960 1369 4019 vatus

196 4063 371 4150 disciplina
385 4066 496 4150 quoad
510 4065 660 4147 rigorem
680 4065 905 4148 experimenti
918 4064 1055 4148 publici,
1070 4070 1110 4129 ut
1129 4063 1298 4129 distinctio
1320 4065 1369 4127 in-

195 4177 247 4240 ter
261 4174 453 4240 doctoratos
467 4178 502 4239 et
515 4174 673 4240 doctores
687 4171 828 4256 vulgata
841 4175 895 4237 sit.

233 4279 390 4366 bhliqui
406 4281 620 4363 distinguunt
639 4281 729 4346 iuter
752 4283 934 4366 mopfstros
960 4285 994 4345 et
1014 4282 1173 4357 doctores,
1199 4285 1367 4366 quatenns

194 4389 350 4472 magistri
368 4388 561 4455 dicerentur
576 4388 633 4475 qui
647 4389 683 4452 in
697 4387 912 4472 philosophia
925 4387 982 4454 vel
1005 4388 1186 4470 theologia,
1211 4389 1366 4454 doctores

194 4515 276 4564 vero
290 4496 349 4581 qui
364 4497 401 4560 in
416 4498 507 4578 jure,
520 4494 654 4560 medica
668 4496 725 4560 vel
745 4496 812 4562 alia
825 4497 985 4564 facultate
1005 4511 1204 4582 supremum
1221 4497 1366 4580 gradum

193 4606 307 4690 adepti
321 4603 484 4670 suntblii
493 4607 608 4669 tamen
622 4607 806 4690 utrumque
817 4624 944 4671 nomen
958 4604 1181 4682 confundunt,
1197 4609 1231 4670 et
1246 4607 1309 4671 suh
1323 4625 1364 4672 eo

193 4715 487 4800 comprehendunt
500 4712 638 4798 quosvis
654 4731 673 4781 e
687 4715 806 4798 quavis
818 4713 979 4782 facultate
993 4713 1035 4780 ad
1051 4731 1249 4799 supremum
1266 4713 1303 4780 in
1324 4735 1365 4782 ea
