3412 5570
438 685 498 752 470
896 705 949 754 rus
970 703 1150 752 33333333.

439 823 614 906 receperit,
629 824 881 907 quiahocesset
893 829 1011 888 contra
1020 825 1166 905 primam
1175 822 1425 887 institutionem
1435 820 1604 889 ordinum:
1672 833 1673 868 t

440 931 511 994 sive
536 936 574 994 ut
597 937 676 1022 ante
701 932 829 996 ordinis
854 931 1071 1014 praetermissi
1092 931 1343 1014 susceptionem
1367 931 1476 1012 possit
1495 929 1606 992 minis-

439 1044 527 1103 trare
550 1042 585 1104 in
609 1040 727 1106 ordine
748 1059 809 1124 per
826 1039 951 1104 saltum
970 1045 1139 1123 suscepto,
1163 1045 1303 1124 propter
1322 1039 1490 1103 rationem
1510 1055 1606 1120 supra

439 1146 591 1224 allatam3
614 1147 753 1213 tandem
775 1149 953 1231 episcopus
974 1148 1093 1231 nequit
1117 1148 1313 1230 dispensare
1338 1163 1417 1211 cum
1437 1165 1477 1210 eo
1499 1147 1607 1229 quiin
1672 1229 1673 1232 Ἴ

440 1255 557 1320 ordine
580 1275 642 1338 per
667 1255 791 1320 saltum
815 1260 973 1338 suscepto
997 1255 1051 1320 vel
1075 1255 1304 1338 praetermisso
1330 1254 1550 1326 ministravit,
1573 1257 1606 1316 ut

399 1359 408 1378 ’
440 1369 555 1447 aperte
572 1364 719 1429 declarat
733 1382 827 1430 conc.
844 1363 930 1428 Trid.
947 1364 1120 1428 Tunclleri
1134 1363 1235 1428 debet
1248 1380 1407 1428 recursus
1421 1362 1463 1427 ad
1478 1361 1512 1426 S.
1529 1361 1607 1426 Pon-

440 1471 576 1547 tilleem,
597 1472 662 1536 nisi
685 1472 844 1536 delictum
867 1471 1169 1536 administrationis
1196 1471 1300 1534 luerit
1322 1467 1511 1544 oecultum,
1535 1469 1607 1552 qnia

440 1580 629 1662 episcopus,
647 1598 690 1643 ex
702 1597 795 1643 conc.
819 1577 921 1654 Trid.‚
940 1577 1139 1662 dispensare
1151 1582 1265 1659 potest
1278 1578 1314 1641 in
1329 1577 1555 1661 suspensione
1569 1576 1606 1639 ob

441 1687 602 1751 delictum
615 1687 797 1751 oecultum.
1672 1767 1673 1770 Ἴ

480 1795 512 1858 2⁰
526 1795 565 1859 In
578 1797 653 1879 ipsa
665 1795 923 1877 irregularitate,
947 1795 1121 1878 dispensat
1135 1795 1239 1859 etiam
1255 1795 1444 1877 episcopus,
1460 1794 1496 1856 vi
1512 1791 1608 1857 facul-

442 1906 520 1969 tatis
534 1904 682 1969 Trident.
693 1907 790 1987 (sess.
804 1905 854 1982 ll,
868 1913 896 1970 c'.
908 1905 941 1980 6,
958 1904 1108 1987 debet),
1122 1923 1201 1968 cum
1213 1905 1255 1998 iis
1269 1904 1325 1986 qui
1340 1905 1605 1968 ministraverint
1672 1949 1673 1954 ,

442 2014 478 2076 in
488 2013 607 2078 ordine
617 2032 679 2096 per
689 2013 813 2078 saltum
824 2013 1138 2096 suscepto,quando
1149 2012 1371 2077 delictumest
1383 2011 1555 2076 occultum
1566 2011 1607 2076 :si
1672 2023 1673 2060 t

444 2120 606 2184 delictum
618 2125 670 2184 est
683 2119 866 2204 publicum,
883 2119 978 2185 solus
993 2119 1089 2184 Rom.
1107 2120 1263 2185 Pontifex
1281 2119 1476 2203 dispensare
1490 2123 1605 2202 potest.
1672 2151 1673 2154 =

834 2512 1048 2588 TITULUS
1092 2512 1214 2586 XXX.

708 2699 746 2744 DE
768 2697 806 2744 EO
827 2699 876 2754 obl
897 2699 1024 2744 FUR'l'll'E
1045 2699 1178 2744 onomast
1200 2689 1365 2744 suscitem*

451 3007 453 3056 j
484 2992 647 3055 Ultimum
669 2991 829 3056 delictum
851 2990 1050 3055 clericorum
1078 2989 1113 3053 in
1140 2991 1354 3072 susceptione
1382 2989 1544 3054 ordinum
1567 2995 1610 3054 est

444 3101 569 3164 furtiva
591 3101 760 3183 susceptio
785 3099 984 3163 eorumdem
1012 3098 1181 3163 ordinum.
1203 3098 1280 3162 Haec
1300 3099 1425 3163 furtiva
1448 3099 1609 3181 susceptio

444 3208 645 3292 plerumque
658 3209 698 3271 sst
709 3208 743 3270 in
758 3207 1024 3272 ordinationibus
1036 3225 1098 3290 per
1113 3206 1248 3282 saltum,
1267 3212 1301 3270 et
1315 3206 1392 3271 ideo
1407 3212 1524 3271 rectus
1537 3207 1610 3272 ordo

445 3315 604 3398 postulat,
628 3320 666 3379 ut
678 3320 757 3399 post
773 3313 908 3378 titulum
924 3315 965 3379 de
979 3296 1137 3397 promote
1151 3332 1213 3397 per
1228 3313 1363 3391 saltum,
1381 3320 1505 3396 agatur
1518 3315 1558 3380 de
1577 3331 1609 3376 eo

447 3425 504 3506 qui
518 3424 642 3490 furtive
657 3425 812 3489 ordinem
830 3424 988 3507 suscepit.

539 3627 558 3676 1.
574 3627 613 3678 be
633 3624 737 3677 furtiva
750 3625 929 3688 susceptione
943 3624 1076 3678 ordinum
1091 3625 1124 3678 et
1132 3623 1278 3677 validitate
1293 3624 1337 3676 vel
1350 3623 1531 3677 insoliditate

896 3700 961 3753 talis
972 3699 1168 3764 susceptionis.

487 3863 520 3944 a)
534 3861 699 3925 Dicuntur
712 3861 867 3926 ordinem
880 3861 1004 3924 lurtive
1021 3860 1203 3942 suscipere,
1224 3861 1390 3942 inprimis
1407 3861 1475 3943 qui,
1494 3862 1609 3942 absque

447 3953 583 4035 licentia
597 3974 631 4034 et
644 3988 814 4034 consensu
825 3971 983 4053 episcopi,
998 3969 1052 4033 vel
1065 3970 1138 4033 sinc
1148 3969 1274 4053 praevio
1287 3968 1444 4034 examine
1455 3974 1492 4032 et
1506 3984 1610 4051 appro-

447 4083 594 4157 batione,
618 4081 733 4146 dolose
754 4088 788 4146 et
805 4082 998 4147 ordinatore
1014 4083 1203 4162 ignorante,
1222 4101 1258 4145 33
1277 4079 1472 4144 ordinandis
1495 4079 1610 4143 immis-

447 4194 526 4254 ecnt
540 4191 624 4271 (can.
641 4191 671 4264 5,
690 4190 766 4253 dist.
783 4189 841 4266 2⁴st
857 4207 930 4253 can.
948 4189 979 4264 l,
996 4187 1073 4252 dist.
1088 4187 1138 4264 63,
1156 4193 1190 4252 et
1203 4206 1275 4270 333.
1294 4189 1308 4250 l
1332 4189 1365 4251 h.
1378 4187 1453 4270 tit).
1471 4186 1556 4251 Item
1565 4183 1609 4267 qui

447 4299 490 4363 ad
499 4298 634 4364 ordines
645 4298 796 4361 minores
810 4296 991 4372 admissus,
1007 4295 1188 4360 eademdie
1200 4293 1610 4377 recipitsubdiaeonatum.

449 4425 492 4470 ex
513 4425 541 4470 c.
559 4406 578 4469 l
598 4406 631 4469 h.
651 4407 723 4468 tit:
744 4406 909 4488 excipitur
931 4409 1046 4468 tamen
1063 4421 1162 4468 casus
1176 4419 1243 4486 quo
1259 4401 1507 4466 consuetudine
1522 4402 1611 4463 intro

450 4509 589 4573 ductum
600 4514 701 4584 esset,
720 4513 756 4572 ut
767 4505 888 4572 eadem
902 4508 955 4571 die
971 4507 1108 4571 ordines
1119 4507 1270 4570 minores
1285 4523 1362 4568 curn
1378 4503 1611 4566 subdiaconatu

448 4617 676 4690 conferantur.
693 4615 843 4680 Tandem
859 4615 983 4678 lurtive
998 4614 1153 4678 ordinem
1170 4613 1310 4695 suscipit
1325 4611 1381 4695 qui
1394 4614 1514 4676 eontra
1527 4625 1611 4690 supe-

449 4729 548 4795 rioris
562 4727 798 4793 inhibitionem
810 4724 931 4789 eodem
945 4729 1098 4811 tempore
1111 4721 1227 4794 dolose
1242 4720 1361 4813 recipit
1373 4720 1459 4790 duos
1473 4721 1611 4806 majores

451 4839 587 4913 ordines
602 4841 641 4930 (3.
658 4839 717 4910 tin.
731 4837 764 4910 b,
783 4834 856 4924 tit).
