3482 5560
385 539 447 604 tlt)
846 557 897 604 rus
917 557 1099 604 curoncurr.

386 679 458 739 tem
485 691 555 738 non
578 673 728 738 habeant
751 676 842 740 unde
867 675 1001 742 solvere
1022 675 1155 760 possint
1180 678 1295 739 mnam
1318 673 1560 757 pecuniariam.

385 779 483 857 Item,
500 785 539 844 ut
554 780 621 844 sint
636 801 712 846 vere
722 783 940 860 miserabiles,
956 783 1023 849 hoc
1041 789 1105 859 est,
1122 781 1216 848 nulla
1238 782 1329 846 bona
1351 781 1417 846 alla
1438 781 1564 847 baben-

386 893 450 966 tes,
475 889 535 954 sed
559 890 698 973 praecise
720 894 856 976 proprio
881 893 995 958 labore
1018 899 1053 958 et
1079 892 1247 958 industria
1271 891 1438 966 viventes,
1466 910 1499 955 v.
1528 910 1561 972 g.

386 1015 429 1064 ex
452 997 669 1080 agricultura,
691 999 910 1083 opificio,ch
933 1000 999 1066 alin
1020 1006 1092 1066 arte
1111 1000 1215 1066 etiam
1236 997 1377 1074 liberali,
1393 1001 1441 1065 ita
1460 1003 1498 1061 ut
1521 1015 1564 1062 ex

384 1104 655 1172 bocsuolabore
670 1106 1002 1174 muanecassariam
1015 1108 1302 1174 sustentationem
1324 1125 1394 1172 non
1415 1107 1565 1172 babeant

250 1222 252 1231 '
384 1212 513 1298 aliquid
527 1213 739 1308 superfluum
751 1235 814 1299 pro
830 1199 910 1282 taxa
925 1215 1091 1281 solvenda
1104 1236 1111 1278 ε
1125 1216 1173 1280 ita
1187 1233 1231 1280 ex
1245 1214 1370 1279 decret.
1386 1213 1464 1278 Urb.
1482 1213 1561 1290 VIII,

383 1320 487 1388 habet
500 1322 609 1405 stylus
623 1320 742 1399 Curiae,
758 1329 794 1388 et
807 1325 958 1390 insinuat
970 1327 1135 1388 consueta
1147 1321 1300 1388 clausule
1314 1342 1323 1385 :
1346 1347 1362 1380 c
1378 1322 1563 1387 dummodo

383 1428 448 1512 ipsi
476 1429 545 1494 sint
569 1448 738 1514 pauperes
769 1437 804 1496 et
826 1431 1038 1498 miserabiles
1063 1435 1098 1496 et
1121 1449 1165 1496 ex
1185 1429 1313 1508 labore,
1341 1435 1376 1494 et
1397 1429 1564 1494 industria

383 1541 518 1602 tantum
532 1536 661 1603 vivant.
679 1538 750 1602 »lit
773 1539 853 1624 quia
863 1543 921 1623 jus
943 1541 1035 1605 istud
1055 1539 1244 1622 concipitur
1265 1539 1300 1602 in
1326 1555 1470 1603 numero
1492 1537 1562 1620 plu-

382 1643 460 1722 rali,
480 1645 588 1729 quiin
604 1665 673 1711 uno
685 1665 755 1712 non
769 1647 920 1713 salvatur
934 1644 967 1730 (l.
984 1645 1054 1728 llll,
1072 1647 1108 1710 ll.
1126 1647 1168 1711 de
1184 1646 1327 1728 Iastia),
1346 1647 1471 1711 debent
1486 1664 1561 1710 esse

383 1753 484 1819 ambo
507 1772 674 1838 pauperes
700 1759 735 1818 et
760 1755 983 1831 miserabiles
1012 1759 1051 1819 ut
1078 1755 1295 1820 communior
1320 1754 1420 1820 docet
1445 1759 1562 1819 contra

384 1861 501 1928 Gobat.
517 1861 614 1928 Tales
627 1867 812 1928 censentur
826 1863 931 1929 etiam
944 1863 993 1928 illi
1009 1862 1067 1946 qui
1079 1863 1206 1928 fundos
1226 1865 1273 1928 ita
1289 1867 1412 1928 tenues
1423 1861 1559 1938 habent,

383 1974 423 2034 ut
439 1959 483 2035 eir
497 1970 539 2035 iis
556 1970 676 2036 locatis
696 1989 808 2054 neque
821 1990 884 2055 per
905 1976 1039 2036 sextam
1063 1971 1144 2036 anni
1164 1978 1308 2055 partem,
1334 1968 1468 2036 secluso
1491 1988 1562 2034 ma-

382 2097 492 2144 nuum
517 2097 659 2145 suarum
679 2079 808 2158 labore,
835 2073 953 2145 iuvere
976 2080 1110 2164 possint
1134 2099 1141 2142 :
1165 2099 1281 2158 secus,
1302 2081 1330 2144 si
1355 2079 1477 2145 saltem
1501 2097 1561 2163 per

383 2192 516 2254 sextam
528 2189 610 2254 anni
624 2193 758 2272 partem
769 2189 886 2254 vivere
896 2190 1030 2272 possint
1042 2190 1172 2273 absque
1187 2208 1250 2254 suo
1263 2190 1392 2266 labore,
1404 2207 1474 2254 non
1485 2205 1561 2271 pos-

384 2300 465 2361 sunt
493 2314 630 2379 spcrare
657 2295 949 2380 dispensationem
971 2296 1006 2360 in
1027 2299 1143 2380 formo
1162 2316 1366 2383 pauperum,
1391 2297 1560 2382 quiajam

382 2423 454 2470 non
467 2423 511 2471 ex
524 2405 640 2471 labore
661 2410 696 2470 et
715 2405 883 2470 industria
897 2413 1033 2470 tontum
1058 2407 1190 2471 vivunt.
1218 2410 1300 2490 Spes
1325 2407 1366 2472 de
1388 2404 1486 2469 bonis
1508 2421 1561 2468 ac-

382 2515 570 2601 quirendis,
586 2535 619 2580 v.
636 2533 670 2597 g.
683 2533 727 2580 ex
738 2515 949 2594 hereditate,
963 2533 1033 2581 non
1046 2520 1188 2581 enervat
1199 2519 1405 2599 presentem
1417 2532 1560 2597 pauper-

383 2628 501 2702 tatem,
522 2625 602 2710 quia
616 2641 694 2709 spes
717 2624 847 2689 incerta
866 2629 929 2702 est,
955 2643 1066 2708 neque
1090 2625 1149 2690 alit
1172 2630 1233 2690 aut
1251 2624 1356 2690 vestit
1371 2623 1555 2688 hominem.

423 2734 524 2818 Resp.
544 2734 575 2797 I.
599 2732 707 2800 Causa
724 2733 934 2816 paupertatis
956 2739 991 2798 et
1013 2733 1279 2799 miserabilitatis
1300 2729 1436 2816 probari
1460 2730 1560 2795 debet

383 2841 490 2908 Curiae
504 2843 667 2908 Romanae
682 2844 900 2910 attestatione
911 2844 1039 2927 proprii
1053 2843 1192 2928 parochi
1205 2847 1392 2918 oratorum,
1409 2845 1444 2905 et
1459 2839 1560 2923 depo

383 2951 563 3017 sitionibus
580 2951 728 3017 duorum
742 2949 798 3020 vel
811 2951 919 3016 trium
935 2951 1087 3030 testium,
1100 2951 1167 3017 flde
1180 2951 1374 3032 dignorum,
1385 2965 1500 3014 coram
1513 2947 1561 3012 vi-

383 3062 474 3128 cario
489 3061 641 3145 generali
656 3062 806 3146 episcopi
817 3061 969 3144 legitime
986 3063 1269 3138 examinatorum,
1279 3113 1281 3121 ,
1291 3061 1348 3146 qui
1359 3060 1473 3125 dicant
1487 3076 1560 3124 ora·

383 3176 477 3237 tores
491 3190 568 3237 esse
589 3189 759 3255 pauperes
781 3176 816 3236 et
829 3172 1052 3262 miserabiles,
1075 3171 1123 3237 ita
1141 3178 1180 3238 ut
1202 3191 1246 3236 ex
1258 3170 1374 3236 labore
1390 3174 1425 3235 et
1443 3169 1560 3234 mous-

384 3279 449 3345 tria
472 3285 688 3346 sustentem
707 3280 826 3346 vivant
843 3279 1034 3362 (Instructio
1055 3278 1130 3344 Gur.
1151 3279 1247 3344 Rom.
1275 3279 1365 3354 1658,
1389 3278 1490 3360 1671),
1515 3293 1558 3339 ne

383 3365 512 3454 scilicet
524 3388 610 3454 falso
624 3390 834 3472 paupertatis
848 3394 1017 3472 pretextu
1031 3387 1193 3455 olliciales
1208 3386 1314 3451 Guriae
1336 3385 1559 3469 pensionibus

385 3496 457 3560 suis
473 3496 718 3562 defraudentur
732 3499 785 3580 (lt.

424 3604 523 3688 Resp.
539 3605 569 3668 3.
587 3605 750 3670 ltlotivum
764 3603 1028 3690 dispensationis
1043 3603 1079 3672 in
1093 3603 1205 3674 forma
1215 3619 1405 3692 pauperum
1423 3605 1476 3670 est
1487 3601 1558 3670 lere

385 3713 535 3788 unicum,
552 3713 680 3778 seilicet
692 3714 813 3798 copula
833 3715 888 3782 vel
906 3715 1115 3782 rationabilis
1135 3717 1282 3800 suspicio
1301 3715 1430 3798 copule
1452 3715 1559 3780 inoes-

383 3826 503 3900 tuosae,
518 3839 580 3886 seu
589 3821 729 3888 infamia
744 3821 897 3889 mulieris
911 3842 990 3892 cum
1005 3826 1171 3891 secuturis
1184 3825 1350 3890 scandalis
1364 3825 1557 3906 conjuncta,

383 3928 450 3993 nisi
460 3929 717 3994 matrimonium
728 3929 980 3998 interemtores
997 3939 1169 4018 sequatur.
1181 3932 1229 3997 lte
1240 3931 1328 4016 stylo
1339 3931 1445 3997 Curiae
1459 3931 1556 3995 Rom.
1601 3969 1607 3978 ·

383 4034 530 4116 additur,
548 4062 563 4098 α
579 4035 769 4124 periculum
783 4041 914 4120 mortis,
932 4066 948 4101 >r
961 4042 1041 4126 quia
1054 4061 1157 4126 poena
1165 4042 1277 4106 ultimi
1285 4040 1440 4124 supplicii
1450 4039 1559 4104 adhuc

383 4144 506 4212 alicubi
520 4143 616 4230 viget
627 4153 747 4214 contra
762 4147 975 4216 incestuosos
991 4170 1000 4212 t
1017 4153 1052 4214 et
1063 4148 1143 4214 licet
1156 4149 1193 4213 in
1209 4147 1285 4214 loco
1300 4152 1475 4214 oratorum
1488 4163 1560 4210 non

382 4254 510 4338 vigeat,
531 4259 647 4320 tamen
670 4256 703 4320 S.
721 4255 827 4321 Sedes
849 4257 940 4323 illius
959 4258 1173 4322 mentionem
1193 4257 1284 4334 lacit,
1304 4256 1383 4340 quia
1407 4256 1450 4320 ab
1474 4253 1561 4318 anti-

383 4363 460 4446 quis
473 4351 629 4428 formulis
641 4363 712 4428 suis
727 4369 799 4430 tarn
812 4365 909 4432 facile
925 4383 996 4431 non
1010 4365 1148 4431 recedit.

422 4470 522 4554 Resp.
537 4472 568 4536 l.
592 4471 750 4540 Oratores
777 4479 899 4558 quarto
923 4473 1032 4556 gradu
1060 4473 1214 4558 simpbci,
1244 4472 1300 4537 vel
1328 4471 1427 4536 tertio
1451 4470 1560 4534 mixto

415 4629 449 4694 (1)
463 4628 556 4680 tinum
571 4635 712 4697 paupertas
732 4633 799 4684 laisa
818 4631 930 4697 allegata
946 4633 1173 4701 dIspensatlonem
1186 4633 1289 4684 irritati
1301 4629 1367 4682 Vide
1383 4631 1417 4682 le
1430 4629 1561 4682 emanata

384 4706 585 4770 contemporale,
599 4710 618 4758 t.
633 4703 664 4768 V,
678 4721 705 4772 p.
720 4707 811 4772 57,58;
828 4709 937 4762 Iti-llll.
