3508 5568
360 591 399 654 28
819 607 872 654 tos
894 607 1075 654 ctuorrouu.

360 728 570 782 utcontractus
580 723 1091 794 istevalidusessetsacramdntum;
1107 738 1180 800 ergo
1194 723 1218 783 si
1236 723 1339 782 fideles
1349 723 1455 782 volunt
1468 738 1537 782 con-

361 813 475 874 trahere
489 813 595 878 valide,
612 813 721 872 debent
733 815 821 872 etiam
837 813 910 873 relle
930 814 1076 872 conficere
1091 818 1321 872 sacramentum.
1331 812 1378 870 Sic
1388 813 1535 871 ordinatio

360 903 545 968 clericorum,
563 905 588 962 si
606 919 665 962 uon
681 906 759 963 valet
777 910 809 963 ut
823 915 1052 968 sacramentum,
1076 918 1173 978 neque
1188 904 1267 962 valet
1287 907 1319 960 ut
1333 909 1418 961 actus
1438 903 1534 962 civilis

359 993 504 1064 deputans
517 993 553 1050 ad
569 993 736 1052 ministeria
749 993 906 1052 clericalia.
924 995 1005 1054 Unde
1021 995 1138 1068 phrasis
1152 994 1210 1052 ista
1220 1012 1227 1050 :
1238 1015 1251 1044 «
1266 992 1403 1052 Cirristus
1415 1007 1474 1051 non
1484 993 1536 1050 iur-

359 1083 485 1140 mutaril
500 1089 623 1142 naturas
635 1098 735 1141 rerum
750 1083 786 1141 ad
802 1088 1023 1142 sacramentum
1038 1083 1228 1146 elevatarum,
1241 1103 1255 1134 o
1272 1096 1345 1139 sane
1355 1088 1402 1140 est
1424 1081 1535 1140 iutelli-

358 1170 456 1244 penda
469 1172 549 1244 quod
566 1171 632 1229 scil.
655 1171 731 1229 ratio
746 1172 926 1230 sacramenti
947 1186 1006 1230 nou
1028 1171 1172 1234 destruat,
1193 1170 1244 1228 sed
1268 1171 1362 1228 clevet
1384 1171 1533 1228 essentias

357 1275 474 1328 rerum;
502 1275 563 1318 uon
584 1277 654 1319 vero
669 1261 749 1334 quod
772 1277 807 1319 ea
832 1276 899 1334 qum
922 1265 1034 1320 attento
1055 1261 1122 1334 jure
1145 1260 1273 1317 naturali
1296 1259 1392 1316 valide
1419 1259 1532 1328 fierent,

357 1349 444 1408 eliam
459 1349 555 1408 valide
570 1350 643 1408 liant
664 1352 694 1408 iu
719 1351 850 1409 Ecclesia
862 1351 971 1408 Christi
995 1350 1060 1408 sine
1082 1349 1197 1408 ratione
1215 1347 1403 1411 sacramenti,
1422 1353 1454 1405 ut
1468 1363 1534 1420 pro·

356 1437 418 1496 irari
436 1444 535 1512 potest
551 1455 604 1512 per
624 1440 726 1498 omnia
741 1445 937 1498 sacramenta.
963 1439 1011 1498 Sic
1033 1439 1122 1498 etiam
1144 1438 1361 1508 tridentinum,
1388 1439 1533 1496 irritando

356 1527 544 1586 matrimonia
558 1529 753 1593 clandestina,
770 1543 831 1586 non
854 1528 978 1588 sustulit
995 1534 1131 1588 naturam
1157 1527 1351 1590 matrimonii,
1371 1527 1421 1586 sed
1436 1528 1533 1585 deter-

356 1616 499 1688 ruinarit3
515 1623 545 1674 et
564 1623 663 1675 ttamen
687 1618 775 1675 hodie
798 1617 988 1676 matrimonia
998 1618 1195 1680 clandestina,
1213 1617 1294 1675 sicut
1313 1631 1374 1674 nou
1390 1615 1489 1674 valent
1502 1617 1531 1674 iu

354 1707 469 1764 ratione
486 1709 674 1771 sacramenti,
691 1709 732 1766 ita
748 1725 844 1781 neque
858 1708 958 1766 valent
968 1709 997 1766 in
1009 1709 1125 1768 ratione
1136 1713 1321 1766 contractus.
1333 1708 1374 1765 hd
1387 1711 1413 1764 3.
1423 1707 1533 1764 Eodem

351 1800 420 1872 jure
442 1815 502 1874 quo
522 1805 642 1860 constat
663 1800 886 1858 matrimonium
907 1800 1040 1859 validum
1066 1799 1213 1858 elevatum
1238 1813 1303 1858 csse
1327 1799 1363 1856 ad
1389 1798 1533 1856 rationem

354 1889 648 1952 sacramentalem
669 1896 786 1950 constat
800 1907 852 1964 per
867 1892 1068 1950 necessariam
1092 1890 1339 1964 consequentiam
1365 1887 1481 1946 nullum
1503 1889 1533 1944 in

356 1980 485 2038 Ecclesia
500 1980 608 2038 Cluisti
624 1981 849 2039 matrimonium
863 1982 960 2042 valide
974 1982 1110 2040 contrahi
1125 1982 1205 2056 quod
1224 1997 1283 2040 nou
1307 1981 1347 2039 sit
1367 1994 1534 2039 sacramen-

356 2075 427 2124 lum.
444 2067 495 2126 Vel
511 2068 671 2127 adversarii
685 2071 844 2128 ostendant
859 2071 1075 2144 exceptionem,
1097 2075 1150 2128 aut
1163 2071 1265 2130 dicant
1281 2069 1409 2128 concilia
1424 2073 1533 2127 temere

355 2157 448 2230 loqui,
477 2157 548 2214 dum
578 2158 643 2216 sine
666 2159 839 2231 exceptione
864 2159 1013 2218 deliniunt
1039 2160 1230 2218 matrimonia
1255 2159 1400 2240 fidelium,
1430 2157 1533 2231 utique

353 2247 459 2315 valida,
475 2261 544 2304 esse
558 2262 625 2304 vere
647 2253 676 2305 et
697 2249 815 2321 proprie
831 2256 1036 2320 sacramenta3
1052 2265 1119 2322 quae
1133 2248 1269 2308 definitio
1285 2262 1346 2306 non
1357 2253 1437 2308 esset
1452 2263 1531 2309 vcra,

353 2337 379 2394 si
402 2336 447 2394 vel
468 2352 563 2395 unum
587 2337 824 2406 matrimonium,
839 2339 935 2398 valide
954 2353 972 2397 a
990 2338 1130 2398 fidelihus
1146 2344 1344 2407 contractum,
1369 2354 1428 2396 uon
1455 2343 1534 2396 essct

354 2433 584 2487 sacramentum.
613 2429 701 2486 Dices
730 2447 737 2484 :
767 2429 872 2488 valida
899 2432 946 2488 est
970 2428 1128 2501 baptizatio
1156 2429 1291 2502 physica,
1319 2428 1375 2486 etsi
1405 2443 1465 2485 non
1493 2427 1533 2485 sit

353 2521 572 2574 sacramentum
581 2538 591 2590 ;
608 2531 680 2591 ergo
696 2517 783 2575 etiam
801 2517 917 2576 validus
932 2523 979 2576 est
992 2523 1164 2576 contractus
1178 2516 1373 2586 matrimonii,
1390 2517 1447 2574 etsi
1471 2531 1531 2574 non

309 2647 311 2650 -
353 2605 393 2662 sit
406 2611 637 2663 sacramentum.
666 2611 755 2682 Resp.
772 2607 859 2665 istam
875 2609 1030 2680 paritatem
1045 2621 1105 2665 non
1121 2622 1191 2666 esse
1204 2607 1241 2666 ad
1255 2622 1316 2665 rem
1329 2625 1336 2662 ε
1349 2621 1420 2664 nam
1435 2605 1531 2678 bapti·

354 2694 431 2752 zatio
446 2711 506 2752 nou
524 2695 656 2754 elevatur
677 2697 712 2754 ad
737 2696 897 2755 lavandum
916 2711 1037 2769 corpus,
1059 2697 1111 2754 sed
1127 2698 1163 2755 ad
1179 2696 1339 2755 lavandum
1362 2695 1493 2754 animam
1514 2710 1532 2752 a

354 2784 484 2856 peccatis
500 2803 507 2841 :
522 2785 587 2844 sine
602 2785 717 2843 ratione
731 2791 830 2844 autem
846 2787 1024 2845 sacramenti
1039 2801 1126 2859 aqua,
1145 2801 1200 2845 nee
1213 2786 1346 2859 physice,
1363 2801 1418 2842 nec
1434 2800 1530 2842 mora-

354 2871 431 2943 liter,
445 2874 524 2932 larat
536 2875 667 2933 animam
683 2895 690 2931 ε
707 2881 736 2932 et
751 2875 888 2934 similiter
904 2877 1127 2934 matrimonium
1142 2877 1173 2934 in
1185 2877 1251 2951 lege
1272 2877 1393 2946 Christi,
1404 2875 1471 2934 sine
1484 2891 1529 2932 ra·

354 2965 435 3022 tione
455 2966 644 3036 sacramenti,
660 2967 811 3024 moraliter
826 2982 885 3023 non
902 2966 976 3040 ligat
996 2967 1136 3030 animam,
1163 2966 1232 3025 licet
1256 2965 1379 3040 physice
1403 2973 1530 3038 ponatur

354 3068 523 3112 consensus
535 3055 673 3114 internus
689 3061 718 3113 et
740 3063 898 3121 externus,
915 3058 994 3115 sicut
1012 3057 1135 3130 physice
1154 3057 1276 3129 ponitur
1293 3055 1450 3129 baptizatio
1465 3071 1528 3114 cor-

354 3144 445 3216 poris,
458 3145 487 3202 in
503 3161 564 3216 quo
575 3145 686 3217 paritas
700 3146 759 3204 isla
773 3147 875 3209 currit,
893 3161 951 3204 non
967 3161 1037 3205 rero
1053 3146 1084 3203 in
1108 3146 1207 3204 valore
1229 3146 1266 3204 de
1278 3162 1338 3220 quo
1354 3147 1527 3218 loquimur:

354 3249 443 3292 secus
467 3235 555 3293 etiam
577 3235 726 3294 ordinatio
750 3237 949 3306 sacerdotum,
980 3237 1015 3294 de
1040 3237 1109 3309 iure
1131 3235 1260 3294 naturali
1277 3237 1443 3301 sussiciens,
1463 3237 1528 3295 sino

303 3327 306 3332 '
353 3323 1528 3401 rationosacramentisuilrccreladsacerdotiumnoralegiscbristianae,quod

353 3413 441 3469 unice
455 3412 560 3470 volunt
574 3414 693 3472 sectarii
704 3414 750 3486 (ll.

554 3592 597 3641 lll.
614 3590 666 3650 Qui
685 3591 743 3642 sint
759 3591 874 3644 allectus
890 3591 919 3644 et
932 3591 1116 3654 proprietates
1130 3591 1323 3644 matrimonii?

394 3735 493 3817 Resp.
512 3754 581 3817 seq.
599 3736 630 3798 1ο
646 3735 825 3800 Vinculum
839 3737 1031 3820 conjugale,
1049 3737 1140 3821 quod
1154 3756 1197 3801 ex
1216 3742 1338 3802 natura
1362 3756 1423 3802 sua
1443 3737 1528 3801 rela-

356 3843 463 3906 tivum
478 3847 540 3918 est,
558 3842 672 3908 dicens
687 3844 923 3909 habitudinem
937 3845 1049 3909 mariti
1069 3845 1112 3909 ad
1135 3863 1289 3921 uxorem,
1316 3849 1351 3908 et
1377 3848 1526 3919 econtra,

355 3945 477 4008 suin
493 3945 681 4029 Supplicem„
699 3967 729 4030 q.
746 3947 796 4024 ll,
814 3951 875 4012 art.
893 3948 921 4011 l.
939 3946 979 4009 ut
992 3965 1053 4031 per
1067 3947 1133 4011 tale
1150 3947 1324 4012 vinculum
1336 3967 1379 4011 ex
1393 3951 1525 4025 mutuo,

354 4052 499 4116 maritali
513 4071 684 4116 consensu
699 4054 867 4119 resultans
882 4055 1100 4119 constituitur
1114 4055 1370 4120 matrimonium
1388 4056 1424 4119 in
1438 4056 1526 4120 facto

356 4178 440 4238 esse,
459 4179 519 4224 seu
534 4164 641 4224 status
655 4163 845 4244 conjugalis
861 4181 903 4226 ex
918 4167 1040 4228 natura
1052 4181 1114 4228 sua
1126 4163 1304 4227 continens
1316 4162 1527 4228 individuam

354 4267 433 4332 vitae
448 4269 665 4344 societateru;
683 4287 721 4333 ac
734 4269 876 4352 proinde
892 4269 1067 4335 uinculum
1090 4270 1182 4334 istud
1197 4271 1238 4334 ab
1261 4271 1457 4344 intrinseco,
1485 4287 1527 4332 ex

356 4380 477 4442 natura
491 4395 562 4450 sua,
579 4395 639 4439 seu
655 4375 697 4438 de
719 4377 796 4459 jure
814 4377 956 4442 naturali
976 4383 1027 4442 est
1047 4377 1291 4453 indissolubile,
1310 4382 1347 4441 ut
1369 4379 1457 4441 inira
1479 4376 1528 4439 di-

354 4502 429 4546 cam
446 4484 493 4546 til.
514 4484 554 4547 de
569 4483 737 4546 diuortiis.

385 4662 419 4724 (t)
435 4663 509 4712 lianc
522 4661 696 4726 quaestionem
711 4661 828 4713 eraclius
843 4663 949 4714 discutit
965 4663 1122 4717 Benedictus
1138 4665 1202 4726 xlv,
1217 4664 1245 4714 in
1263 4677 1342 4730 opere
1362 4663 1393 4712 de
1413 4662 1525 4726 Salanda,

355 4741 380 4785 et
394 4737 485 4788 hmort
498 4737 525 4787 in
542 4735 675 4800 theolopta
691 4737 821 4802 (airola).
