3500 5552
552 473 637 520 arasa
659 473 785 528 curares
805 469 1025 520 nacasrsumr.
1318 459 1378 524 389

204 590 351 656 nistrans
366 589 650 672 irregularitatem
664 591 852 656 incurreret
866 592 904 672 (c.
917 589 950 654 Is
962 592 1030 673 qui,
1046 590 1080 654 h.
1097 595 1134 668 t.‚
1147 591 1182 655 in
1191 592 1234 668 6⁰;
1245 611 1272 656 c.
1287 594 1378 660 Licet

205 703 239 763 et
253 699 325 777 lin,
341 698 383 764 de
399 699 504 766 Cierio
517 713 641 765 ersom.
656 699 892 783 ministrante).
908 699 1151 766 Verumtamen
1166 702 1378 768 sacramenta

204 807 246 871 ab
259 803 570 887 excommunicatis,
586 810 688 875 etiam
701 809 858 888 vitandis,
874 807 1108 874 administrata
1119 814 1199 874 sunt
1212 809 1334 888 valida,
1349 813 1377 875 si

204 924 407 984 concurrent
420 919 535 985 omnia
555 921 746 985 necessaris
764 920 806 985 ad
827 919 1052 984 substantiam
1073 924 1374 996 sacrementomm‚

205 1025 284 1107 quia
295 1025 391 1092 valor
402 1009 603 1093 sacramenti
618 1045 688 1092 non
699 1025 825 1111 pendet
835 1043 855 1090 a
864 1025 931 1090 tide
946 1029 980 1088 et
991 1025 1157 1108 probitate
1170 1027 1326 1103 ministri,
1339 1033 1377 1091 ut

202 1133 347 1214 probant
361 1134 521 1216 theologi.
537 1135 580 1199 at
594 1135 702 1220 excipi
716 1132 817 1200 debet
830 1133 1039 1217 penitentia
1054 1138 1316 1212 sacramentum,
1333 1135 1375 1201 ad

203 1245 295 1327 quod
309 1245 493 1330 requiritur
508 1245 709 1328 jurisdictio,
728 1263 830 1330 quam
848 1243 1034 1310 nonhabet
1049 1245 1373 1310 excommunicatus.

203 1351 328 1418 Tamen
343 1353 378 1417 in
390 1353 531 1418 articulo
546 1359 605 1418 eut
618 1341 767 1438 periculo
782 1353 913 1428 mortis,
929 1352 1255 1428 excommunicatus,
1273 1355 1375 1418 etiam

203 1460 371 1539 vitandus,
387 1462 498 1526 valide
511 1461 725 1526 administrat
739 1465 990 1526 sacramentum
1005 1459 1223 1545 peonitentia,
1242 1462 1375 1545 quises

200 1587 295 1634 conc.
312 1562 412 1646 Trid,
429 1589 511 1636 sess.
525 1561 578 1649 et,
593 1588 622 1636 c.
639 1573 668 1646 7,
685 1569 721 1634 in
734 1571 799 1636 hoc
812 1589 892 1636 casu
908 1587 1028 1634 omnes
1042 1568 1235 1634 sacerdotes
1247 1567 1375 1634 habent
1399 1550 1402 1558 ’

197 1677 479 1760 jurisdictionem.
496 1678 535 1744 ln
547 1679 669 1744 eodem
683 1678 833 1760 periculo
847 1677 966 1743 mortis
980 1677 1070 1743 licite
1085 1678 1128 1743 ab
1144 1679 1373 1744 excommuni·

200 1791 274 1851 cato
290 1785 891 1871 administraturbaptismus;imo,in
901 1783 959 1866 illo
969 1785 1227 1863 casu,sacerdos
1238 1804 1373 1851 excom·

199 1895 391 1959 municatns
409 1895 615 1979 probabilius
638 1895 870 1978 praeferendus
890 1897 982 1959 esset
1002 1893 1088 1960 laico
1106 1889 1143 1958 iri
1159 1895 1372 1962 administra-

200 2003 291 2068 tione
301 2003 470 2088 baptismi,
480 2005 560 2089 quia
569 2005 691 2070 incesu
703 2005 916 2070 necessitatis
926 2009 1037 2069 cesset
1045 2003 1238 2087 probibitio,
1251 2008 1285 2067 et
1294 2003 1371 2068 ideo

200 2110 356 2177 sacerdos
374 2114 636 2196 praerogativam
652 2132 722 2178 sua
746 2112 968 2178 ordinationis
981 2117 1170 2197 recuperat.
1187 2111 1309 2196 Nequit
1323 2117 1371 2177 ta-

198 2235 278 2282 men
293 2218 490 2286 solemniter
503 2221 683 2304 baptizare,
700 2239 778 2287 cum
792 2225 969 2286 remaneat
982 2220 1139 2284 minister
1147 2220 1369 2284 necessitatis.

237 2327 331 2393 ldem
346 2329 527 2395 dicendum
550 2336 602 2394 est
622 2331 665 2395 de
680 2329 888 2396 Eucharistia
901 2347 940 2394 ao
961 2329 1003 2394 de
1019 2328 1231 2412 poenitentis,
1249 2328 1370 2392 saltem

101 2466 104 2472 ·
197 2437 225 2500 si
256 2443 507 2502 sacramentum
530 2438 739 2521 poenitentia
769 2455 838 2503 non
857 2436 1025 2520 potuisset
1052 2435 1307 2501 administrari:
1333 2437 1390 2508 in.

196 2545 346 2628 periculo
365 2545 484 2610 mortis
505 2549 539 2610 et
560 2545 738 2610 deficiente
761 2544 826 2611 alio
850 2543 1037 2620 sacerdote,
1055 2543 1368 2608 excommunicatus

196 2655 355 2721 vitandus
378 2660 494 2740 posset
515 2654 599 2719 illud
619 2659 869 2720 sacramentum
888 2653 1125 2718 administrare
1148 2672 1209 2736 per
1227 2653 1369 2718 modum

196 2763 317 2828 viatici.
328 2763 421 2840 Nam,
435 2763 514 2828 licet
525 2763 732 2828 Eucharistie
742 2780 812 2826 non
823 2762 867 2825 sit
878 2766 1129 2826 sacramentnm
1144 2761 1365 2838 necessitatis,

197 2875 249 2933 est
264 2876 379 2935 umen
393 2871 623 2937 necessarium
638 2874 856 2954 expraecepto
868 2869 994 2945 divino,
1006 2867 1227 2952 quodiortiue
1241 2867 1370 2949 obliget

197 2995 298 3060 quem
311 2985 520 3063 praeceptum
536 2978 811 3045 ecclesiasticum.
840 2977 873 3040 Si
892 2982 1006 3042 tamen
1028 2975 1252 3041 moribundus
1276 2993 1368 3041 rece-

195 3067 563 3167 pissetsacramentum
578 3087 800 3172 paenitentiae,
818 3103 889 3150 non
913 3088 1047 3149 constat
1070 3089 1148 3148 tunc
1172 3101 1368 3148 excommu-

194 3192 345 3258 nicatum
361 3193 537 3259 vitandum
558 3213 660 3278 posse
678 3192 923 3259 Eucharistiam
937 3191 1184 3266 administrare,
1204 3192 1366 3284 quianon

196 3305 248 3365 est
260 3301 420 3384 obligatio
437 3304 652 3388 suscipiendi,
669 3303 733 3368 nisi
750 3303 863 3368 debito
879 3301 982 3367 modo
1004 3301 1110 3384 possit
1125 3299 1362 3365 administrari.

92 3469 95 3474 .
195 3407 343 3475 Tandem
371 3413 683 3480 excommunicatus
704 3411 862 3476 vitandm
883 3413 1000 3494 posset
1018 3410 1121 3473 etiam
1139 3408 1294 3474 conterre
1316 3425 1366 3472 sa-

181 3524 407 3584 cramentum
432 3526 593 3586 extrema
626 3519 795 3586 unctionis
823 3520 960 3584 intlrmc
990 3518 1047 3602 qui
1072 3535 1142 3582 non
1167 3516 1278 3599 potuit
1300 3515 1365 3580 alia

195 3635 406 3695 sacramente
435 3630 597 3712 recipere,
622 3631 702 3714 quia
729 3630 793 3694 boc
824 3632 1075 3694 sacramentum
1101 3626 1140 3689 tlt
1169 3623 1365 3708 simpliciter

194 3739 424 3803 necessarium
440 3737 483 3803 ad
497 3738 653 3814 salutem,
665 3756 744 3803 cum
757 3737 866 3822 possit
878 3735 989 3800 iacere
1003 3735 1177 3799 bominem
1193 3733 1234 3797 de
1249 3733 1363 3797 attrito

192 3847 387 3913 contritum.
400 3848 449 3913 lta
463 3849 690 3914 communiter
704 3847 769 3910 DD.
786 3865 865 3912 cum
879 3845 1013 3922 Suarez,
1030 3843 1208 3917 Bonacina
1225 3845 1288 3906 eto.

231 3951 550 4021 Excommunicatus
571 3957 734 4020 toleratus
750 3959 863 4040 potest
883 3952 973 4018 licite
993 3951 1229 4017 administrare
1248 3949 1364 4014 omnia

191 4069 413 4142 sacramenta,
432 4065 566 4150 quando
576 4065 696 4130 fideles
710 4069 880 4149 petuntea
892 4063 955 4128 sibi
968 4058 1163 4136 ministrari,
1177 4055 1362 4122 dummodo

192 4177 308 4238 tamen
321 4192 383 4258 per
396 4174 509 4257 ipsum
523 4191 593 4240 non
608 4177 675 4238 stet
687 4172 770 4257 quin
784 4171 980 4237 absolvetur
993 4185 1177 4243 eoeneum,
1192 4169 1227 4231 et
1239 4165 1362 4232 contri·

190 4283 320 4346 tionem
333 4283 516 4367 praemittat
530 4279 823 4347 administrationi.
840 4278 937 4344 Retio
953 4282 1013 4354 eet,
1032 4276 1110 4360 quia
1120 4275 1202 4340 dum
1215 4273 1362 4339 Ecclesia
1454 4369 1456 4374 Ι

190 4389 285 4454 illum
300 4389 430 4466 tolerat,
454 4389 589 4456 videtur
606 4389 793 4455 concedere
813 4384 1159 4453 communicationem
1179 4400 1259 4447 cum
1272 4382 1364 4464 ipso,

191 4498 293 4563 etiam
312 4499 347 4562 in
372 4499 592 4564 sacramentis
612 4497 844 4581 suscipiendis.
869 4493 1010 4590 Quaado
1031 4508 1112 4572 ergo
1131 4489 1250 4554 fideles
1269 4489 1359 4555 licite

190 4612 321 4690 petunt,
340 4611 454 4689 potest
468 4605 781 4673 excommunicatus
802 4603 891 4669 licite
911 4600 1103 4665 ministrare
1123 4601 1357 4664 sacramenta:
