3514 5564
351 485 391 553 ot
573 459 574 466 ἵ
811 503 863 556 tus
886 501 1067 556 canonican.

352 623 523 684 contractus
543 621 622 682 ultro
642 621 776 699 citroque
791 625 979 700 obligatorli,
995 631 1024 684 et
1038 626 1066 683 vi
1087 624 1155 684 talis
1171 624 1251 698 juris
1269 623 1301 681 ia
1320 622 1414 682 Deum
1436 627 1533 681 trans-

353 713 404 770 lati
416 713 447 770 iu
460 712 559 770 radice
567 712 717 770 contraxit
731 712 945 788 obligationem
961 714 1145 785 continendi,
1162 720 1277 772 utente
1292 712 1429 785 probuti3
1446 726 1531 786 ergo,

354 817 422 860 eum
435 802 487 876 jtts
502 802 581 860 istud
596 803 643 861 sui
659 803 793 876 corporis
809 818 869 860 uon
883 803 1000 874 babeat,
1015 817 1052 860 ex
1071 803 1138 876 ipsa
1162 809 1269 862 natura
1289 803 1331 861 rei
1353 817 1412 860 non
1434 804 1533 874 potest

353 905 385 950 se
399 891 515 949 tradere
533 891 633 959 uxori,
650 897 680 948 et
697 891 734 949 ad
754 897 840 950 actus
862 891 1048 966 conjugales.
1068 892 1171 964 prlmae
1186 891 1337 950 traditioni
1351 890 1532 960 contrarios,

354 982 496 1056 obligare.
513 985 584 1051 Quae
605 983 709 1040 eadem
729 983 805 1042 ratio
829 987 876 1042 est
899 998 952 1041 cur
972 984 1026 1042 uui
1044 984 1131 1042 uxori
1151 983 1279 1042 traditus
1299 997 1360 1054 uon
1383 981 1480 1054 possit
1499 993 1532 1036 se

354 1071 436 1129 alteri
450 1072 573 1142 tradere,
590 1073 802 1146 quiaamplius
827 1088 886 1131 uon
900 1073 992 1132 babet
1004 1073 1085 1145 quod
1104 1072 1200 1131 valide
1213 1070 1318 1130 tradat.
1336 1071 1446 1128 Dices:
1466 1071 1534 1126 Tra·

354 1160 436 1218 ditus
452 1161 537 1218 uxori
551 1165 663 1233 potest,
682 1161 874 1220 matrimonio
890 1169 1111 1236 consummato,
1125 1163 1162 1220 de
1177 1161 1408 1220 licentiauxoris
1418 1158 1534 1218 tradere

355 1264 388 1306 se
401 1252 461 1307 fleo
476 1264 528 1322 per
543 1250 761 1321 professionem
784 1250 973 1326 religiosam3
994 1267 1066 1326 ergo
1081 1251 1258 1310 traditiones
1279 1251 1343 1309 istae
1362 1254 1392 1306 ot
1412 1246 1534 1306 vincula

356 1337 413 1396 sibi
436 1352 496 1396 uon
520 1338 716 1397 adversantur
735 1339 771 1397 de
785 1336 853 1412 jure'
876 1341 1016 1400 naturali.
1038 1345 1125 1414 Resp.
1141 1344 1173 1399 N.
1191 1356 1216 1398 e.
1234 1355 1287 1413 pro
1308 1344 1411 1398 nostro
1431 1352 1504 1395 casu
1525 1355 1549 1408 ε,

355 1441 425 1484 nam
440 1426 467 1486 si
481 1442 557 1486 uxor
572 1429 689 1487 remisit
701 1429 753 1501 jus
771 1443 872 1501 suum,
890 1430 971 1488 nulla
987 1434 1033 1490 est
1049 1429 1250 1504 repugnantia
1268 1444 1322 1487 cur
1341 1428 1467 1486 maritus
1483 1441 1535 1500 per

355 1519 574 1592 professionem
586 1526 714 1592 nequeat
726 1535 759 1579 sc
770 1520 885 1580 tradere
896 1525 956 1580 Deo
968 1535 1020 1594 per
1035 1520 1265 1594 professionem.
1280 1522 1322 1576 lte
1338 1518 1367 1576 iu
1385 1531 1457 1576 casu
1474 1530 1535 1588 quo

356 1623 476 1666 servum
492 1608 559 1666 dedi
576 1610 646 1666 Caio
661 1609 699 1668 ad
714 1610 955 1669 usumfructum:
973 1611 999 1668 sl
1014 1611 1042 1668 is
1062 1611 1193 1669 remittat
1210 1609 1261 1682 jus
1281 1622 1388 1677 suum,
1409 1619 1535 1678 possum

356 1697 494 1756 eumdem
507 1713 628 1756 servum
638 1699 752 1756 tradere
763 1699 904 1758 Ecclesia
920 1699 956 1758 ad
971 1715 1070 1770 usum,
1082 1707 1138 1758 etc.
1150 1701 1221 1758 dtsi
1234 1699 1384 1771 professio
1394 1695 1536 1770 religiosa

357 1788 527 1861 praecessit,
543 1786 627 1845 nulla
647 1787 686 1846 ad
707 1788 880 1860 professum
904 1790 980 1848 rodit
999 1795 1132 1862 potestas
1155 1802 1379 1862 corpussuum
1400 1783 1535 1843 tradendi

358 1876 455 1947 urori,
469 1877 529 1934 nisi
548 1879 629 1935 Deus
642 1877 693 1950 jus
716 1877 774 1935 sibi
790 1879 951 1951 quesitum
968 1880 1144 1950 remitteret,
1159 1885 1189 1936 et
1202 1879 1338 1936 redderet
1359 1880 1536 1950 potestatem

358 1982 468 2039 corpus
485 1981 576 2025 suum
596 1967 731 2028 tradendi
748 1969 834 2026 uxori
852 1987 859 2024 :
877 1983 937 2040 quo
957 1984 1030 2028 casu
1052 1969 1142 2026 horno
1159 1968 1309 2027 desineret
1328 1981 1397 2024 esso
1415 1965 1536 2038 religio-

359 2071 428 2125 sus,
450 2056 494 2113 vel
516 2055 616 2114 forsan
637 2061 773 2114 maneret
786 2057 949 2131 religiosus
964 2059 994 2116 iu
1008 2057 1128 2126 habitu,
1145 2063 1175 2116 et
1193 2063 1311 2114 mortua
1332 2069 1439 2124 uxore,
1455 2059 1536 2110 tene·

358 2151 441 2204 retur
454 2152 523 2205 vota
538 2147 660 2205 reddere
675 2148 802 2206 Domino
819 2149 899 2207 etad
921 2149 1098 2223 religionem
1119 2149 1226 2206 redire.
1252 2148 1295 2205 Ad
1314 2152 1341 2204 2.
1357 2145 1429 2203 Dico
1455 2141 1536 2216 quod

358 2235 488 2305 dirimet,
502 2248 561 2291 nou
577 2241 611 2293 at
624 2241 725 2294 aotam
737 2236 770 2293 ta
779 2249 898 2309 peracre,
915 2237 968 2294 sed
987 2243 1021 2295 at
1034 2241 1135 2295 votam
1148 2236 1208 2296 tofta
1223 2237 1255 2294 ia
1271 2237 1377 2310 specte,
1388 2231 1454 2291 scil.
1471 2245 1539 2288 cou-

360 2324 459 2382 tineus
475 2323 647 2395 perfectam,
665 2322 834 2381 absolutam
848 2329 876 2381 et
888 2331 1059 2396 perpetuam
1074 2325 1264 2383 traditionem
1286 2324 1346 2392 sui,
1363 2338 1430 2380 cum
1446 2319 1538 2380 simili
1645 2357 1648 2364 -

358 2413 563 2485 acceptatione
572 2433 580 2484 ;
597 2426 665 2485 quae
680 2412 845 2470 intrinseca
860 2413 937 2470 ratio
951 2413 982 2470 in
996 2413 1079 2472 nullo
1095 2415 1153 2472 alio
1167 2421 1236 2472 voto
1250 2409 1396 2487 reperitur
1410 2432 1416 2470 :
1431 2427 1491 2470 uon
1507 2411 1538 2468 iu

359 2510 428 2562 uoto
449 2502 594 2575 simplici,
617 2502 698 2576 quod
721 2503 952 2575 promissionem
974 2505 1107 2562 continet
1127 2505 1194 2564 siue
1215 2505 1390 2574 traditloue;
1403 2499 1441 2561 'et
1459 2505 1539 2572 ideo,

361 2597 459 2651 stante
475 2591 526 2648 tali
541 2597 621 2660 voto,
637 2591 734 2648 valide
749 2606 861 2664 corpus
877 2592 1004 2650 traditur
1023 2593 1123 2665 uxori,
1144 2609 1205 2652 non
1225 2595 1313 2652 etiam
1328 2594 1359 2650 in
1380 2598 1448 2650 voto
1468 2592 1539 2650 sim-

292 2684 296 2694 '
361 2681 431 2755 plici
445 2680 588 2754 religioso
602 2683 631 2738 S.
646 2681 684 2751 J.,
699 2680 852 2752 quiahoc,
868 2681 937 2738 licet
952 2682 1059 2740 babeat
1074 2683 1276 2754 traditionem,
1294 2697 1354 2740 nou
1373 2687 1473 2740 tamen
1487 2679 1540 2737 ha-

361 2773 411 2831 bet
424 2772 613 2830 traditionem
636 2772 796 2844 perfectam
822 2779 852 2830 et
874 2773 1041 2832 absolutam
1069 2775 1147 2832 ultro
1167 2776 1301 2848 citroque
1320 2771 1540 2847 obligatoriam,

362 2862 415 2921 sed
430 2862 554 2935 praecise
573 2861 823 2934 conditionatum,
839 2864 972 2936 quandiu
989 2865 1059 2936 quis
1079 2865 1109 2921 iu
1125 2865 1231 2923 Societ.
1250 2864 1408 2934 manserit;
1430 2868 1459 2920 et
1473 2862 1541 2919 ideo

363 2957 496 3024 spectato
508 2951 577 3023 jure
591 2951 722 3009 naturali
733 2953 832 3023 (secus
848 2951 884 3010 de
897 2953 964 3026 jure
976 2953 1138 3026 pontificio)
1151 2952 1352 3011 scholasticus
1366 2954 1394 3009 S.
1406 2955 1431 3009 J.
1445 2950 1542 3008 valide

363 3041 538 3099 contrahere
554 3046 659 3113 posset
672 3040 897 3098 matrimonium
913 3041 1095 3113 absolutum,
1117 3058 1177 3100 non
1197 3056 1287 3100 secus
1312 3057 1346 3100 ac
1365 3041 1414 3098 ille
1436 3040 1487 3113 qui
1509 3053 1542 3097 se

363 3130 485 3190 tradidit
503 3131 590 3188 uxori
611 3145 664 3202 per
679 3130 903 3190 matrimonium
919 3132 1172 3204 conditionatum,
1193 3134 1339 3205 pendente
1359 3131 1541 3200 conditione,

362 3220 459 3280 valide
475 3211 626 3278 contrabit
639 3220 863 3277 matrimonium
884 3220 1071 3292 absolutum;
1091 3223 1163 3296 quia
1176 3223 1297 3280 traditio
1314 3237 1389 3295 pura
1409 3227 1439 3278 et
1455 3221 1541 3279 abso·

363 3311 426 3370 luta
448 3307 588 3384 praevalet
612 3309 834 3369 conditionata.
851 3305 1059 3370 solemnitates
1079 3313 1117 3369 ab
1135 3311 1267 3370 Ecclesia
1286 3311 1467 3384 praescriptae
1482 3324 1541 3366 nou

364 3403 552 3462 constituunt
561 3401 660 3474 ipsam
675 3401 893 3473 professionem
908 3403 1079 3475 perfectam,
1091 3403 1143 3461 sed
1157 3409 1228 3463 sunt
1239 3403 1426 3461 conditiones
1434 3401 1543 3460 extrin-

365 3509 442 3552 secra
458 3493 630 3550 necessario
638 3493 800 3564 requisitae,
814 3493 1077 3568 sinequibustalis
1092 3495 1308 3567 professionou
1321 3495 1453 3566 ponitur;
1466 3493 1544 3550 sicut

366 3585 432 3642 sine
455 3583 616 3656 praesentia
635 3581 757 3654 parochi
779 3589 808 3640 et
826 3584 949 3642 testium
972 3599 1032 3642 uon
1054 3585 1176 3656 ponitur
1197 3584 1431 3643 matrimonium.
1453 3583 1496 3640 Ad
1516 3586 1542 3638 3.
1623 3591 1626 3596 ·
1733 3589 1734 3596 ’

365 3677 437 3749 fleg.
454 3689 494 3743 a,
509 3689 546 3732 ex
558 3673 661 3742 dictis;
674 3673 710 3731 de
723 3687 783 3744 qua
795 3674 920 3732 materia
933 3675 1000 3733 vide
1016 3689 1098 3732 meas
1114 3675 1250 3746 resolut,
1262 3689 1328 3732 can.
1344 3674 1388 3730 tit.
1405 3671 1440 3730 dc
1451 3673 1543 3744 aepa-

366 3765 436 3835 ίαν,
450 3763 574 3823 resolut.
592 3767 618 3832 ³,
632 3769 661 3820 et
674 3763 814 3834 Sancbez,
831 3764 880 3822 cit.
892 3764 945 3822 lib.
961 3767 1020 3834 Vll,
1036 3765 1115 3838 disp.
1129 3771 1175 3837 23,
1190 3781 1220 3823 n.
1230 3771 1258 3835 t,
1274 3765 1325 3823 ubi
1342 3763 1464 3836 ponitur
1478 3775 1539 3833 pro·

367 3854 432 3926 pria
445 3853 594 3911 sententia
605 3853 748 3910 auctoris.
769 3855 826 3910 Nec
846 3853 982 3912 doctriua
996 3854 1054 3913 ista
1067 3855 1167 3912 obstat
1181 3855 1231 3912 cit.
1247 3869 1312 3927 cap.
1329 3859 1344 3910 6
1361 3853 1390 3910 lr.
1412 3859 1452 3922 t.;
1475 3865 1543 3910 uam

366 3950 469 4002 votum
484 3942 614 4014 simplet
627 3956 687 4000 uon
703 3943 945 4018 miuus'obligat,
957 3951 1102 4016 quantum
1118 3945 1154 4002 ad
1170 3945 1226 4002 boc
1240 3944 1320 4016 quod
1336 3949 1546 4017 transgressor

367 4033 540 4093 alterutrius
552 4038 654 4106 peccet
667 4033 830 4091 mortaliter
847 4041 897 4092 :at
911 4033 941 4091 la
957 4035 1045 4094 modo
1061 4035 1214 4108 obligandi
1230 4041 1276 4092 est
1287 4033 1456 4104 diversitas,
1473 4031 1545 4105 quia

368 4122 494 4196 simplex
513 4121 627 4194 obligat
647 4122 761 4179 ratione
779 4123 1002 4195 promissionis,
1023 4124 1156 4182 solemne
1174 4138 1259 4194 vero,
1276 4123 1393 4180 ratione
1414 4121 1546 4180 traditio·

284 4245 285 4248 =
368 4212 434 4280 nis;
451 4216 480 4268 et
494 4209 561 4268 ideo
577 4212 606 4268 S.
623 4211 656 4266 ff.
674 4210 700 4282 (2
714 4215 741 4281 2,
758 4225 787 4283 q.
804 4215 849 4281 88,
861 4225 888 4268 a.
903 4215 931 4282 t,
947 4212 984 4270 ed
1003 4215 1026 4282 t)
1045 4213 1228 4285 respondet:
1252 4235 1266 4264 α
1283 4215 1391 4271 Votum
1410 4211 1545 4270 solemne

367 4300 456 4358 babet
481 4299 633 4357 fortiorem
658 4296 872 4372 obligationem
891 4301 970 4372 apud
997 4303 1091 4358 Deum
1117 4315 1206 4373 quam
1233 4306 1336 4358 votttm
1357 4298 1500 4372 simplex,
1517 4303 1546 4356 et

369 4389 493 4463 gravius
514 4392 627 4460 peccat,
649 4388 701 4459 qui
724 4387 798 4445 illud
818 4389 1037 4462 transgreditur
1053 4409 1083 4460 »;
1104 4395 1133 4448 et
1148 4391 1178 4447 in
1195 4393 1223 4462 t,
1245 4390 1274 4448 d.
1299 4393 1343 4460 ³8,
1368 4405 1397 4462 q.
1419 4394 1444 4458 l,
1465 4404 1492 4446 a.
1517 4393 1545 4456 t,

369 4478 455 4535 docet
468 4482 570 4534 votum
585 4475 713 4547 simplex
728 4483 758 4533 et
769 4476 902 4534 solemne
918 4477 1036 4535 differre
1054 4479 1169 4550 specie,
1195 4479 1275 4536 sicut
1295 4479 1494 4552 vegetativum
1518 4481 1547 4534 et

370 4566 565 4634 sensitivum,
581 4566 653 4638 quia
666 4565 762 4623 uirtus
777 4566 838 4622 voti
859 4567 1004 4638 complete
1020 4575 1064 4626 ost
1078 4568 1108 4625 iu
1124 4575 1192 4626 voto
1207 4568 1349 4638 solemni,
1368 4581 1437 4625 cum
1455 4566 1546 4624 tradi·
1581 4577 1584 4582 ·

371 4655 450 4714 tione
464 4655 661 4729 compleatur;
677 4654 856 4728 incompleta
865 4655 896 4713 in
906 4660 975 4713 voto
985 4656 1127 4729 simplici,
1138 4657 1209 4731 qula
1220 4657 1378 4715 traditione
1390 4670 1451 4714 noa
1463 4669 1545 4713 com·
