3500 5552
555 563 643 644 uenit
664 598 794 652 coluros
817 597 1035 644 usmnrsuuu.
1323 583 1382 646 587

251 714 402 780 Tandem
428 713 539 788 hodie,
565 716 644 796 post
661 717 768 778 const.
788 712 989 798 Apostolicee
1005 711 1116 791 Sedis,
1139 731 1209 778 nou
1226 713 1386 781 videntur

212 825 246 887 in
261 827 437 908 posterum
449 819 590 898 vitandi,
606 821 727 886 saltem
743 822 806 886 sub
818 820 931 906 aliqua
944 839 1047 904 poena
1060 822 1233 897 canonica,
1249 823 1314 887 nisi
1330 843 1385 889 ex·

212 929 452 996 communicati
464 929 667 994 nominatim
681 947 720 995 ac
738 930 937 996 denuntiati.
952 953 967 985 α
981 927 1098 1004 llodie,
1111 929 1158 994 ait
1169 930 1383 1008 Avanzinius,

212 1041 275 1104 suh
290 1057 393 1123 prena
407 1039 767 1104 excommunicationis
782 1039 911 1104 vitandi
925 1043 1057 1104 tantum
1077 1043 1217 1102 manent
1232 1040 1386 1105 nomina-

213 1149 274 1213 tim
292 1147 575 1215 excommunicati
597 1167 618 1213 a
642 1148 745 1232 Papa;
750 1196 811 1213 .....
834 1153 946 1212 cessat
967 1165 1112 1212 censura
1134 1149 1263 1233 quaevis
1283 1167 1385 1234 quam

214 1261 314 1322 antea
335 1257 581 1322 contrahebant
594 1257 641 1320 illi
656 1258 713 1342 qui
739 1257 1032 1334 communicarent
1047 1276 1122 1322 eum
1144 1257 1274 1322 notorio
1294 1258 1387 1322 cleri-

214 1384 328 1430 corum
344 1383 549 1450 percussore,
566 1383 645 1430 oum
670 1364 712 1430 de
731 1365 794 1431 hac
813 1383 896 1429 vera
916 1384 1071 1444 censura,
1094 1366 1250 1450 quamvis
1274 1367 1388 1432 minor

214 1473 449 1557 appellaretur,
464 1491 536 1538 non
549 1472 695 1556 amplius
709 1473 769 1539 flat
782 1474 911 1538 mentio
923 1498 938 1531 »
948 1473 1160 1556 (Commeat,
1170 1494 1202 1557 p.
1219 1474 1281 1554 59).
1299 1474 1388 1538 Dixi-

212 1600 290 1646 mus
305 1605 320 1640 α
337 1581 399 1645 suh
413 1580 637 1664 aliquapoena
650 1580 812 1646 canonica
828 1605 843 1638 u
858 1601 866 1658 ;
882 1598 961 1645 cum
975 1599 1046 1646 non
1061 1581 1198 1646 tollatur
1206 1581 1386 1664 prohibitio

215 1689 365 1774 antiqua,
375 1688 440 1753 nisi
456 1688 567 1772 quoad
580 1705 776 1764 censuram3
799 1707 879 1754 nam
893 1689 1090 1755 constitutio
1105 1689 1237 1753 Martini
1251 1689 1321 1753 Vet
1330 1692 1396 1772 jus.
1510 1733 1512 1736 -

215 1798 395 1882 antiquum
403 1801 558 1862 remanet
568 1796 681 1880 quoad
691 1795 762 1860 vim
772 1795 980 1862 directivam.
993 1797 1109 1882 ltaque
1117 1801 1274 1881 pecteret
1283 1797 1388 1862 letha·

215 1904 294 1970 liter
311 1905 368 1989 qui
382 1907 417 1968 in
431 1923 468 1970 re
488 1905 584 1986 gravi
597 1905 864 1970 communicaret
883 1924 960 1970 cum
975 1906 1117 1971 notoriis
1130 1905 1388 1990 percussoribus

217 2011 427 2080 clericorum.

515 2201 545 2252 11.
562 2202 601 2253 lte
618 2201 765 2255 onerosus
779 2199 1089 2256 excommunicationis.

258 2346 351 2412 Nori.
368 2346 514 2412 Effectus
529 2350 890 2415 excommunicationis
904 2349 1044 2433 majoris
1057 2349 1238 2415 duodecim
1253 2365 1390 2412 enume-

218 2460 346 2533 rantur,
364 2473 451 2540 quos
473 2457 517 2522 ad
542 2457 752 2542 quadruplex
771 2477 880 2540 genus
907 2477 1010 2543 supra
1033 2457 1281 2532 revocavimus,
1292 2458 1392 2539 juxta

219 2565 419 2630 varietmem
440 2566 610 2631 bonorum
625 2567 747 2650 quibus
760 2566 890 2649 privat;
907 2566 968 2631 sed
986 2565 1029 2630 ad
1043 2583 1163 2631 eorum
1177 2563 1391 2648 perspicuam

220 2672 489 2756 explicationem,
504 2673 579 2740 illos
595 2675 782 2740 secuudum
798 2677 971 2759 proximas
986 2675 1115 2759 species
1130 2677 1299 2757 spectatos
1309 2691 1392 2736 enus

219 2783 437 2860 merebimur,
454 2801 529 2866 quae
542 2783 584 2849 ad
599 2802 660 2848 sex
673 2786 826 2849 revocari
838 2787 993 2867 possunt.

261 2892 294 2972 α)
323 2891 455 2956 Primus
482 2893 624 2956 effectus
649 2898 703 2957 est
718 2893 870 2977 privatio
894 2892 1122 2957 communium
1150 2890 1392 2976 suffraqiomm

221 2995 386 3064 Ecclesiae.

261 3106 292 3167 1⁰
309 3104 509 3175 Communia
522 3109 579 3174 illa
589 3109 761 3191 sutfragia,
775 3109 897 3192 quibus
907 3109 1084 3194 privantur
1097 3107 1391 3184 excommunicati,

222 3217 303 3276 sunt
323 3213 379 3279 illa
396 3233 471 3300 quae
490 3234 511 3281 a
529 3217 659 3281 clericis
682 3217 874 3282 offeruntur
887 3233 949 3300 pro
965 3215 1132 3292 fidelibus,
1149 3215 1289 3281 nomine
1303 3219 1338 3278 et
1358 3215 1393 3278 iu

221 3338 369 3404 persona
381 3322 547 3401 Ecclesiae,
564 3323 755 3407 cujusmodi
768 3323 969 3388 suntmissae
981 3325 1196 3401 sacrificium,
1209 3322 1391 3398 orationes,

221 3427 362 3510 publicae
373 3430 636 3514 supplicationes
646 3451 707 3497 seu
718 3430 953 3515 processiones
967 3435 1002 3496 et
1015 3431 1089 3498 aliae
1096 3449 1215 3516 preces
1225 3431 1262 3494 iu
1272 3429 1395 3514 quihus

221 3534 363 3602 clericus
382 3543 457 3604 orat
479 3540 618 3605 nomine
640 3539 743 3604 totius
765 3537 919 3604 Ecclesia
942 3537 985 3603 ad
1008 3538 1223 3622 impetranda
1239 3537 1395 3604 fidelibus

223 3644 349 3711 auxilia
366 3647 562 3730 spiritualia.
580 3648 662 3714 llaec,
675 3647 837 3729 suffragia
852 3646 986 3731 publica
1009 3665 1079 3712 non
1096 3646 1224 3712 hahent
1241 3646 1395 3712 valorem

224 3753 266 3818 ab
292 3753 468 3833 offerente
494 3757 554 3822 sed
575 3757 617 3821 ab
643 3755 800 3832 Ecclesia,
825 3759 924 3839 cujus
945 3756 1084 3822 nomine
1106 3757 1210 3832 flunt;
1234 3771 1332 3820 secus
1354 3755 1395 3821 de

225 3862 395 3944 suffragiis
412 3863 562 3946 privatis,
588 3869 626 3928 ut
640 3869 721 3930 sunt
731 3863 874 3948 jejunia,
891 3863 1063 3930 orationes
1086 3861 1304 3946 particulares
1320 3882 1395 3947 quae

223 3972 347 4036 tierent
356 3990 377 4038 a
386 3971 550 4038 ministris
561 3973 726 4050 Ecclesia,
740 3991 810 4040 non
825 3990 907 4038 vero
921 3977 1085 4056 tanquam
1098 3971 1273 4048 ministris,
1285 3971 1345 4036 sed
1359 3975 1397 4035 ut

223 4079 378 4163 personis
393 4080 545 4164 privetis.

267 4187 370 4255 Porro
385 4191 668 4256 excommunicati
687 4192 864 4275 priventur
884 4190 958 4254 istis
981 4189 1220 4255 communibus
1242 4189 1397 4254 Ecclesia

225 4297 407 4378 suffragiis,
420 4297 653 4380 indulgentiis,
665 4297 846 4374 sacrificiis,
858 4301 934 4374 eto,
949 4302 1128 4363 utconstat
1138 4315 1217 4362 exc.
1227 4297 1363 4372 98,38h.
1373 4301 1396 4359 t.

226 4403 343 4489 ltaque
367 4411 484 4488 peccat
506 4406 694 4472 mortaliter
720 4407 777 4492 qui
803 4406 1104 4472 excommunicatis
1131 4404 1274 4488 applicat
1300 4406 1401 4484 sacri«

225 4513 341 4577 ficium
361 4514 487 4590 missae,
503 4514 654 4598 publicas
679 4515 850 4580 orationes
872 4519 906 4580 et
929 4514 995 4579 alia
1017 4514 1214 4578 communia
1238 4513 1400 4596 suffragia

226 4619 392 4698 Ecclesia,
418 4621 498 4705 quia
520 4623 600 4687 lacit
612 4627 731 4687 contra
744 4623 1006 4706 prohibitionem
1021 4620 1176 4687 Eccleuae
1190 4620 1226 4684 in
1240 4639 1277 4685 re
1291 4621 1397 4703 gravi.

228 4725 310 4804 lmo,
328 4728 356 4792 si
372 4729 511 4794 offerret
526 4749 587 4813 pro
605 4729 898 4796 excommunicato
915 4729 1066 4804 vitando,
1076 4731 1175 4810 Juxta
1194 4727 1337 4814 aliquos,
1352 4729 1401 4793 in-
