3500 5552
596 569 684 618 aranu
706 571 834 627 oururus
855 567 1075 618 naonarnnmt.
1365 547 1421 614 531

244 709 325 772 ergo
341 695 379 754 ut
393 691 534 756 crimina
548 692 681 774 objecto
697 695 732 755 et
745 695 866 755 natura
879 690 947 753 sint
960 687 1124 764 enormia,
1140 686 1200 750 sed
1213 685 1423 750 considerari

144 797 146 800 ’
245 799 370 863 debent
391 787 652 864 circumstantia
678 803 712 862 et
734 797 914 883 qualitates
934 795 1075 880 adjectae
1100 799 1201 878 atque
1228 792 1424 858 scandalum

244 906 372 972 datum.
391 906 584 972 Generatim
605 906 747 970 crimina
768 924 843 990 quae
863 905 1015 970 inierunt
1034 901 1330 983 irregularitatem,
1346 919 1423 984 pos-

245 1019 326 1078 sunt
340 1015 443 1080 etiam
457 1014 570 1098 puniri
585 1013 807 1099 depositione.

285 1123 317 1186 Ψ
333 1122 449 1186 Clerici
467 1122 611 1207 depositi
626 1123 669 1188 ob
684 1122 889 1187 adulterium
900 1121 954 1186 vel
969 1119 1162 1184 criminaeo
1174 1137 1243 1184 non
1254 1119 1422 1201 graviora,

245 1235 323 1315 post
345 1236 517 1313 peractam
540 1231 787 1314 pmnitentiam,¹
812 1233 957 1313 possunt
979 1228 1021 1292 ab
1046 1227 1204 1311 episcopo
1232 1227 1366 1291 restitui
1390 1227 1424 1288 in

244 1339 426 1422 pristinum
437 1343 574 1414 statum,
586 1344 624 1402 ut
638 1339 761 1402 docent
772 1337 1000 1428 communiter
1014 1334 1081 1398 DD.
1093 1334 1193 1418 (apud
1204 1331 1422 1416 Schmalzgr.,

246 1457 282 1509 n⁰
291 1447 376 1529 l3'l):
388 1445 558 1528 colligitur
566 1464 644 1510 exc.
657 1443 944 1522 amaenitatis,
955 1443 1113 1506 deludio.
1127 1441 1233 1522 lgitur
1246 1442 1424 1525 episcopus

245 1561 361 1654 posset
375 1573 453 1620 cum
468 1555 534 1618 illis
547 1555 677 1620 clericis
694 1555 889 1637 dispensare
904 1558 938 1617 et
953 1552 1125 1635 depositos
1140 1551 1330 1616 restituere.

610 1787 718 1848 Quaar.
738 1787 781 1836 111.
800 1787 839 1836 De
855 1783 1066 1849 degradatione.
1080 1793 1087 1806 ’

682 1946 702 1997 1.
719 1946 820 1997 Natura
834 1949 858 1998 et
873 1947 990 1998 uarietas.

286 2097 318 2160 l⁰
333 2093 536 2176 Degradatio
553 2098 605 2158 est
620 2112 723 2177 paena
743 2093 970 2158 ecclesiastica
985 2109 1051 2176 qua
1065 2091 1207 2157 clericus
1227 2091 1425 2156 solemniter

248 2210 282 2268 et
296 2203 489 2269 authentice
506 2202 662 2286 dejicitur
678 2201 720 2266 ab
738 2202 856 2267 ordine
873 2208 908 2265 et
928 2207 1017 2266 statu
1032 2201 1187 2278 clericali,
1203 2201 1250 2266 ita
1265 2205 1304 2264 ut
1318 2205 1425 2265 trans·

249 2316 304 2376 eat
320 2311 356 2374 in
370 2314 577 2394 potestatem
593 2309 801 2374 secularem.
818 2309 875 2372 Est
889 2308 1014 2392 duplex
1035 2329 1042 2371 :
1062 2309 1205 2374 verbalis
1220 2329 1281 2376 seu
1296 2317 1425 2374 senten-

248 2420 349 2496 tialis,
368 2439 434 2504 qua
446 2421 617 2503 protertur
638 2419 801 2484 solemnis
817 2421 987 2483 sententia
1000 2419 1139 2502 privans
1159 2419 1319 2484 clericum
1333 2424 1423 2484 statu

247 2525 408 2602 clericali;
433 2528 536 2592 realis
559 2545 620 2592 seu
642 2527 796 2603 actualis,
827 2545 894 2610 qua
921 2525 1062 2591 clericus
1084 2527 1231 2592 exercite
1255 2527 1291 2591 in
1315 2528 1426 2592 torma

248 2636 397 2701 ecclesiae
414 2635 571 2720 dejicitur
585 2655 604 2702 a
625 2640 715 2701 statu
729 2636 883 2702 clericali.

286 2745 318 2808 θ’
333 2744 536 2826 Degradatio
550 2743 697 2808 verbalis
713 2744 858 2808 differta
873 2743 965 2822 reali,
985 2749 1058 2808 tum
1082 2746 1161 2827 quia
1175 2745 1331 2824 vernalis,
1349 2765 1424 2830 quae

247 2853 448 2935 regulariter
461 2855 637 2938 praecurrit
659 2853 753 2930 reali,
772 2855 918 2918 exercite
943 2872 1013 2918 non
1029 2853 1114 2918 tollit
1130 2854 1345 2937 priuilegium
1360 2857 1424 2921 lori

248 2966 283 3026 et
297 2963 448 3038 canonis,
468 2963 549 3027 dum
563 2963 664 3028 realis
679 2963 751 3028 haec
764 2961 943 3046 privilegia
957 2961 1054 3038 tollit;
1072 2967 1144 3026 tum
1155 2962 1235 3046 quia
1247 2964 1424 3046 episcopus

247 3076 361 3154 potest
374 3072 555 3136 restituere
571 3072 754 3136 verbaliter
768 3072 1002 3152 degradatum,
1021 3072 1102 3136 dum
1119 3070 1211 3136 solus
1227 3071 1315 3154 Papa
1335 3072 1425 3136 valet

247 3181 427 3245 restituere
443 3179 580 3245 realiter
596 3179 839 3260 degradatum;
865 3185 938 3244 tum
963 3181 1042 3264 quia
1062 3179 1208 3244 verbalis
1224 3180 1299 3242 sseri
1312 3183 1425 3262 potest

247 3287 289 3352 ab
305 3289 463 3371 episcopo
475 3291 607 3351 tantum
618 3288 831 3364 confirmato,
849 3288 931 3351 dum
947 3288 1047 3352 realis
1060 3287 1197 3352 nonnisi
1209 3289 1251 3352 ab
1264 3287 1421 3370 episcopo

247 3401 455 3469 consecrato,
471 3395 550 3479 quia
565 3413 607 3458 ex
628 3394 849 3478 dispositione
864 3394 1019 3460 Ecclesiae
1033 3401 1086 3459 est
1099 3399 1195 3458 actus
1213 3394 1341 3459 ordinis
1356 3395 1425 3477 epi-

248 3501 406 3584 scopalis;
419 3502 558 3566 tandem
567 3503 713 3568 verbalis
724 3504 763 3566 tit
776 3503 812 3567 in
825 3504 1013 3578 absentem,
1028 3503 1128 3568 realis
1142 3521 1223 3568 vero
1240 3502 1376 3566 nonnisi
1387 3503 1423 3565 in

247 3614 452 3690 praesentem
466 3611 558 3694 (Vide
574 3612 698 3676 Bened.
715 3611 797 3688 xlv,
814 3612 855 3676 de
870 3611 968 3694 Spu,
984 3610 1006 3673 l.
1024 3610 1076 3687 lll,
1092 3629 1119 3676 o.
1135 3631 1177 3687 rr,
1194 3621 1230 3674 n⁰
1249 3612 1288 3694 3).

288 3715 481 3782 Notandum
491 3725 543 3782 est
554 3719 644 3803 quod
658 3719 854 3800 degradatio
867 3719 940 3783 lieri
956 3719 1056 3784 debet
1068 3738 1089 3784 a
1100 3721 1235 3803 proprio
1248 3721 1422 3803 episcopm

250 3824 278 3886 si
306 3842 388 3888 vero
414 3825 482 3889 sint
504 3824 614 3890 clerici
639 3832 673 3890 et
696 3825 871 3908 regulares
894 3827 1053 3910 exempti,
1077 3845 1097 3891 a
1117 3827 1206 3910 Papa
1224 3831 1307 3909 (can.
1332 3828 1363 3904 5,
1392 3827 1422 3902 6,

248 3950 351 3997 causa
365 3933 395 4010 3,
412 3953 443 4016 q.
468 3933 503 4009 63
520 3952 614 3999 conc.
630 3933 731 4010 Trid,
756 3953 783 3998 s.
801 3935 849 4011 13,
866 3952 894 3999 c.
910 3935 940 4010 l,
969 3935 1009 3998 de
1031 3935 1130 4018 defi).
1147 3935 1273 3999 Tamen
1295 3935 1424 4018 praelati

248 4041 422 4122 regulares
440 4045 631 4124 generatim
652 4046 779 4110 habent
793 4043 1010 4127 privilegium
1025 4044 1233 4126 degradandi
1254 4063 1334 4109 suos
1349 4043 1425 4108 reli-

248 4148 374 4229 giosos.
1045 4227 1048 4236 A
1265 4145 1268 4154 “

287 4259 319 4322 3⁰
334 4258 537 4340 Degradatio
549 4258 696 4323 verbalis
708 4259 821 4324 dillert
838 4260 971 4325 etiama
986 4259 1208 4344 depositione,
1226 4262 1305 4346 quia
1316 4281 1337 4326 a
1349 4281 1426 4327 sen-

248 4367 354 4431 tentia
368 4366 588 4449 depositionis
599 4366 794 4430 immediate
805 4368 938 4432 transiri
950 4369 1069 4452 nequit
1079 4369 1120 4432 ad
1134 4369 1424 4450 degradationem,

249 4475 322 4538 sine
346 4491 436 4538 nova
457 4473 627 4538 sententia
648 4473 917 4554 degradationis;
941 4475 1027 4539 bene
1043 4494 1125 4541 vero
1145 4495 1165 4540 a
1184 4477 1425 4557 degradatione

248 4579 378 4646 verbali
405 4580 449 4646 ad
468 4579 611 4660 realem,
641 4599 716 4663 quae
740 4587 792 4645 est
817 4581 989 4646 exsecutio
1014 4582 1265 4663 degradationis
1290 4591 1425 4651 senten-

250 4687 350 4754 liciis.
