3514 5564
563 545 648 592 111111
669 545 804 602 orsurus
825 545 1041 594 uucasruruu.
1327 531 1388 596 189

219 681 286 746 qua
299 668 437 728 notatur
450 667 521 728 tam
534 665 658 730 mulier
674 683 778 750 quam
800 667 853 729 vir
865 683 942 730 eam
957 665 1095 742 ducens,
1112 669 1148 730 et
1161 664 1299 748 quidem
1313 667 1387 750 ipso

214 771 291 852 jure
301 770 332 852 (1.
351 770 375 847 l,
392 788 421 835 c.
437 771 470 834 11.
491 776 526 847 1.;
541 770 564 835 1.
581 771 605 848 1,
618 777 634 852 §
646 772 675 848 1,
690 773 727 836 li.
738 771 786 836 111
794 773 846 836 tis
857 773 919 856 qui
928 779 998 837 not.
1016 773 1155 854 insom.,·
1168 771 1190 835 l.
1209 771 1273 850 iiV,
1289 791 1317 838 o.
1333 773 1388 838 Eu

217 877 306 960 quid.
323 896 413 942 cous.
430 879 553 958 insum.
575 879 700 963 irrep),
719 884 756 942 ut
772 879 918 944 evitetur
933 879 1079 944 turbatio
1103 879 1277 960 sanguinis
1290 885 1324 945 et
1337 881 1388 944 in-

216 985 383 1050 certitudo
397 985 512 1070 proiis.
527 987 608 1062 Quae
622 988 709 1052 ratio
723 992 834 1052 cessat
848 988 883 1051 in
902 987 1016 1062 viduo,
1033 1005 1072 1052 ae
1095 987 1237 1070 proinde
1257 987 1286 1052 is
1305 989 1388 1053 citra

217 1091 392 1158 infamiam
416 1094 699 1178 quandocumque
720 1094 763 1159 ad
786 1095 935 1160 secunda
953 1099 1035 1159 vota
1059 1094 1239 1160 convolare
1262 1100 1384 1179 potest.

216 1199 247 1262 2⁰
260 1198 464 1284 incapacitas
480 1201 693 1286 disponendi,
711 1221 754 1268 ne
769 1201 893 1267 mulier
904 1201 981 1284 plus
996 1201 1094 1266 tertia
1108 1206 1203 1285 parte
1218 1203 1386 1268 bonorum

217 1305 313 1372 titulo
329 1308 429 1385 dotis,
444 1309 500 1374 vei
513 1327 574 1392 per
586 1309 740 1375 ultimam
754 1308 978 1386 voluntatem,
989 1309 1194 1374 inmeritum
1204 1312 1386 1375 transferre

215 1415 332 1496 possit,
351 1417 411 1480 sed
426 1417 501 1482 11111
520 1422 634 1500 parics
648 1420 790 1482 manent
807 1418 975 1500 prioribus
993 1417 1119 1494 liberis,
1134 1416 1190 1481 vei
1208 1417 1282 1482 aliis
1304 1417 1387 1499 legi-

215 1505 306 1586 timis
319 1523 523 1602 haeredibus,
539 1529 640 1608 atque
653 1524 701 1588 ita
713 1523 837 1588 mulier
849 1525 973 1608 partim
988 1529 1121 1600 testata,
1137 1525 1260 1607 partim
1284 1525 1387 1590 intes·

215 1634 285 1695 tatu
298 1630 440 1696 decedat
454 1632 521 1712 (iih.
536 1632 560 1709 i,
578 1632 653 1697 aod.
669 1631 703 1695 11.
725 1633 763 1712 1.)
778 1653 785 1696 :
802 1632 893 1697 idem
916 1633 968 1698 dic
983 1632 1024 1698 de
1040 1632 1290 1710 donationibus,
1307 1651 1386 1698 cum

215 1754 283 1802 non
305 1739 543 1805 convalescant
563 1741 628 1804 nisi
652 1759 714 1822 per
737 1745 895 1805 mortem.
921 1740 952 1803 3ο
980 1739 1186 1824 incapacitas
1211 1741 1385 1806 obtinendi

213 1845 457 1924 hereditatem,
472 1847 634 1930 legatum,
649 1847 965 1924 fideicommissum,
982 1849 1102 1913 mortis
1118 1866 1222 1913 causa
1235 1849 1385 1914 donatio-

212 1972 293 2018 nem
305 1954 348 2018 ub
362 1954 428 2020 aiio
443 1975 547 2039 quam
567 1955 689 2020 marito
706 1955 856 2021 secundo
872 1955 987 2037 (ibid).
1004 1956 1036 2019 1ο
1059 1957 1205 2020 amissio
1229 1957 1385 2022 omnium

208 2078 333 2124 sorum
348 2081 422 2146 quae
437 2063 530 2146 prior
542 2064 595 2127 vir
609 2063 672 2128 sibi
686 2062 822 2146 reliquit
837 2061 935 2126 titulo
950 2062 1169 2140 hereditatis,
1193 2063 1308 2144 iegati,
1326 2069 1385 2129 aut

212 2166 278 2234 alio
293 2167 394 2232 simili
409 2168 473 2252 (cit.
490 2168 512 2232 l.
529 2169 543 2232 i
558 2175 592 2234 11
605 2169 645 2248 11,
660 2170 761 2252 1ο1.);
778 2187 853 2254 quae
878 2170 968 2235 hona
986 2170 1112 2236 cedunt
1121 2169 1383 2253 consanguineis

211 2285 274 2348 viri
287 2287 395 2368 primo
410 2287 466 2352 vei
487 2287 637 2352 secundo
653 2287 761 2368 gradu
775 2288 980 2370 conjunctis,
1002 2291 1046 2364 et,
1063 2287 1116 2351 bis
1136 2287 1381 2364 deficientibus,

214 2393 307 2458 ilsco.
337 2396 370 2458 a
395 2395 599 2479 incapacitas
627 2394 829 2460 succedendi
856 2396 898 2460 ab
928 2396 1088 2460 intestato
1121 2397 1383 2476 consanguineis

212 2499 300 2566 ultra
321 2503 458 2567 tertium
479 2504 624 2586 gradum
639 2504 754 2587 (ibid).
769 2503 862 2569 Unde
873 2503 995 2568 mulier
1002 2521 1072 2568 non
1084 2503 1234 2568 succedit
1246 2503 1381 2587 itliopa·

212 2609 289 2685 trui,
307 2611 386 2694 quia
399 2617 452 2675 est
466 2612 501 2678 in
514 2617 633 2696 quarto
648 2612 756 2693 gradu
773 2612 960 2676 secundum
972 2613 1030 2694 jus
1053 2612 1115 2676 civ.
1139 2610 1231 2695 quod
1251 2612 1286 2675 in
1310 2630 1384 2676 suc-

212 2719 421 2784 cessionibus
437 2721 647 2786 observetur.
665 2719 777 2784 Poenae
791 2720 865 2783 istae
879 2737 949 2784 non
971 2719 1203 2784 extenduntur
1214 2719 1255 2784 ad
1271 2720 1382 2784 virum

213 2825 443 2904 binubentem,
457 2845 534 2892 cum
550 2829 585 2891 in
597 2828 661 2892 boo
675 2845 746 2892 non
758 2832 872 2892 currat
886 2827 1006 2892 eadem
1019 2827 1106 2892 ratio
1120 2825 1152 2908 (i.
1168 2825 1219 2902 iV,
1231 2845 1259 2892 c.
1274 2827 1332 2892 Ad
1342 2828 1379 2894 S.

213 2931 251 2999 0.
269 2934 417 3012 Tertuil,
434 2954 513 3001 nov.
529 2936 578 3012 11,
595 2953 623 3000 1.
639 2936 701 3018 aa).
719 2935 779 3015 1111
788 2937 846 3018 jus
862 2935 1064 3018 antiquum.)

249 3043 350 3126 Resp.
366 3044 396 3107 1.
413 3043 524 3108 Poenae
541 3044 679 3108 secundi
692 3045 829 3126 generis
842 3043 1025 3126 improprie
1040 3043 1137 3106 dictae
1154 3047 1234 3106 sunt
1256 3044 1382 3126 pariter

211 3152 360 3236 quinque
376 3171 384 3214 :
399 3153 431 3214 1ο
444 3151 589 3216 amissio
606 3151 746 3216 dominii
760 3151 877 3215 directi
892 3168 1011 3215 eorum
1026 3168 1101 3233 quae
1120 3169 1163 3214 ex
1180 3149 1380 3215 iiberalitate

209 3258 265 3322 vai
288 3259 408 3323 ultima
425 3257 600 3324 voluntate
623 3257 733 3323 mariti
758 3258 800 3323 ad
818 3275 895 3322 eam
909 3263 1150 3340 pervenerunt,
1174 3259 1221 3322 its
1243 3263 1282 3321 ut
1305 3258 1382 3322 rati-

209 3370 289 3430 neat
302 3365 413 3430 solum
427 3367 698 3440 usumfructum,
723 3369 757 3429 11
771 3365 960 3448 proprietas
974 3365 1071 3428 cedat
1085 3365 1254 3448 prioribus
1265 3364 1380 3429 liberis

209 3473 277 3555 (lib.
293 3473 334 3536 iii
351 3478 385 3537 11
398 3473 454 3549 Vi,
471 3477 486 3552 ξ
505 3475 543 3549 1,
567 3493 595 3537 1.
622 3473 655 3536 b.
688 3473 724 3554 1.)
751 3493 758 3536 :
781 3473 872 3536 idem
898 3470 951 3536 dic
981 3472 1023 3536 11
1052 3471 1155 3536 viduo
1180 3472 1248 3554 (lib.
1277 3472 1302 3534 V
1328 3491 1377 3556 pr.

209 3581 323 3660 1111,
347 3581 446 3664 eod).
473 3581 506 3643 2⁰
530 3579 736 3664 incapacitas
750 3580 826 3664 pius
852 3579 955 3643 dandi
976 3579 1109 3656 marito,
1138 3597 1240 3664 quam
1260 3580 1319 3643 uni
1338 3599 1380 3644 ex

207 3688 322 3752 liberis
337 3689 440 3753 1111111
452 3689 487 3751 in
500 3689 642 3754 minime
656 3688 823 3771 portione,
840 3686 1030 3768 legitimam
1040 3692 1155 3752 tamen
1165 3688 1377 3772 adaequante,

207 3795 229 3860 1.
250 3795 299 3874 Vl,
315 3797 353 3873 ii,
370 3815 419 3880 pr.
436 3796 536 3878 eod),
553 3815 595 3861 ne
612 3797 733 3861 insano
748 3813 865 3860 amore
890 3795 971 3860 novi
992 3795 1149 3877 conjugis
1176 3799 1284 3878 capta,
1309 3795 1380 3878 ple-

208 3921 330 3987 rasque
350 3903 527 3968 facultates
552 3905 587 3967 in
612 3921 692 3968 eum
716 3903 879 3967 effundat.
905 3901 937 3965 3ο
958 3902 1103 3966 omissio
1122 3902 1236 3967 tutelas
1258 3901 1380 3967 iihero·

207 4030 283 4076 rum
299 4011 330 4092 ii.
348 4009 375 4073 li
387 4011 529 4075 etAutb.
541 4009 812 4083 Sacramentum,
826 4026 855 4072 c.
873 4007 1017 4087 (11111111
1032 4009 1163 4072 mulier.
1181 4016 1243 4071 tut.
1261 4010 1377 4092 offic.);

92 4151 93 4154 ¹
206 4121 275 4184 imo
291 4117 862 4200 11111111111111111111111111111111
878 4114 993 4180 liberis
1009 4115 1093 4189 dari,
1113 4115 1230 4179 incidit
1249 4117 1285 4179 in
1308 4135 1379 4198 poe-

207 4245 268 4291 nas
287 4225 494 4290 nubentibus
507 4225 597 4288 intra
622 4241 751 4288 anuum
766 4221 879 4288 luctus
899 4223 1100 4287 constitutas
1114 4222 1220 4304 (auth.
1236 4223 1376 4301 eisdem,

206 4351 233 4399 c.
245 4333 333 4409 eod,
343 4351 422 4397 nov.
436 4332 486 4408 11,
502 4351 531 4396 c.
547 4331 596 4406 io,
614 4349 646 4394 v.
661 4329 827 4412 ideoque).
840 4330 921 4405 Quae
934 4334 1049 4393 tamen
1058 4329 1232 4411 dispositio
1242 4347 1311 4394 non
1323 4349 1377 4394 ex·

207 4442 357 4506 tenditur
369 4440 411 4504 ad
427 4439 684 4504 exsecutionem
699 4439 904 4514 testamenti,
921 4439 1000 4521 quia
1015 4439 1050 4501 in
1066 4437 1192 4502 odiosis
1202 4456 1273 4518 arg.
1291 4458 1311 4504 1
1326 4445 1378 4503 111-
1489 4423 1492 4430 ’

208 4549 274 4613 1111
287 4566 357 4613 uon
369 4549 461 4613 volet
475 4547 518 4612 ad
532 4550 786 4612 testamentum.
800 4545 833 4608 4⁰
851 4544 998 4610 Privatio
1023 4544 1232 4610 educationis
1254 4545 1377 4613 libero·

206 4675 294 4732 rum,
311 4657 367 4740 qui
384 4656 473 4740 apud
489 4655 593 4720 alium
613 4642 748 4719 educari
762 4653 887 4719 debent
912 4653 944 4734 (l.
962 4651 985 4728 i,
1009 4671 1036 4716 c.
1058 4653 1120 4716 doz·
1128 4653 1249 4738 popili.
1266 4654 1372 4736 educ,
