3508 5568
357 609 397 676 tc
816 627 866 674 aus
887 625 1066 675 canonicor.

358 746 476 812 Prima
483 763 568 832 pars
582 747 709 812 habeto
723 763 771 810 rc.
789 746 826 810 at
843 747 876 811 h.
897 751 933 824 t.,
953 745 1122 832 quietalis
1136 744 1340 811 cohabitatio
1355 742 1528 828 praeaumi-
1543 693 1545 698 Ι

359 857 414 920 tur
427 855 626 920 continuata
639 854 763 920 ellectu
776 854 965 938 conjugali3
982 859 1101 939 estque
1114 855 1187 918 heco
1200 853 1525 937 praesumptiojuris,

359 963 451 1032 etde
463 967 553 1046 jure,
569 980 639 1028 uon
653 963 836 1028 admittens
845 963 1081 1046 probationem
1092 963 1127 1026 in
1137 962 1354 1028 contrarium.
1371 960 1529 1027 Secundo

352 1089 440 1158 pura
455 1069 581 1154 pariter
596 1070 773 1136 deducitur
787 1089 830 1134 ex
843 1071 1120 1154 praesumptione,
1140 1075 1307 1156 quatenus
1325 1068 1447 1152 copula
1466 1069 1530 1132 ista
1592 1051 1595 1058 ¹

357 1177 561 1255 voluntaria,
577 1177 619 1243 ad
636 1175 1306 1263 excludendumpeccatumpraesumitur
1317 1176 1390 1242 fleri
1404 1177 1528 1242 ellectu

358 1284 542 1368 conjugali,
560 1290 595 1350 et
613 1305 683 1350 non
700 1285 893 1364 fornicario,
918 1291 956 1351 ut
976 1291 1067 1351 recte
1082 1288 1266 1352 observant
1286 1285 1345 1349 Tl.
1373 1289 1407 1350 et
1429 1301 1530 1350 cano-

359 1395 468 1470 uistae,
489 1411 560 1476 arg.
584 1412 612 1458 c.
638 1393 726 1458 3011.
744 1399 786 1470 t.;
807 1394 908 1478 idque
933 1395 1045 1477 ipsum
1065 1395 1167 1460 docet
1190 1393 1221 1458 S.
1236 1393 1294 1470 lh,
1319 1393 1354 1457 in
1372 1393 1406 1468 4,
1424 1393 1456 1456 d.
1476 1393 1526 1469 29,

359 1521 391 1586 q.
409 1503 438 1578 l,
453 1519 483 1566 a.
499 1501 529 1578 3,
545 1521 576 1586 q.
592 1501 623 1576 9,
640 1501 683 1566 ad
696 1501 726 1564 2.
741 1500 844 1566 Seous
857 1501 919 1580 dic,
933 1501 961 1567 si
976 1502 1079 1568 etiam
1091 1501 1258 1587 copulavi
1269 1505 1405 1567 etmetu
1419 1506 1530 1568 extor-

284 1635 286 1642 ·
360 1613 532 1693 queretur,
550 1610 631 1694 quia
642 1613 722 1675 tnnc
736 1609 828 1693 prior
841 1629 1062 1677 consensuro
1076 1616 1170 1676 metu
1186 1629 1255 1675 non
1269 1614 1443 1695 purgatur.

395 1751 453 1805 Neo
467 1746 589 1805 obstant
602 1761 667 1820 cap.
684 1747 762 1806 2211.
779 1753 811 1816 t.,
823 1763 889 1820 cap.
905 1747 1117 1824 ldebcapoca.
1132 1747 1254 1822 impet,
1266 1751 1360 1822 capt
1374 1747 1528 1818 Quimatr.

359 1851 481 1907 ccccm:
503 1849 572 1894 nam
585 1835 653 1908 jura
678 1835 737 1895 istu
757 1837 923 1910 procedunt
946 1837 983 1896 de
1007 1837 1116 1910 copula
1129 1844 1299 1910 spontanea
1314 1857 1322 1894 τ
1339 1841 1436 1896 stante
1450 1838 1530 1896 euim

360 1930 453 1996 metu,
473 1924 580 1998 copula
595 1925 703 1998 ¹potius
724 1926 917 2000 presumitur
931 1926 1101 1997 fornicaria,
1118 1941 1208 2000 quam
1230 1927 1410 2001 conjugalis.
1434 1929 1531 1996 Quare

360 2016 525 2077 remedium
540 2016 684 2076 evadendi
707 2017 934 2076 fornicationem
951 2024 980 2076 et
1000 2017 1112 2078 melum
1126 2033 1164 2077 ex
1188 2022 1269 2077 metu
1291 2017 1465 2087 imminens,
1485 2017 1531 2075 vel

360 2107 416 2164 erit
431 2112 616 2196 spontaneus
630 2121 800 2168 consensus
821 2109 851 2166 iu
869 2108 1018 2182 copulam,
1034 2109 1081 2167 vel
1099 2108 1202 2182 petitio
1223 2107 1376 2166 dilationis
1394 2107 1425 2165 iu
1449 2105 1531 2174 aliud

360 2203 479 2270 tempus
492 2212 553 2269 quc
565 2203 663 2256 metus
679 2198 788 2271 deponi
805 2198 911 2271 possit,
927 2198 973 2258 vet
987 2198 1074 2257 tortis
1089 2198 1270 2258 resistentia.

400 2350 499 2436 Resp.
517 2351 547 2416 4.
564 2353 816 2418 Matrimonium
838 2357 933 2416 metu
948 2352 1071 2417 initum
1094 2371 1164 2418 nou
1187 2355 1239 2417 est
1262 2351 1529 2426 dissolvendum,

361 2459 469 2525 donec
484 2466 596 2524 metus
623 2461 724 2544 plene
739 2462 903 2546 probetur
925 2479 986 2545 per
1007 2466 1111 2526 testes
1133 2465 1168 2526 et
1193 2461 1260 2528 alia
1281 2460 1423 2537 indicia;
1451 2479 1531 2524 nam

360 2572 473 2632 metus
488 2574 541 2634 est
554 2571 634 2656 quid
655 2571 733 2635 iacti
765 2576 800 2636 et
816 2571 1000 2654 degenere
1025 2571 1236 2647 delictorum,
1254 2591 1329 2655 quse
1353 2589 1422 2636 non
1447 2587 1534 2654 prae-

362 2683 554 2754 sumuntur,
572 2678 632 2743 sed
646 2679 782 2762 probari
805 2677 941 2744 debent.
954 2677 991 2742 ln
1002 2679 1104 2745 dubio
1117 2698 1161 2745 an
1177 2684 1291 2744 metus
1304 2678 1407 2744 luerit
1419 2679 1533 2760 gravis

361 2786 417 2852 vel
431 2787 557 2869 injuste
571 2785 738 2858 incussus,
757 2788 917 2855 standum
929 2794 982 2854 est
996 2807 1058 2872 pro
1073 2791 1202 2866 lavore,
1225 2794 1260 2853 et
1280 2789 1395 2853 valore
1419 2787 1534 2852 matri-

366 2895 482 2971 monii,
494 2914 557 2978 per
566 2913 595 2960 o.
604 2896 699 2971 liin
713 2898 785 2972 lin,
798 2897 839 2961 dc
854 2897 984 2974 Testid,
997 2898 1042 2962 ihi
1057 2919 1092 2960 z«
1105 2896 1325 2963 tolerabilius
1340 2900 1393 2962 est
1402 2897 1533 2980 aliquos

361 3008 481 3070 contra
492 3009 619 3071 statuta
631 3007 812 3072 hominum
827 3007 997 3073 dimittere
1012 3008 1198 3093 copulatos,
1217 3027 1320 3092 quam
1333 3009 1534 3090 conjunctos

360 3114 513 3196 legitime
537 3120 655 3181 contra
676 3121 803 3182 statuta
826 3117 960 3182 Domini
982 3137 1148 3203 separare.
1167 3143 1183 3175 t>
1200 3118 1303 3182 Porro
1322 3117 1358 3180 in
1377 3114 1434 3182 illo
1452 3133 1534 3180 casu

363 3242 429 3308 quo
443 3228 718 3289 constatmetum
733 3226 970 3304 intervenisse,
988 3245 1065 3310 pars
1087 3227 1194 3293 altera
1214 3232 1345 3290 metum
1366 3225 1534 3290 incutiens

362 3353 432 3400 non
449 3340 584 3400 tenetur
598 3335 640 3400 de
656 3356 747 3403 novo
763 3339 976 3416 contrahere,
990 3337 1069 3403 licet
1082 3357 1160 3422 pars
1174 3341 1306 3403 metum
1320 3355 1421 3420 passa
1434 3353 1535 3419 apon-

362 3449 462 3509 tanee
476 3447 675 3510 contrahere
689 3446 794 3512 vellet
811 3467 818 3509 :
835 3465 916 3512 nam
931 3445 1092 3529 obligatio
1104 3447 1172 3510 ista
1186 3465 1227 3511 ex
1245 3445 1338 3511 nullo
1350 3447 1428 3528 jure
1443 3442 1535 3508 colli-

361 3552 463 3631 gitur,
479 3571 589 3636 neque
605 3572 647 3616 ex
661 3571 764 3620 causa
776 3554 921 3638 injuriae,
939 3573 1018 3619 oum
1028 3551 1094 3618 ista
1108 3549 1534 3637 tollaturpermatrimonii

362 3657 632 3738 dissolutionem,
658 3667 693 3727 et
716 3663 817 3728 aliam
838 3683 977 3748 poenam
996 3664 1075 3730 huio
1098 3663 1219 3729 delicto
1239 3661 1471 3743 infligendam.
1501 3659 1534 3722 Si

362 3771 476 3834 umen
492 3779 739 3854 praecesserunt
765 3774 935 3858 sponsalia
959 3775 1082 3850 valida,
1106 3773 1162 3838 vel
1182 3791 1260 3856 pars
1285 3776 1416 3837 metum
1435 3786 1536 3853 passa

362 3879 466 3942 sentit
493 3879 657 3946 damnum
694 3883 791 3948 aliter
824 3903 894 3951 non
923 3884 1124 3969 reparabile,
1153 3901 1257 3968 quam
1280 3899 1341 3966 per
1363 3878 1535 3945 matrimo-

363 3985 469 4062 nium,
485 3988 611 4069 poterit
623 4007 701 4073 pars
714 3995 846 4055 metum
866 3992 1035 4057 incutiens
1056 4009 1117 4074 per
1134 3990 1287 4074 judicem
1310 3985 1467 4070 compelli
1491 3984 1535 4048 ad

363 4095 618 4161 matrimonium
634 4104 820 4182 spontanee
833 4099 1113 4166 contrahendum.
1129 4097 1186 4164 His
1201 4117 1271 4162 non
1282 4099 1395 4162 obstat
1409 4095 1535 4178 paritas

363 4203 405 4265 ab
421 4201 495 4266 aliis
516 4205 755 4284 contractibus,
780 4208 903 4292 quibus
928 4213 1017 4274 stare
1043 4211 1179 4272 tenetur
1196 4210 1327 4270 metum
1353 4204 1531 4276 incutiens,

363 4310 442 4392 quia
456 4315 648 4377 contractus
662 4313 717 4378 isti
733 4321 813 4379 sunt
825 4315 927 4380 validi
942 4337 949 4392 ;
963 4320 998 4380 at
1006 4315 1262 4380 matrimonium
1277 4319 1371 4378 metu
1386 4317 1535 4378 contrau-

364 4421 504 4483 tumeat
524 4419 721 4486 invalidum.
739 4423 875 4498 Gaetera,
893 4443 968 4508 quae
981 4425 1036 4488 hio
1052 4423 1240 4488 incidenter
1259 4421 1364 4505 quaeri
1377 4423 1533 4504 possunt,

364 4528 544 4593 solvuntur
556 4549 599 4594 ex
614 4531 710 4597 dictis
725 4533 747 4596 l.
766 4533 790 4610 l,
807 4534 857 4598 tit.
874 4535 922 4600 De
936 4535 987 4600 bis
1001 4553 1076 4618 quse
1091 4535 1134 4598 oi.

364 4681 457 4733 sulwrn
471 4685 493 4734 si
503 4683 605 4749 publice
618 4690 722 4739 constat
731 4689 831 4739 matum
848 4689 928 4740 tuisse
938 4689 1082 4756 injustum
1092 4687 1312 4761 impedimentum
1324 4687 1373 4738 luit
1382 4685 1534 4754 publicum:

365 4757 391 4812 S·
406 4758 503 4824 congr.
518 4759 599 4814 Cone.
617 4762 645 4813 in
657 4763 810 4828 rancura,
822 4767 852 4822 to
869 4769 935 4832 sept.
951 4769 1020 4824 ¹⁷¹9.
