3514 5564
556 625 643 670 nisan
665 625 800 678 orrares
820 621 1043 669 creanrtnrurr.
1071 605 1075 624 ⁶
1331 607 1389 672 {07

218 740 364 806 scienter
384 740 562 805 contrahat
583 752 662 803 cum
686 739 816 817 ancilla,
843 739 923 822 quia
940 736 1069 804 volenti
1093 757 1163 803 non
1186 741 1227 804 fit
1246 741 1388 825 injuria;

217 847 296 912 licet
310 848 352 913 oh
367 848 533 914 vilitatem
551 864 706 930 personae
715 847 776 911 ssat
791 845 988 927 irregularis
1005 846 1089 928 (can.
1106 847 1156 922 15,
1183 846 1215 910 d.
1232 847 1293 928 34).
1310 850 1342 912 q.
1357 848 1390 912 Si

108 979 116 992 κ
217 956 302 1022 liber
318 957 495 1021 contrahat
507 974 585 1020 cum
609 955 715 1021 libera
733 973 837 1039 quam
850 957 948 1038 putat
965 971 1040 1019 esse
1057 953 1224 1031 ancillam,
1247 954 1302 1020 vel
1322 974 1390 1021 ser-

218 1082 374 1129 ruscum
395 1063 515 1129 ancilla
534 1081 636 1148 qnam
655 1065 753 1147 putat
772 1081 847 1128 esse
867 1062 1028 1138 liberam3
1053 1061 1133 1145 quia
1146 1051 1200 1127 hic
1214 1081 1285 1128 non
1300 1063 1392 1129 addi-

178 1240 183 1250 ,
218 1176 274 1236 tur
295 1177 403 1238 status
427 1172 575 1236 deterior
592 1172 640 1236 ita
662 1171 817 1236 errantis.
839 1172 871 1234 3·
890 1171 924 1235 Si
946 1170 1033 1234 lihcr
1051 1171 1191 1252 ignarus
1214 1171 1392 1238 contrahat

217 1297 295 1345 eum
317 1279 437 1345 ancilla
457 1299 531 1364 quse
551 1281 585 1344 vi
605 1279 835 1346 collocationis
856 1280 892 1342 in
919 1277 1177 1343 matrimonium
1205 1297 1225 1343 a
1252 1278 1390 1344 domino

217 1389 313 1454 laotae
326 1389 545 1472 consequitur
554 1388 746 1454 libertatem
757 1389 849 1471 (ch.
860 1388 911 1465 tt,
926 1405 954 1452 c.
966 1387 997 1470 t)
1008 1407 1016 1464 ;
1029 1387 1184 1472 quodjus
1195 1404 1266 1452 nou
1278 1405 1391 1472 repro-

218 1498 318 1563 hatur
342 1515 363 1562 a
383 1497 486 1560 sacris
512 1497 715 1571 canonibus;
740 1497 820 1579 quia
844 1496 977 1579 inipso
1001 1499 1176 1560 contractu
1206 1494 1327 1560 aneilla
1353 1497 1393 1559 fit

173 1671 175 1682 ,
219 1604 335 1681 libera,
351 1604 503 1688 adeoque
517 1604 604 1668 liher
617 1621 688 1670 non
707 1622 786 1668 cum
800 1603 932 1681 ancilla,
956 1602 1015 1668 sed
1039 1620 1106 1667 cun
1126 1601 1234 1668 libera
1256 1605 1392 1686 nuptias

114 1709 118 1716 '
219 1712 292 1802 init,
313 1712 405 1794 prior
425 1729 507 1776 vero
523 1712 669 1776 servitus
684 1712 840 1794 ignorata
854 1727 924 1776 non
943 1709 1069 1774 suflicit
1084 1709 1127 1774 ad
1141 1709 1206 1775 hoc
1219 1711 1394 1776 matrimo-

219 1822 316 1886 nium
330 1819 596 1885 invalidandum.
864 1897 871 1912 ι

258 1928 357 2011 Resp.
383 1927 413 1991 3.
441 1928 474 1992 Si
498 1927 755 1993 matrimonium
782 1944 861 1992 cum
886 1944 1000 1992 errore
1029 1925 1233 1992 conditionis
1262 1926 1393 1991 servilis

220 2034 352 2119 publice
367 2038 578 2100 contractum
596 2039 658 2113 est,
686 2033 863 2098 dissolutio
883 2036 959 2116 ejus
976 2033 1051 2098 tleri
1066 2032 1167 2097 debet
1194 2033 1393 2099 auctoritate

220 2142 374 2207 Ecclesiae
390 2143 471 2224 (arg.
488 2160 517 2206 o.
532 2142 552 2205 2
567 2145 601 2207 et
610 2143 669 2206 tln.
684 2142 718 2206 h.
735 2145 773 2218 t.,
789 2141 846 2207 c.3
861 2140 902 2205 de
913 2141 1071 2222 Dicort.);
1082 2157 1163 2205 nam
1176 2140 1268 2224 quod
1282 2144 1394 2206 aucto

155 2253 157 2258 ’
220 2251 318 2316 ritate
332 2249 486 2315 Ecclesiae
500 2250 721 2327 contrahitur,
739 2250 938 2315 auctoritate
956 2247 1112 2332 ejusdem
1127 2247 1265 2314 dissolvi
1280 2247 1391 2313 dehet.

220 2358 258 2423 ln
278 2359 405 2444 praevio
433 2358 560 2442 judicic
585 2358 671 2423 liher
696 2360 839 2440 probare
865 2356 966 2422 dehet
989 2356 1214 2421 conditionem
1240 2357 1394 2422 servilem

222 2484 323 2551 mam
337 2485 381 2530 ex
393 2471 487 2550 perte
504 2466 632 2530 ancillae
647 2465 783 2542 asserit;
807 2483 901 2531 error
915 2481 996 2528 vero
1013 2464 1214 2546 regulariter
1233 2481 1303 2530 non
1318 2484 1395 2548 pro

221 2575 330 2650 hatur,
346 2575 411 2638 nisi
425 2575 460 2638 in
474 2573 532 2639 illo
545 2593 627 2639 casu
641 2592 708 2659 quo
725 2573 800 2638 talis
814 2589 962 2656 persona
975 2572 1107 2638 notorie
1124 2577 1158 2635 et
1167 2573 1394 2637 communiter

220 2683 335 2748 hahita
349 2688 401 2747 est
410 2701 470 2766 pro
485 2683 619 2761 ancilla3
637 2683 716 2767 quia
731 2682 871 2767 quilibet
881 2682 1100 2765 praesumitur
1114 2681 1199 2745 scire
1214 2699 1289 2765 quea
1303 2699 1394 2750 com-

221 2794 371 2858 muniter
400 2798 481 2859 nota
506 2798 587 2857 sunl
614 2793 680 2874 (lih.
707 2790 747 2870 ll,
774 2793 810 2856 ff.
833 2797 867 2856 et
886 2791 908 2855 l.
932 2789 1033 2854 XXIII
1055 2789 1148 2868 God.‚
1171 2789 1212 2854 de
1231 2789 1390 2873 Probat).

223 2899 258 2966 Si
271 2919 353 2966 vero
373 2901 600 2966 communiter
620 2917 690 2964 non
712 2905 765 2964 est
788 2899 902 2964 hahita
925 2916 986 2982 pro
1010 2897 1142 2977 ancilla,
1163 2899 1228 2963 ista
1250 2898 1392 2982 probare

223 3009 424 3094 dehetqnod
435 3008 521 3073 liber
535 3007 690 3073 notitiam
702 3007 858 3072 hahuerit
873 3006 914 3071 de
932 3006 1037 3090 ipsius
1050 3004 1244 3071 conditione
1264 3004 1389 3071 servili.

368 3197 399 3246 11.
418 3193 490 3255 Quld
502 3192 574 3258 juris
589 3192 664 3246 atres
674 3191 858 3246 matrimonia
872 3201 1017 3246 serrorum
1035 3202 1101 3246 cum
1115 3189 1258 3244 ancllllst·
1314 3195 1317 3200 “

264 3340 362 3422 Resp.
381 3340 409 3403 l.
426 3337 517 3402 Talia
528 3337 745 3403 matrimonia
758 3338 831 3402 sine
845 3355 1015 3403 consensu
1034 3337 1163 3402 domini
1185 3339 1265 3401 snut
1283 3333 1395 3401 valida

226 3452 261 3513 et
274 3448 474 3531 regulariter
485 3445 595 3513 licita:
617 3447 664 3510 ita
679 3447 830 3512 decisum
841 3451 893 3510 est
905 3464 933 3511 c.
950 3447 978 3510 l.
993 3447 1027 3510 h.
1047 3450 1070 3511 t.
1094 3463 1161 3530 quo
1179 3445 1395 3526 corriguntur

222 3556 436 3641 jumelvilla,
453 3555 626 3640 quainter
641 3573 769 3632 servos,
782 3555 971 3639 presertim
982 3555 1055 3619 sine
1070 3544 1392 3629 commendemini,

227 3661 1391 3746 dicantessscootubercia,nonmatrimcniatl.lll,c.delncest.nupt.).

225 3774 322 3841 Ratio
337 3775 379 3850 1¹,
395 3773 474 3857 quia
488 3773 578 3838 servi
594 3773 672 3855 Jure
692 3753 838 3837 naturali
852 3777 887 3836 et
907 3771 1021 3836 divino
1037 3771 1163 3834 hahent
1174 3772 1231 3852 Jus
1250 3769 1395 3833 liberum

226 3882 447 3948 contrahendi
470 3887 506 3946 et
526 3880 730 3965 suscipiendi
748 3885 999 3946 sacramentum
1020 3879 1237 3955 matrimonii,
1262 3882 1336 3943 tum
1352 3878 1395 3943 ad

226 3991 331 4056 finem
344 3988 596 4075 propagationis
617 3990 786 4065 humanae,
803 4006 881 4053 cum
897 3989 999 4054 etiam
1014 3987 1050 4053 in
1070 3987 1261 4053 remedium
1274 4005 1396 4052 concu-

104 4091 108 4112 ¹
226 4099 416 4182 piscentiae3
434 4097 523 4181 quod
532 4100 600 4180 jus,
618 4100 734 4180 utpote
750 4097 809 4160 toti
831 4099 960 4161 naturae
984 4113 1176 4172 commune,
1198 4113 1268 4160 non
1284 4093 1395 4160 subdi-

228 4213 283 4273 tur
303 4208 441 4291 privatse
463 4207 621 4291 potestati
641 4206 838 4272 dominice:
863 4224 944 4288 ergo
970 4205 1187 4270 matrimonia
1215 4221 1395 4270 servorum

229 4334 307 4381 cum
322 4314 449 4381 ancillis
473 4317 553 4378 sunt
564 4314 685 4379 valida.
699 4313 796 4380 Ratio
811 4315 854 4392 θ’,
870 4315 948 4398 quia
964 4314 1063 4390 servi,
1083 4312 1209 4377 utendo
1220 4315 1298 4395 jure
1319 4330 1393 4390 suo,

228 4425 317 4489 licite
332 4426 448 4505 agunt,
466 4427 500 4486 et
513 4421 596 4486 nulli
609 4423 769 4506 injuriam
781 4421 919 4499 iaciunt,
935 4421 1015 4487 licet
1029 4421 1153 4486 decens
1177 4421 1220 4484 sit
1234 4425 1273 4483 ut
1285 4420 1396 4504 requi-

228 4537 306 4598 rant
318 4549 524 4597 consensum
539 4521 764 4596 dominorum,
785 4532 872 4595 llum
886 4548 968 4595 vero
990 4529 1120 4613 antiqui
1142 4545 1289 4594 canones
1310 4548 1396 4611 nup«

231 4640 293 4704 tias
308 4657 485 4704 servorum
504 4638 619 4703 dieunt
641 4621 712 4703 iton
731 4655 806 4703 esse
826 4640 936 4721 justas
958 4642 992 4701 et
1013 4635 1193 4717 legitimas,
1218 4635 1253 4701 id
1273 4636 1395 4702 intelli-

231 4746 382 4832 gendum
399 4752 450 4814 est
470 4765 540 4814 non
561 4747 603 4813 de
616 4747 828 4830 legitimitate
842 4745 1014 4822 canonica,
1031 4743 1092 4812 sed
1105 4744 1205 4820 civili,
1226 4749 1394 4830 qnatenus
