3388 5582
354 535 438 582 snors
458 533 646 582 arosroarem
664 533 801 580 necessa
822 531 859 578 aa
881 527 1133 578 nacmnnrrouns.
1276 515 1331 578 aii

161 657 320 726 modelam,
344 655 389 714 vel
407 655 585 728 depositam,
605 642 743 728 cogitans
762 667 830 712 esse
848 650 1075 721 haereditariam,
1097 649 1176 709 bona
1190 649 1248 708 sido
1264 663 1334 708 ven-

160 746 229 804 dere
245 749 353 818 potest,
374 749 402 802 et
418 748 534 816 emptor
547 758 613 800 eam
628 756 794 814 usucapere
807 742 834 815 (ἓ
848 745 875 810 4,
886 740 985 800 instit.
1001 739 1037 799 de
1048 740 1248 813 nsaeopionl3
1265 753 1334 799 nam

160 834 196 893 do
219 835 298 892 lacto
321 833 419 893 alieno
435 836 519 909 justa
537 839 584 892 est
603 833 763 908 ignoratio.
785 832 868 890 Valet
892 845 955 905 reg.
980 831 1038 889 ista
1056 845 1110 904 pro
1130 829 1177 888 bis
1197 831 1249 902 qui
1264 843 1335 888 oon·

160 924 331 994 veniuntur,
350 939 409 982 non
426 939 480 997 pro
496 925 544 981 lris
561 923 613 997 qui
629 928 741 998 agunt3
763 921 834 995 quia
855 920 906 979 isti
927 919 1118 980 debentesse
1133 919 1204 977 certi
1219 918 1336 992 dejure

161 1029 218 1075 suo
233 1013 326 1086 (citat.
342 1029 406 1088 reg.
420 1019 455 1072 42
470 1013 527 1088 li).
1099 1059 1103 1068 ,
1317 1073 1318 1076 ¹

195 1107 253 1164 llll.
266 1103 343 1164 Odia
358 1105 516 1178 restringi,
531 1111 560 1163 et
574 1103 694 1176 favores
708 1101 846 1162 conuenit
865 1101 1019 1175 ampliori,
1034 1115 1071 1159 ex
1088 1100 1108 1158 l.
1131 1102 1196 1160 CLV
1217 1101 1247 1158 in
1270 1099 1335 1170 iim,

161 1194 191 1252 ll.
207 1193 238 1252 h.
254 1198 301 1251 t.:
324 1193 361 1252 ln
377 1192 546 1265 penatibus
565 1193 666 1251 musa
686 1192 843 1266 benipnius
864 1189 1123 1264 interpretandum
1140 1195 1195 1250 est.
1214 1190 1339 1248 Nomina

161 1284 299 1344 odiorum
324 1283 448 1341 veniunt
471 1283 520 1340 bic
549 1297 661 1354 pmnre,
694 1281 909 1356 obligationes,
944 1280 1100 1355 privilegia
1130 1285 1159 1338 et
1183 1279 1338 1353 dispensa-

161 1374 259 1432 tiones
274 1387 341 1447 quae
355 1373 576 1432 contrariantur
589 1372 650 1444 juri
672 1371 825 1430 communi
842 1375 871 1428 et
887 1370 950 1443 juri
975 1369 1066 1441 tertii,
1082 1369 1124 1427 uti
1140 1374 1169 1428 et
1183 1369 1339 1444 privilegia

161 1462 322 1522 ambitiosa
339 1462 371 1520 in
395 1460 560 1520 benencas.
582 1461 707 1520 Nomine
729 1461 869 1532 foemam
891 1459 1104 1534 intelliguntur
1125 1459 1339 1518 eoncessiones

162 1550 324 1622 benevole,
338 1565 405 1624 qua
419 1549 495 1608 nulli
509 1554 618 1609 nocent
634 1564 732 1623 neque
747 1549 954 1622 prejudicant,
975 1548 1035 1607 nisi
1057 1548 1242 1607 concedenti.
1260 1551 1340 1606 Non-

161 1655 318 1714 nunquam
342 1640 411 1700 odie
433 1640 605 1713 amplianda
623 1646 706 1712 sunt,
729 1640 756 1699 si
775 1640 823 1698 lex
842 1638 928 1698 aliter
945 1653 1004 1696 non
1020 1638 1118 1712 possit
1133 1639 1233 1697 sortiri
1249 1653 1339 1696 suum
1395 1665 1399 1672 ·

161 1727 300 1788 ellectum
324 1729 359 1804 (c.
383 1734 427 1794 ti,
446 1729 482 1788 de
496 1731 579 1790 Seni.
601 1743 757 1800 excomm„
777 1729 809 1786 iu
825 1728 878 1803 θ’),
894 1731 923 1786 et
939 1732 1060 1788 econtra
1076 1727 1193 1786 favores
1213 1727 1340 1784 restrin-

161 1817 263 1892 gendi,
293 1818 319 1877 si
347 1819 493 1892 incipiant
516 1835 584 1878 esse
608 1820 691 1878 noxii
714 1818 866 1889 Ecclesiae,
881 1817 961 1876 bono
983 1818 1148 1889 communi,
1172 1817 1341 1890 disciplina

160 1908 372 1968 ecclesiasticae
389 1913 419 1967 et
441 1909 572 1984 regulari
594 1910 630 1983 (c.
651 1923 732 1982 pen,
754 1907 790 1966 de
804 1907 880 1968 dier.
897 1922 959 1966 non
978 1907 1091 1978 a·esid.‚·
1109 1924 1136 1966 e.
1154 1911 1183 1972 a,
1205 1906 1240 1966 cte
1258 1907 1340 1965 Deci·

160 1998 230 2068 mn,
248 1999 328 2072 eto).

195 2089 265 2146 livi.
288 2089 375 2148 Decet
395 2103 567 2148 concessam
584 2106 605 2150 o
624 2091 762 2164 principe
781 2090 953 2163 beneficium
973 2104 1038 2150 esse
1055 2101 1257 2159 mensnram·
1271 2101 1340 2154 naar

161 2177 241 2236 sicut
253 2177 331 2249 jura,
346 2177 387 2235 ita
401 2183 430 2238 et
444 2178 589 2238 benelicia
605 2179 775 2254 principum
789 2179 877 2250 firma
890 2185 921 2238 et
935 2183 1079 2252 perpetua
1097 2193 1166 2238 esse
1186 2179 1340 2250 convenit,

162 2266 1341 2344 modosiatprotiaesoctae,nontentomsociende(c.3d,del’raeb.,ina⁰l‚uno

134 2387 137 2394 ,
162 2361 230 2414 actu
245 2361 463 2429 consummata,
479 2358 548 2418 lieet
561 2359 669 2417 deinde
684 2373 777 2418 causa
790 2364 902 2419 cesset:
919 2373 1020 2428 socae,
1037 2358 1064 2416 si
1080 2358 1210 2432 pendent
1222 2371 1343 2416 aeausa

164 2451 290 2504 tractum
309 2448 517 2506 successivum
539 2447 666 2508 habente
682 2468 690 2506 :
706 2455 740 2507 ut
761 2449 788 2508 si
809 2450 879 2524 qais
900 2449 1130 2522 dispensaretur
1151 2464 1169 2506 a
1188 2447 1341 2506 recitando
1384 2501 1385 2504 ,

103 2594 104 2602 ,
165 2535 309 2596 breviario
329 2536 367 2596 ob
383 2537 484 2596 studia
501 2543 531 2596 et
546 2537 664 2598 labores
681 2557 688 2595 :
714 2538 906 2598 cessantibus
923 2538 1032 2598 studiis
1048 2542 1077 2596 et
1091 2536 1258 2608 laboribus
1277 2551 1341 2598 aes·

162 2632 218 2697 sat,
235 2627 280 2686 rel
296 2627 491 2700 suspenditur
505 2626 562 2684 hoc
576 2627 778 2700 privilegium.
795 2627 884 2686 Plura
898 2627 934 2684 de
949 2627 998 2686 lris
1012 2627 1079 2684 vide
1093 2625 1138 2684 tit.
1151 2625 1187 2684 de
1199 2626 1304 2686 Priuit.

198 2717 280 2775 lltlll.
291 2716 445 2776 indultum
457 2732 476 2774 a
486 2717 559 2787 jare
572 2715 816 2788 beneficinmnon
830 2722 875 2775 est
889 2716 982 2775 elicui
996 2716 1204 2788 auferendum,
1220 2721 1292 2788 puta
1305 2715 1343 2776 ab

163 2804 309 2862 inferiori.
335 2805 383 2862 Sic
404 2805 545 2878 episcopo
570 2802 745 2878 indulgetur
764 2809 798 2862 ut
820 2805 917 2862 tribus
938 2804 1096 2862 mensibus
1119 2819 1171 2876 per
1192 2819 1344 2864 ennuma

165 2908 222 2951 sua
236 2893 359 2953 dioecesi
371 2893 479 2952 abesse
493 2893 592 2965 possit
609 2893 695 2960 (trid.
710 2907 789 2952 sess.
800 2897 845 2964 23,
863 2910 889 2952 c.
903 2900 929 2966 i,
941 2893 976 2952 de
986 2893 1140 2966 Reform.);
1155 2894 1295 2967 parocho,
1311 2900 1344 2952 ut

165 2981 244 3038 intra
259 2993 371 3038 annum
389 2981 536 3054 suscipiat
551 2981 788 3056 presbyteratum
801 2983 875 3056 (cap.
886 2987 929 3052 ll,
942 2981 977 3040 de
988 2982 1092 3053 Eleon,
1103 2983 1135 3040 in
1146 2985 1200 3056 6⁰);
1215 2983 1343 3052 mulieri,

166 3077 200 3128 ut
220 3077 339 3131 mortuo
360 3071 436 3144 uiro,
457 3073 559 3132 statim
579 3072 657 3131 intra
672 3077 807 3145 tempora
821 3073 922 3132 luctus
937 3072 1050 3132 nubere
1065 3073 1163 3146 possit
1176 3073 1214 3146 (c.
1231 3088 1300 3145 pen.
1316 3079 1345 3130 et

167 3162 233 3235 ult,
249 3162 528 3237 maecenatiana.)
542 3163 684 3223 Similiter
695 3165 901 3224 conceduntur
913 3170 1047 3237 tempora
1061 3163 1248 3234 dilationum,
1264 3164 1345 3222 solu·

167 3252 295 3323 tionum,
320 3252 565 3326 appellationum,
588 3259 615 3312 et
636 3253 695 3312 alin
713 3254 828 3326 passim
847 3255 877 3312 in
896 3253 973 3326 iure.
999 3256 1035 3311 At
1049 3254 1185 3313 conditor
1194 3254 1283 3327 juria,
1298 3253 1345 3312 vel

154 3335 234 3416 'ejus
250 3358 422 3413 successor,
436 3343 581 3403 beneficia
595 3344 654 3402 ista
668 3343 781 3413 tollere,
798 3344 843 3402 vel
858 3344 1041 3417 restringere
1054 3349 1162 3416 polest.

205 3434 299 3494 llt'lll.
314 3433 379 3492 lion
390 3433 534 3506 firmator
545 3440 646 3494 tracta
661 3435 803 3507 ternpotis
817 3433 895 3508 qnod
909 3432 944 3492 de
954 3433 1027 3504 jore
1042 3433 1079 3492 ab
1098 3434 1186 3492 initio
1202 3450 1263 3494 non
1273 3433 1345 3494 snb·
1361 3442 1362 3450 ’

169 3524 259 3594 stitit,
270 3539 307 3582 ex
317 3539 380 3598 reg.
393 3529 438 3594 29,
449 3524 496 3582 ll:
512 3524 594 3596 Quod
603 3525 692 3583 initio
705 3523 846 3583 uitiosum
855 3527 1083 3595 minuspotest
1093 3529 1193 3584 tractu
1205 3514 1346 3598 temporie

170 3613 395 3685 conualescere,·
414 3620 443 3673 et
457 3629 519 3690 reg.
535 3630 604 3687 pen.
620 3613 652 3671 ll.
667 3632 674 3670 ε
689 3615 764 3685 Quae
774 3614 812 3673 ob
826 3615 915 3673 initio
928 3613 1047 3672 inutilis
1060 3614 1121 3686 fnit
1134 3615 1295 3686 institutio,
1309 3631 1347 3675 ec

167 3706 316 3777 pestilente
338 3703 541 3762 conualescere
561 3718 622 3762 non
634 3710 741 3776 potest.
763 3703 909 3777 intellige,
927 3703 954 3762 si
974 3719 1022 3762 res
1043 3709 1162 3762 maneat
1182 3705 1220 3762 in
1238 3703 1344 3763 iisdem

171 3794 308 3854 terminis
329 3794 360 3851 in
382 3794 494 3868 quibus
514 3793 571 3853 luit
588 3793 626 3852 ab
640 3793 727 3852 initio
743 3813 750 3851 ε
768 3809 868 3864 secur,
886 3794 913 3852 si
931 3793 975 3852 illi
994 3793 1155 3852 adveniant
1174 3795 1276 3852 omnia
1295 3810 1346 3853 ne·
1412 3840 1416 3848 .

171 3887 302 3945 cessaria
316 3885 353 3943 ad
368 3885 509 3942 valorem.
528 3884 628 3942 Solum
644 3899 716 3958 ergo
731 3889 851 3956 tempus
866 3899 903 3942 ex
918 3889 986 3942 actu
1002 3883 1133 3941 invalido
1146 3899 1206 3943 non
1217 3885 1346 3943 iacitva·

170 3973 281 4044 lidum;
296 3973 371 4032 bene
383 3987 465 4044 uero,
480 3973 625 4032 sicaetera
638 3973 809 4032 necessaria
823 3987 893 4031 cum
905 3977 1038 4045 tempore
1052 3977 1243 4031 concurrant.

206 4067 276 4128 xlii.
297 4064 362 4122 Non
382 4069 427 4122 est
447 4063 512 4121 sine
531 4062 618 4136 onipe
636 4065 689 4138 qni
708 4064 755 4122 rei
775 4077 843 4138 pum
863 4063 903 4122 od
923 4079 990 4122 enm
1009 4077 1070 4122 non
1085 4064 1228 4136 pertinet,
1246 4078 1280 4122 ae
1293 4064 1349 4123 nn·

170 4155 286 4224 miscet,
301 4169 338 4212 ex
352 4168 415 4227 rog.
432 4157 465 4210 36
481 4151 532 4210 ll:
549 4153 695 4226 cntpoest
710 4153 879 4213 immiscere
892 4154 981 4214 senei
992 4153 1032 4212 od
1045 4168 1078 4212 se
1090 4168 1151 4212 non
1162 4154 1346 4227 pertinenti:
1367 4209 1368 4214 ,
1445 4229 1448 4236 .

171 4251 205 4302 ut
224 4244 250 4301 si
269 4243 397 4302 clericus
418 4247 554 4302 exerceat
568 4242 752 4318 chirurgiam
766 4243 813 4300 vol
827 4243 1034 4312 ballistariam,
1050 4249 1079 4300 et
1094 4243 1217 4303 lortaito
1231 4243 1348 4302 occidat

171 4335 319 4409 aliquem;
339 4339 411 4392 tunc
432 4333 512 4390 onim
533 4347 593 4391 non
621 4337 668 4391 est
692 4333 758 4390 sine
782 4331 871 4404 eulpa
894 4333 971 4405 (ean.
989 4337 1034 4404 37,
1050 4333 1080 4392 d.
1098 4337 1143 4402 50,
1169 4349 1234 4406 (cap.
1254 4339 1297 4398 ld,
1312 4323 1348 4391 do

171 4424 328 4494 domicia„
340 4423 419 4492 atel.
439 4425 501 4480 Non
519 4421 652 4494 procedit
667 4420 726 4480 ista
740 4421 855 4496 regula,
868 4422 940 4480 dum
951 4423 1020 4495 quis
1034 4422 1195 4496 prudenter
1212 4428 1241 4480 et
1255 4411 1348 4495 perite

173 4513 270 4572 aliena
288 4513 410 4588 negotia
428 4511 560 4585 gerenda
576 4512 722 4581 assumil3
744 4511 816 4584 quia
828 4510 892 4569 baec
907 4511 942 4569 ad
958 4511 1044 4570 illum
1057 4511 1207 4584 pertinent
1226 4527 1264 4570 ex
1279 4512 1348 4572 eha-

174 4599 303 4662 ritate'et
318 4600 418 4659 allicio
432 4599 513 4673 quod
528 4605 575 4660 est
588 4599 667 4658 inter
680 4599 833 4659 hominem
847 4604 876 4657 et
890 4600 1053 4660 bominem.

210 4695 267 4752 llll.
279 4690 385 4750 Netinis
394 4689 532 4764 pluribus
542 4690 589 4750 nti
604 4689 827 4761 defensionibus
846 4703 901 4748 seu
916 4692 1145 4764 exceptionibus
1158 4691 1347 4767 prohibetur,
