3514 5564
563 511 649 560 naue
666 511 803 568 oularns
825 510 1043 557 pecuarium.
1321 491 1381 556 lue

208 648 245 690 ne
260 631 331 692 talia
346 631 536 690 matrimonia
549 631 646 689 valide
658 617 914 702 contraherentur.
926 628 968 687 Ad
981 633 1007 686 t.
1019 631 1256 700 perrumpuntur
1267 632 1381 684 naturae

205 723 274 795 jora
297 721 395 795 quoad
419 720 578 792 deitatem,
601 735 662 778 non
687 719 785 793 quoad
811 719 940 778 valorem
963 736 970 775 :
993 733 1054 791 quo
1077 731 1170 776 sensu
1193 716 1381 796 consuetudo

208 811 344 884 gentium
370 815 400 866 et
427 809 486 868 alia
506 809 576 882 iura
603 814 796 880 exponuntur
817 808 848 866 in
870 808 890 864 i.
912 809 1061 878 xxxviii,
1085 805 1117 864 il.
1140 806 1176 865 ad
1199 809 1228 864 L.
1251 806 1323 875 iul,
1347 804 1382 862 de

206 898 319 968 Adoic,
335 897 356 955 i.
370 895 435 966 tin..
450 897 466 969 ᾗ
483 903 506 966 1,
524 897 555 954 11.
571 895 820 968 descedente.
836 911 930 966 cous„
948 896 968 954 i.
986 899 1058 964 xvi,
1075 895 1106 954 ti.
1123 895 1216 955 Solet.
1233 895 1380 964 matrim„

206 989 333 1062 §tinet
351 987 386 1046 de
404 987 493 1059 Nupt.
511 987 554 1045 dd
575 991 601 1044 3.
617 986 669 1046 Vel
681 987 771 1044 irater
786 985 911 1044 Herodis
933 992 1005 1044 tuno
1025 985 1116 1056 vixit,
1132 986 1179 1043 vei
1198 987 1225 1044 si
1245 992 1383 1043 mortuus

162 1121 166 1128 -
207 1083 268 1148 est,
284 1075 331 1134 lex
344 1076 446 1135 divine
460 1075 567 1134 Herodi
581 1091 643 1133 non
658 1073 846 1147 permittebat
859 1073 994 1133 relictam
1009 1075 1110 1134 iratris
1127 1073 1176 1133 sui
1192 1075 1311 1134 ducere.

248 1244 348 1356 Resp.
364 1273 394 1336 1.
410 1273 458 1338 De
479 1275 556 1356 jure
572 1272 798 1338 ecclesiastico
819 1289 909 1338 novo
931 1273 1079 1338 siduitas
1095 1292 1138 1338 ex
1151 1273 1273 1358 copula
1292 1274 1384 1342 licita

208 1380 414 1464 proveniens
436 1381 562 1446 dirimit
583 1379 839 1447 matrimonium
861 1397 971 1465 usque
986 1379 1029 1446 ad
1048 1385 1207 1464 quartum
1225 1381 1381 1463 gradum,

210 1489 244 1547 et
259 1499 301 1547 ex
315 1483 437 1568 copula
458 1483 573 1549 illicite
596 1501 704 1568 usque
726 1484 769 1548 ad
787 1482 933 1566 gradum
948 1483 1157 1548 secundum:
1180 1484 1377 1560 Tridentin,

210 1610 293 1656 sess.
306 1591 356 1668 ti,
373 1609 445 1674 cap.
461 1593 492 1666 5,
508 1591 549 1655 de
559 1591 709 1674 Resona.
725 1593 888 1668 matrim„
903 1591 961 1655 ubi
973 1590 1258 1676 impedimentum
1273 1592 1383 1656 ultini-

210 1700 288 1763 tatis
303 1718 346 1763 ex
359 1697 481 1782 copule
494 1697 609 1763 illicita
618 1698 836 1780 restringitur
845 1717 953 1784 usque
966 1699 1010 1764 ad
1018 1700 1163 1780 gradum
1178 1699 1367 1765 secundum
1377 1693 1393 1762 ε’

209 1805 292 1871 illud
304 1824 387 1872 vero
406 1806 498 1890 quod
513 1807 621 1870 oritur
641 1825 684 1870 ex
703 1805 825 1890 copula
843 1806 935 1872 licite
950 1825 1011 1872 seu
1026 1807 1199 1892 conjugali
1218 1811 1383 1884 remanet,

210 1919 248 1979 ut
263 1919 353 1991 ante,
380 1932 488 1998 usque
511 1912 555 1979 ed
569 1920 732 2003 „quartum
754 1914 911 1996 gradum,
932 1918 1033 2000 juxta
1059 1914 1233 1981 decretum
1255 1915 1387 1980 concilii

208 2021 421 2099 Lateranen.,
438 2042 510 2107 oep.
530 2024 561 2100 8,
584 2023 650 2088 hoo
673 2023 736 2100 tit,
762 2042 829 2108 quo
853 2024 1073 2106 corriguntur
1094 2025 1221 2089 vetusti
1236 2041 1385 2090 canones

210 2131 435 2196 extendentes
449 2130 734 2214 impedimentum
749 2131 923 2196 etllnitatis
943 2150 1051 2216 usque
1069 2133 1111 2198 ed
1126 2132 1270 2214 gradmn
1286 2133 1387 2216 septi-

210 2257 306 2302 mum
316 2240 401 2321 (cun.
418 2241 447 2316 1,
459 2242 488 2316 ’1,
502 2241 551 2315 13,
568 2258 680 2306 causae
693 2241 744 2318 35,
758 2260 789 2325 q.
805 2241 846 2322 3).
864 2241 901 2305 ln
913 2240 1005 2306 linea
1018 2247 1134 2308 temen
1147 2247 1239 2306 recta
1252 2241 1388 2306 videtur

209 2345 275 2412 hoc
286 2347 571 2430 impedimentum
582 2349 719 2414 extendi
732 2349 769 2412 in
781 2349 964 2426 inlinitum,
978 2350 1065 2415 siout
1080 2350 1240 2414 statuitur
1250 2352 1328 2432 jure
1342 2349 1386 2412 ci-

209 2455 278 2530 vili,
294 2455 352 2519 lih.
371 2456 579 2535 1v‚§un.‚u‘.
596 2458 637 2522 cle
650 2457 730 2523 Ritu
744 2461 907 2543 nuptiae,
921 2458 979 2523 lih.
993 2457 1044 2536 lv,
1061 2461 1117 2537 §i‚
1135 2459 1171 2522 ff.
1188 2459 1228 2524 dc
1243 2457 1382 2524 Granio.

209 2575 242 2628 et
251 2567 365 2646 affin„
376 2565 455 2631 iicet
464 2566 520 2632 alii
530 2566 612 2631 illud
622 2567 827 2634 concludant
837 2573 957 2652 quarto
970 2568 1079 2650 gradu
1093 2588 1099 2632 :
1115 2568 1176 2632 sed
1189 2568 1230 2632 de
1242 2568 1384 2632 hoouon

210 2677 263 2737 est
277 2675 377 2738 anxie
392 2675 625 2758 querendum,
654 2677 733 2759 quia
751 2676 822 2740 vita
845 2675 997 2741 humana
1020 2675 1108 2741 ultra
1132 2682 1291 2760 quartum
1313 2693 1387 2755 gra-

211 2781 292 2845 dum
305 2797 374 2846 non
390 2782 595 2847 extenditur.
612 2781 791 2860 Gaeterum,
807 2783 982 2849 decretum
995 2784 1050 2848 cit.
1067 2784 1155 2848 Trid.
1168 2783 1333 2867 permittit
1349 2786 1386 2846 ut

210 2890 331 2954 aiiines
355 2909 398 2954 ex
415 2890 537 2974 copula
558 2891 688 2969 illicita,
714 2893 785 2956 sive
808 2893 988 2958 fornicarie
1006 2893 1077 2958 siv'e
1098 2893 1293 2956 incestuosa
1314 2892 1386 2956 sive

209 2996 409 3074 adulterina,
435 3003 495 3064 aut
517 2998 618 3065 simili
644 2999 710 3064 alie
731 3000 853 3076 effecti,
878 3019 948 3066 non
970 3005 1103 3065 tantum
1125 3001 1245 3077 valide,
1272 3000 1333 3065 sed
1353 3004 1387 3064 et

208 3104 298 3172 licite
313 3107 531 3173 matrimonia
550 3109 585 3172 in
612 3109 711 3173 tertio
732 3107 788 3172 vel
812 3114 932 3192 quarto
953 3108 1061 3190 gradu
1087 3109 1287 3174 contrahere
1308 3125 1386 3190 pos-

210 3218 289 3295 sint,
317 3223 354 3280 ut
377 3217 560 3284 declaravit
581 3217 614 3280 S.
636 3217 715 3282 Pius
736 3218 762 3281 V
786 3224 883 3284 motu
904 3218 1041 3302 proprio
1062 3219 1162 3300 incip.
1184 3217 1242 3282 Ad
1263 3217 1385 3282 Roma·
1409 3277 1415 3288 ,

209 3343 303 3401 num,
320 3326 410 3390 1566.
1181 3339 1184 3350 ’

255 3525 296 3576 ili.
312 3526 379 3585 Ques
393 3524 429 3576 sit
442 3497 527 3589 prena
540 3525 773 3580 contrahentium
789 3525 1015 3578 matrimonium
1036 3524 1169 3590 gradihus
1187 3523 1339 3590 prohibitis

564 3604 817 3672 consanguinitatis
831 3604 861 3656 et
877 3603 1044 3686 atssnitotisi

253 3764 352 3848 Resp.
370 3766 399 3829 1.
423 3766 454 3828 10
469 3765 781 3831 Excommunicatio
796 3763 873 3829 latae
888 3765 1065 3830 sententiae
1082 3766 1156 3850 ipso
1172 3766 1260 3830 lacto
1275 3767 1386 3831 incur-

213 3872 336 3948 rendo,
355 3891 458 3956 quam
482 3874 585 3938 etiam
608 3873 786 3937 incurrunt
807 3873 1024 3938 matrimonia
1048 3873 1287 3938 contrahentes
1307 3892 1385 3938 cum

213 3979 435 4059 monialibus,
462 3982 545 4046 item
573 3980 723 4063 religiosi
751 3986 785 4045 et
809 3979 997 4058 moniales‚·
1021 3986 1055 4046 et
1081 3980 1192 4045 clerici
1219 3983 1255 4044 in
1283 3984 1386 4046 sacris

213 4088 389 4152 constituti
401 4089 618 4154 matrimonia
633 4089 873 4154 contrahentes
888 4087 1001 4170 (Glem.
1029 4108 1099 4166 un,
1116 4089 1271 4172 1100111),
1290 4089 1388 4153 dum-

213 4197 316 4261 modo
335 4197 537 4261 contrahant
555 4196 772 4262 matrimonio
796 4196 837 4262 de
859 4197 1019 4280 praesenti
1045 4199 1185 4261 scienter
1210 4201 1244 4261 et
1266 4197 1387 4275 libere;

215 4305 294 4388 quia
307 4305 509 4386 ignorantia,
529 4305 632 4370 modo
652 4324 721 4369 non
741 4307 784 4369 sit
802 4305 969 4381 affectata,
987 4305 1037 4368 uti
1051 4309 1085 4369 et
1098 4305 1227 4370 coactio
1242 4304 1297 4369 vei
1313 4323 1388 4387 gra-

213 4411 266 4476 nis
291 4413 440 4496 iniustus
468 4418 580 4477 metus
611 4419 789 4479 excusaret
811 4414 1051 4478 contrahentes
1075 4414 1117 4477 eh
1145 4413 1209 4478 hac
1231 4431 1386 4479 censura.

213 4523 246 4586 h
258 4521 363 4587 Poena
376 4523 627 4588 confiscationis
636 4524 816 4600 honorum,
832 4523 941 4588 exsilii
956 4523 1256 4602 etverberationis‚
1271 4523 1299 4586 si
1313 4543 1390 4608 per-

216 4647 300 4696 sona
310 4630 439 4697 sitvilis
450 4631 563 4714 (Anti.
577 4633 689 4696 incest.
699 4632 1077 4718 nupt.)‚quamp(nnam
1084 4631 1182 4696 multi
1193 4632 1388 4715 intelligunt

355 4759 398 4803 ιιι.
1150 4741 1170 4805 9
