<?xml version="1.0" encoding="UTF-8"?>
<!DOCTYPE html PUBLIC "-//W3C//DTD XHTML 1.0 Transitional//EN"
    "http://www.w3.org/TR/xhtml1/DTD/xhtml1-transitional.dtd">
<html xmlns="http://www.w3.org/1999/xhtml" xml:lang="en" lang="en">
 <head>
  <title>
</title>
<meta http-equiv="Content-Type" content="text/html;charset=utf-8" />
  <meta name='ocr-system' content='tesseract 3.04.00' />
  <meta name='ocr-capabilities' content='ocr_page ocr_carea ocr_par ocr_line ocrx_word'/>
</head>
<body>
  <div class='ocr_page' id='page_1' title='image "./juscanonicumjux01grangoog/juscanonicumjux01grangoog_0277.png"; bbox 0 0 3482 5560; ppageno 0'>
   <div class='ocr_carea' id='block_1_1' title="bbox 536 585 1369 652">
    <p class='ocr_par' dir='ltr' id='par_1_1' title="bbox 536 585 1369 652">
     <span class='ocr_line' id='line_1_1' title="bbox 536 585 1369 652; baseline 0.01 -10"><span class='ocrx_word' id='word_1_1' title='bbox 536 598 625 644; x_wconf 84' lang='lat' dir='ltr'>maaa</span> <span class='ocrx_word' id='word_1_2' title='bbox 645 599 771 652; x_wconf 73' lang='lat' dir='ltr'>ausurus</span> <span class='ocrx_word' id='word_1_3' title='bbox 792 600 1014 646; x_wconf 69' lang='lat' dir='ltr'>sacerrimus.</span> <span class='ocrx_word' id='word_1_4' title='bbox 1310 585 1369 650; x_wconf 67' lang='lat'>267</span> 
     </span>
    </p>
   </div>
   <div class='ocr_carea' id='block_1_2' title="bbox 196 699 1371 2426">
    <p class='ocr_par' dir='ltr' id='par_1_2' title="bbox 196 699 1370 1017">
     <span class='ocr_line' id='line_1_2' title="bbox 200 699 1369 800; baseline 0.006 -23"><span class='ocrx_word' id='word_1_5' title='bbox 200 713 325 778; x_wconf 87' lang='lat' dir='ltr'>siastici</span> <span class='ocrx_word' id='word_1_6' title='bbox 350 715 390 795; x_wconf 85' lang='lat' dir='ltr'>(c.</span> <span class='ocrx_word' id='word_1_7' title='bbox 410 715 431 778; x_wconf 78' lang='grc' dir='ltr'><strong>ὅ</strong></span> <span class='ocrx_word' id='word_1_8' title='bbox 452 699 530 790; x_wconf 78' lang='lat' dir='ltr'>et&#39;i,</span> <span class='ocrx_word' id='word_1_9' title='bbox 551 715 681 784; x_wconf 78' lang='lat' dir='ltr'>delier.</span> <span class='ocrx_word' id='word_1_10' title='bbox 695 716 871 799; x_wconf 50' lang='lat' dir='ltr'>pennula</span> <span class='ocrx_word' id='word_1_11' title='bbox 898 716 960 780; x_wconf 86' lang='lat' dir='ltr'>sed</span> <span class='ocrx_word' id='word_1_12' title='bbox 975 734 1045 782; x_wconf 88' lang='lat' dir='ltr'>non</span> <span class='ocrx_word' id='word_1_13' title='bbox 1060 722 1113 782; x_wconf 89' lang='lat' dir='ltr'>est</span> <span class='ocrx_word' id='word_1_14' title='bbox 1126 718 1369 800; x_wconf 81' lang='lat' dir='ltr'>simoniejuris</span> 
     </span>
     <span class='ocr_line' id='line_1_3' title="bbox 200 822 1370 915; baseline 0.006 -29"><span class='ocrx_word' id='word_1_15' title='bbox 200 822 375 898; x_wconf 90' lang='lat' dir='ltr'>naturalis,</span> <span class='ocrx_word' id='word_1_16' title='bbox 391 822 849 907; x_wconf 85' lang='lat' dir='ltr'>quiancndaturtempcrale</span> <span class='ocrx_word' id='word_1_17' title='bbox 859 842 921 907; x_wconf 91' lang='lat' dir='ltr'>pro</span> <span class='ocrx_word' id='word_1_18' title='bbox 932 825 1108 909; x_wconf 76' lang='lat' dir='ltr'>spirituali,</span> <span class='ocrx_word' id='word_1_19' title='bbox 1121 826 1181 915; x_wconf 81' lang='lat' dir='ltr'>sed</span> <span class='ocrx_word' id='word_1_20' title='bbox 1197 826 1370 909; x_wconf 74' lang='lat' dir='ltr'>spirituale</span> 
     </span>
     <span class='ocr_line' id='line_1_4' title="bbox 196 932 447 1017; baseline -0.004 -18"><span class='ocrx_word' id='word_1_21' title='bbox 196 951 256 1017; x_wconf 89' lang='lat' dir='ltr'>pro</span> <span class='ocrx_word' id='word_1_22' title='bbox 271 932 447 1017; x_wconf 79' lang='lat' dir='ltr'>spirituali.</span> 
     </span>
    </p>

    <p class='ocr_par' dir='ltr' id='par_1_3' title="bbox 196 1040 1371 1560">
     <span class='ocr_line' id='line_1_5' title="bbox 235 1040 1368 1128; baseline 0.007 -24"><span class='ocrx_word' id='word_1_23' title='bbox 235 1042 268 1104; x_wconf 80' lang='lat'>5⁰</span> <span class='ocrx_word' id='word_1_24' title='bbox 289 1040 440 1106; x_wconf 83' lang='lat' dir='ltr'>Simonis</span> <span class='ocrx_word' id='word_1_25' title='bbox 449 1041 706 1123; x_wconf 68' lang='lat' dir='ltr'>confidentialia</span> <span class='ocrx_word' id='word_1_26' title='bbox 715 1045 816 1126; x_wconf 77' lang='lat' dir='ltr'>Juxta</span> <span class='ocrx_word' id='word_1_27' title='bbox 830 1044 1065 1110; x_wconf 84' lang='lat' dir='ltr'>definitionem</span> <span class='ocrx_word' id='word_1_28' title='bbox 1075 1043 1231 1128; x_wconf 87' lang='lat' dir='ltr'>superius</span> <span class='ocrx_word' id='word_1_29' title='bbox 1243 1045 1368 1122; x_wconf 87' lang='lat' dir='ltr'>datam,</span> 
     </span>
     <span class='ocr_line' id='line_1_6' title="bbox 197 1149 1367 1236; baseline 0.003 -22"><span class='ocrx_word' id='word_1_30' title='bbox 197 1154 251 1214; x_wconf 88' lang='lat' dir='ltr'>est</span> <span class='ocrx_word' id='word_1_31' title='bbox 263 1149 369 1216; x_wconf 82' lang='lat' dir='ltr'>altera</span> <span class='ocrx_word' id='word_1_32' title='bbox 386 1149 516 1234; x_wconf 86' lang='lat' dir='ltr'>species</span> <span class='ocrx_word' id='word_1_33' title='bbox 529 1151 617 1235; x_wconf 87' lang='lat' dir='ltr'>pecti</span> <span class='ocrx_word' id='word_1_34' title='bbox 638 1152 826 1229; x_wconf 89' lang='lat' dir='ltr'>simoniaci,</span> <span class='ocrx_word' id='word_1_35' title='bbox 843 1151 966 1218; x_wconf 89' lang='lat' dir='ltr'>saltem</span> <span class='ocrx_word' id='word_1_36' title='bbox 981 1154 1023 1218; x_wconf 89' lang='lat' dir='ltr'>de</span> <span class='ocrx_word' id='word_1_37' title='bbox 1035 1155 1113 1236; x_wconf 71' lang='lat' dir='ltr'>iure</span> <span class='ocrx_word' id='word_1_38' title='bbox 1130 1153 1367 1220; x_wconf 85' lang='lat' dir='ltr'>ecclesiastico.</span> 
     </span>
     <span class='ocr_line' id='line_1_7' title="bbox 197 1257 1371 1346; baseline 0.004 -24"><span class='ocrx_word' id='word_1_39' title='bbox 197 1257 315 1322; x_wconf 82' lang='lat' dir='ltr'>Tribus</span> <span class='ocrx_word' id='word_1_40' title='bbox 341 1258 558 1342; x_wconf 86' lang='lat' dir='ltr'>potissimum</span> <span class='ocrx_word' id='word_1_41' title='bbox 589 1259 699 1326; x_wconf 91' lang='lat' dir='ltr'>modis</span> <span class='ocrx_word' id='word_1_42' title='bbox 726 1261 905 1343; x_wconf 88' lang='lat' dir='ltr'>contingit,</span> <span class='ocrx_word' id='word_1_43' title='bbox 931 1260 1058 1327; x_wconf 90' lang='lat' dir='ltr'>scilicet</span> <span class='ocrx_word' id='word_1_44' title='bbox 1084 1280 1147 1346; x_wconf 91' lang='lat' dir='ltr'>per</span> <span class='ocrx_word' id='word_1_45' title='bbox 1168 1263 1371 1327; x_wconf 86' lang='lat' dir='ltr'>reservatio·</span> 
     </span>
     <span class='ocr_line' id='line_1_8' title="bbox 197 1368 1370 1456; baseline 0.004 -26"><span class='ocrx_word' id='word_1_46' title='bbox 197 1385 277 1432; x_wconf 90' lang='lat' dir='ltr'>nem</span> <span class='ocrx_word' id='word_1_47' title='bbox 291 1383 459 1444; x_wconf 87' lang='lat' dir='ltr'>accessus,</span> <span class='ocrx_word' id='word_1_48' title='bbox 471 1368 646 1450; x_wconf 90' lang='lat' dir='ltr'>ingressus</span> <span class='ocrx_word' id='word_1_49' title='bbox 660 1373 694 1434; x_wconf 85' lang='lat' dir='ltr'>et</span> <span class='ocrx_word' id='word_1_50' title='bbox 712 1387 901 1452; x_wconf 77' lang='lat' dir='ltr'>regressus,</span> <span class='ocrx_word' id='word_1_51' title='bbox 916 1371 1039 1454; x_wconf 85' lang='lat' dir='ltr'>quibus</span> <span class='ocrx_word' id='word_1_52' title='bbox 1050 1370 1187 1437; x_wconf 82' lang='lat' dir='ltr'>additur</span> <span class='ocrx_word' id='word_1_53' title='bbox 1198 1370 1370 1456; x_wconf 83' lang='lat' dir='ltr'>stipulatio</span> 
     </span>
     <span class='ocr_line' id='line_1_9' title="bbox 196 1475 1267 1560; baseline 0.002 -20"><span class='ocrx_word' id='word_1_54' title='bbox 196 1475 370 1560; x_wconf 84' lang='lat' dir='ltr'>pensionis</span> <span class='ocrx_word' id='word_1_55' title='bbox 384 1477 573 1542; x_wconf 86' lang='lat' dir='ltr'>reservanti</span> <span class='ocrx_word' id='word_1_56' title='bbox 586 1475 642 1542; x_wconf 91' lang='lat' dir='ltr'>vel</span> <span class='ocrx_word' id='word_1_57' title='bbox 656 1475 712 1542; x_wconf 90' lang='lat' dir='ltr'>aiii</span> <span class='ocrx_word' id='word_1_58' title='bbox 729 1477 850 1542; x_wconf 84' lang='lat' dir='ltr'>dandae</span> <span class='ocrx_word' id='word_1_59' title='bbox 865 1478 1088 1544; x_wconf 76' lang='lat' dir='ltr'>anfractibus</span> <span class='ocrx_word' id='word_1_60' title='bbox 1102 1479 1267 1545; x_wconf 80' lang='lat' dir='ltr'>beneficii.</span> 
     </span>
    </p>

    <p class='ocr_par' dir='ltr' id='par_1_4' title="bbox 196 1583 1371 2100">
     <span class='ocr_line' id='line_1_10' title="bbox 236 1583 1371 1668; baseline 0.004 -21"><span class='ocrx_word' id='word_1_61' title='bbox 236 1585 265 1647; x_wconf 88' lang='lat' dir='ltr'>l.</span> <span class='ocrx_word' id='word_1_62' title='bbox 288 1583 445 1648; x_wconf 73' lang='lat' dir='ltr'>decessus</span> <span class='ocrx_word' id='word_1_63' title='bbox 462 1589 668 1662; x_wconf 87' lang='lat' dir='ltr'>reservatur,</span> <span class='ocrx_word' id='word_1_64' title='bbox 694 1584 830 1668; x_wconf 87' lang='lat' dir='ltr'>quando</span> <span class='ocrx_word' id='word_1_65' title='bbox 849 1585 925 1668; x_wconf 90' lang='lat' dir='ltr'>quis</span> <span class='ocrx_word' id='word_1_66' title='bbox 946 1583 1044 1650; x_wconf 88' lang='lat' dir='ltr'>alteri</span> <span class='ocrx_word' id='word_1_67' title='bbox 1063 1591 1224 1668; x_wconf 76' lang='lat' dir='ltr'>procurat</span> <span class='ocrx_word' id='word_1_68' title='bbox 1244 1588 1371 1652; x_wconf 82' lang='lat' dir='ltr'>beneti-</span> 
     </span>
     <span class='ocr_line' id='line_1_11' title="bbox 196 1691 1368 1776; baseline 0.003 -20"><span class='ocrx_word' id='word_1_69' title='bbox 196 1692 287 1757; x_wconf 91' lang='lat' dir='ltr'>cium</span> <span class='ocrx_word' id='word_1_70' title='bbox 302 1692 365 1756; x_wconf 88' lang='lat' dir='ltr'>sub</span> <span class='ocrx_word' id='word_1_71' title='bbox 379 1695 478 1775; x_wconf 90' lang='lat' dir='ltr'>pacto</span> <span class='ocrx_word' id='word_1_72' title='bbox 492 1695 531 1754; x_wconf 88' lang='lat' dir='ltr'>ut</span> <span class='ocrx_word' id='word_1_73' title='bbox 540 1692 690 1769; x_wconf 85' lang='lat' dir='ltr'>istertio,</span> <span class='ocrx_word' id='word_1_74' title='bbox 701 1692 755 1756; x_wconf 90' lang='lat' dir='ltr'>hic</span> <span class='ocrx_word' id='word_1_75' title='bbox 766 1696 801 1757; x_wconf 89' lang='lat' dir='ltr'>et</span> <span class='ocrx_word' id='word_1_76' title='bbox 814 1710 906 1757; x_wconf 87' lang='lat' dir='ltr'>nunc</span> <span class='ocrx_word' id='word_1_77' title='bbox 915 1691 1090 1776; x_wconf 87' lang='lat' dir='ltr'>impedito,</span> <span class='ocrx_word' id='word_1_78' title='bbox 1102 1693 1237 1759; x_wconf 87' lang='lat' dir='ltr'>deiectu</span> <span class='ocrx_word' id='word_1_79' title='bbox 1247 1697 1368 1773; x_wconf 77' lang='lat' dir='ltr'>aetatis,</span> 
     </span>
     <span class='ocr_line' id='line_1_12' title="bbox 197 1799 1368 1885; baseline 0.003 -21"><span class='ocrx_word' id='word_1_80' title='bbox 197 1799 336 1876; x_wconf 86' lang='lat' dir='ltr'>ordinis,</span> <span class='ocrx_word' id='word_1_81' title='bbox 351 1803 427 1874; x_wconf 80' lang='lat' dir='ltr'>ete,</span> <span class='ocrx_word' id='word_1_82' title='bbox 444 1799 535 1866; x_wconf 86' lang='lat' dir='ltr'>istud</span> <span class='ocrx_word' id='word_1_83' title='bbox 545 1801 750 1866; x_wconf 87' lang='lat' dir='ltr'>heneficium</span> <span class='ocrx_word' id='word_1_84' title='bbox 765 1799 937 1884; x_wconf 84' lang='lat' dir='ltr'>relinquat</span> <span class='ocrx_word' id='word_1_85' title='bbox 949 1800 1064 1865; x_wconf 86' lang='lat' dir='ltr'>atatim</span> <span class='ocrx_word' id='word_1_86' title='bbox 1077 1818 1117 1865; x_wconf 87' lang='lat' dir='ltr'>ac</span> <span class='ocrx_word' id='word_1_87' title='bbox 1127 1803 1157 1866; x_wconf 92' lang='lat' dir='ltr'>is</span> <span class='ocrx_word' id='word_1_88' title='bbox 1173 1801 1368 1885; x_wconf 87' lang='lat' dir='ltr'>critcapax;</span> 
     </span>
     <span class='ocr_line' id='line_1_13' title="bbox 196 1904 1371 1992; baseline 0.004 -22"><span class='ocrx_word' id='word_1_89' title='bbox 196 1904 252 1972; x_wconf 88' lang='lat' dir='ltr'>ille</span> <span class='ocrx_word' id='word_1_90' title='bbox 266 1907 386 1970; x_wconf 87' lang='lat' dir='ltr'>tertius</span> <span class='ocrx_word' id='word_1_91' title='bbox 397 1907 501 1972; x_wconf 81' lang='lat' dir='ltr'>hebet</span> <span class='ocrx_word' id='word_1_92' title='bbox 512 1923 697 1986; x_wconf 85' lang='lat' dir='ltr'>accessum,</span> <span class='ocrx_word' id='word_1_93' title='bbox 711 1908 746 1971; x_wconf 91' lang='lat' dir='ltr'>h.</span> <span class='ocrx_word' id='word_1_94' title='bbox 766 1926 795 1972; x_wconf 89' lang='lat' dir='ltr'>e.</span> <span class='ocrx_word' id='word_1_95' title='bbox 813 1909 1161 1992; x_wconf 88' lang='lat' dir='ltr'>propriaauatoritate</span> <span class='ocrx_word' id='word_1_96' title='bbox 1173 1909 1258 1974; x_wconf 90' lang='lat' dir='ltr'>illud</span> <span class='ocrx_word' id='word_1_97' title='bbox 1270 1911 1371 1976; x_wconf 87' lang='lat' dir='ltr'>hene·</span> 
     </span>
     <span class='ocr_line' id='line_1_14' title="bbox 197 2015 722 2100; baseline 0.004 -22"><span class='ocrx_word' id='word_1_98' title='bbox 197 2015 312 2082; x_wconf 87' lang='lat' dir='ltr'>licium</span> <span class='ocrx_word' id='word_1_99' title='bbox 328 2016 583 2100; x_wconf 86' lang='lat' dir='ltr'>apprehendere</span> <span class='ocrx_word' id='word_1_100' title='bbox 598 2022 722 2100; x_wconf 82' lang='lat' dir='ltr'>potest.</span> 
     </span>
    </p>

    <p class='ocr_par' dir='ltr' id='par_1_5' title="bbox 196 2121 1371 2426">
     <span class='ocr_line' id='line_1_15' title="bbox 235 2121 1371 2210; baseline 0.008 -26"><span class='ocrx_word' id='word_1_101' title='bbox 235 2122 265 2185; x_wconf 69' lang='lat' dir='ltr'>i.</span> <span class='ocrx_word' id='word_1_102' title='bbox 288 2121 463 2207; x_wconf 71' lang='lat' dir='ltr'>Ingressus</span> <span class='ocrx_word' id='word_1_103' title='bbox 477 2129 681 2200; x_wconf 89' lang='lat' dir='ltr'>reservatur,</span> <span class='ocrx_word' id='word_1_104' title='bbox 708 2124 843 2209; x_wconf 86' lang='lat' dir='ltr'>quando</span> <span class='ocrx_word' id='word_1_105' title='bbox 865 2126 941 2210; x_wconf 90' lang='lat' dir='ltr'>quis</span> <span class='ocrx_word' id='word_1_106' title='bbox 960 2127 1164 2192; x_wconf 82' lang='lat' dir='ltr'>beneficium</span> <span class='ocrx_word' id='word_1_107' title='bbox 1187 2127 1250 2192; x_wconf 88' lang='lat' dir='ltr'>sibi</span> <span class='ocrx_word' id='word_1_108' title='bbox 1271 2127 1371 2194; x_wconf 92' lang='lat' dir='ltr'>colle-</span> 
     </span>
     <span class='ocr_line' id='line_1_16' title="bbox 196 2234 1370 2318; baseline 0.007 -24"><span class='ocrx_word' id='word_1_109' title='bbox 196 2235 281 2309; x_wconf 91' lang='lat' dir='ltr'>tum,</span> <span class='ocrx_word' id='word_1_110' title='bbox 295 2234 393 2314; x_wconf 87' lang='lat' dir='ltr'>cujus</span> <span class='ocrx_word' id='word_1_111' title='bbox 409 2237 524 2298; x_wconf 89' lang='lat' dir='ltr'>tamen</span> <span class='ocrx_word' id='word_1_112' title='bbox 540 2234 795 2316; x_wconf 88' lang='lat' dir='ltr'>possessionem</span> <span class='ocrx_word' id='word_1_113' title='bbox 815 2253 991 2318; x_wconf 85' lang='lat' dir='ltr'>nunquam</span> <span class='ocrx_word' id='word_1_114' title='bbox 1006 2235 1099 2310; x_wconf 86' lang='lat' dir='ltr'>adiit,</span> <span class='ocrx_word' id='word_1_115' title='bbox 1116 2234 1213 2300; x_wconf 88' lang='lat' dir='ltr'>alteri</span> <span class='ocrx_word' id='word_1_116' title='bbox 1225 2237 1315 2301; x_wconf 86' lang='lat' dir='ltr'>cedit</span> <span class='ocrx_word' id='word_1_117' title='bbox 1329 2253 1370 2302; x_wconf 88' lang='lat' dir='ltr'>ao</span> 
     </span>
     <span class='ocr_line' id='line_1_17' title="bbox 197 2341 1368 2426; baseline 0.001 -18"><span class='ocrx_word' id='word_1_118' title='bbox 197 2344 296 2424; x_wconf 85' lang='lat' dir='ltr'>pecto</span> <span class='ocrx_word' id='word_1_119' title='bbox 309 2345 348 2404; x_wconf 90' lang='lat' dir='ltr'>ut</span> <span class='ocrx_word' id='word_1_120' title='bbox 361 2341 501 2418; x_wconf 88' lang='lat' dir='ltr'>cedens,</span> <span class='ocrx_word' id='word_1_121' title='bbox 519 2341 547 2404; x_wconf 90' lang='lat' dir='ltr'>si</span> <span class='ocrx_word' id='word_1_122' title='bbox 563 2360 624 2426; x_wconf 88' lang='lat' dir='ltr'>per</span> <span class='ocrx_word' id='word_1_123' title='bbox 637 2345 784 2406; x_wconf 84' lang='lat' dir='ltr'>mortem</span> <span class='ocrx_word' id='word_1_124' title='bbox 802 2341 999 2406; x_wconf 87' lang='lat' dir='ltr'>cessionarii</span> <span class='ocrx_word' id='word_1_125' title='bbox 1021 2341 1077 2406; x_wconf 88' lang='lat' dir='ltr'>vel</span> <span class='ocrx_word' id='word_1_126' title='bbox 1095 2341 1161 2408; x_wconf 89' lang='lat' dir='ltr'>alio</span> <span class='ocrx_word' id='word_1_127' title='bbox 1184 2343 1288 2410; x_wconf 91' lang='lat' dir='ltr'>modo</span> <span class='ocrx_word' id='word_1_128' title='bbox 1309 2363 1368 2409; x_wconf 90' lang='lat' dir='ltr'>va·</span> 
     </span>
    </p>
   </div>
   <div class='ocr_carea' id='block_1_3' title="bbox 196 2447 1469 2538">
    <p class='ocr_par' dir='ltr' id='par_1_6' title="bbox 196 2447 1469 2538">
     <span class='ocr_line' id='line_1_18' title="bbox 196 2447 1469 2538; baseline 0.002 -23"><span class='ocrx_word' id='word_1_129' title='bbox 196 2467 273 2516; x_wconf 87' lang='lat' dir='ltr'>care</span> <span class='ocrx_word' id='word_1_130' title='bbox 286 2449 467 2530; x_wconf 86' lang='lat' dir='ltr'>contigerit</span> <span class='ocrx_word' id='word_1_131' title='bbox 488 2449 780 2526; x_wconf 87' lang='lat' dir='ltr'>hocbcncsscium,</span> <span class='ocrx_word' id='word_1_132' title='bbox 802 2447 886 2514; x_wconf 90' lang='lat' dir='ltr'>illud</span> <span class='ocrx_word' id='word_1_133' title='bbox 905 2449 1039 2531; x_wconf 79' lang='lat' dir='ltr'>ingredi</span> <span class='ocrx_word' id='word_1_134' title='bbox 1060 2455 1095 2514; x_wconf 90' lang='lat' dir='ltr'>et</span> <span class='ocrx_word' id='word_1_135' title='bbox 1116 2452 1371 2536; x_wconf 77' lang='lat' dir='ltr'>possessionem</span> <span class='ocrx_word' id='word_1_136' title='bbox 1467 2535 1469 2538; x_wconf 77' lang='lat'>.</span> 
     </span>
    </p>
   </div>
   <div class='ocr_carea' id='block_1_4' title="bbox 194 2555 1370 3944">
    <p class='ocr_par' dir='ltr' id='par_1_7' title="bbox 194 2555 1370 3074">
     <span class='ocr_line' id='line_1_19' title="bbox 195 2555 452 2641; baseline -0.004 -19"><span class='ocrx_word' id='word_1_137' title='bbox 195 2555 452 2641; x_wconf 84' lang='lat' dir='ltr'>caperevalaat.</span> 
     </span>
     <span class='ocr_line' id='line_1_20' title="bbox 194 2665 1370 2752; baseline 0.003 -23"><span class='ocrx_word' id='word_1_138' title='bbox 194 2679 197 2688; x_wconf 82' lang='grc'><strong>’</strong></span> <span class='ocrx_word' id='word_1_139' title='bbox 234 2665 263 2729; x_wconf 87' lang='grc'>3.</span> <span class='ocrx_word' id='word_1_140' title='bbox 289 2665 468 2749; x_wconf 73' lang='lat' dir='ltr'>Regressus</span> <span class='ocrx_word' id='word_1_141' title='bbox 492 2669 698 2741; x_wconf 86' lang='lat' dir='ltr'>reservatur,</span> <span class='ocrx_word' id='word_1_142' title='bbox 724 2665 860 2750; x_wconf 86' lang='lat' dir='ltr'>quando</span> <span class='ocrx_word' id='word_1_143' title='bbox 881 2666 956 2749; x_wconf 87' lang='lat' dir='ltr'>quis</span> <span class='ocrx_word' id='word_1_144' title='bbox 981 2666 1186 2732; x_wconf 79' lang='lat' dir='ltr'>beneficium</span> <span class='ocrx_word' id='word_1_145' title='bbox 1205 2686 1226 2732; x_wconf 91' lang='lat' dir='ltr'>e</span> <span class='ocrx_word' id='word_1_146' title='bbox 1245 2685 1281 2732; x_wconf 90' lang='lat' dir='ltr'>se</span> <span class='ocrx_word' id='word_1_147' title='bbox 1297 2669 1370 2752; x_wconf 89' lang='lat' dir='ltr'>jem</span> 
     </span>
     <span class='ocr_line' id='line_1_21' title="bbox 198 2762 1369 2859; baseline 0.003 -20"><span class='ocrx_word' id='word_1_148' title='bbox 198 2762 395 2856; x_wconf 78' lang='lat' dir='ltr'>possessum</span> <span class='ocrx_word' id='word_1_149' title='bbox 409 2773 498 2838; x_wconf 90' lang='lat' dir='ltr'>cedit</span> <span class='ocrx_word' id='word_1_150' title='bbox 512 2773 567 2839; x_wconf 85' lang='lat' dir='ltr'>vel</span> <span class='ocrx_word' id='word_1_151' title='bbox 579 2775 732 2856; x_wconf 86' lang='lat' dir='ltr'>resignat</span> <span class='ocrx_word' id='word_1_152' title='bbox 740 2773 848 2850; x_wconf 88' lang='lat' dir='ltr'>altari,</span> <span class='ocrx_word' id='word_1_153' title='bbox 864 2792 905 2840; x_wconf 88' lang='lat' dir='ltr'>co</span> <span class='ocrx_word' id='word_1_154' title='bbox 915 2779 1014 2859; x_wconf 91' lang='lat' dir='ltr'>pacto</span> <span class='ocrx_word' id='word_1_155' title='bbox 1028 2780 1067 2839; x_wconf 92' lang='lat' dir='ltr'>ut</span> <span class='ocrx_word' id='word_1_156' title='bbox 1079 2776 1108 2839; x_wconf 88' lang='lat' dir='ltr'>si</span> <span class='ocrx_word' id='word_1_157' title='bbox 1125 2775 1369 2857; x_wconf 88' lang='lat' dir='ltr'>resignaterius</span> 
     </span>
     <span class='ocr_line' id='line_1_22' title="bbox 198 2882 1370 2967; baseline 0.004 -22"><span class='ocrx_word' id='word_1_158' title='bbox 198 2885 425 2965; x_wconf 75' lang='lat' dir='ltr'>premortuus</span> <span class='ocrx_word' id='word_1_159' title='bbox 451 2883 563 2958; x_wconf 82' lang='lat' dir='ltr'>luerit,</span> <span class='ocrx_word' id='word_1_160' title='bbox 583 2882 640 2948; x_wconf 87' lang='lat' dir='ltr'>val</span> <span class='ocrx_word' id='word_1_161' title='bbox 659 2882 759 2948; x_wconf 90' lang='lat' dir='ltr'>aliter</span> <span class='ocrx_word' id='word_1_162' title='bbox 780 2883 986 2948; x_wconf 87' lang='lat' dir='ltr'>beneficium</span> <span class='ocrx_word' id='word_1_163' title='bbox 1001 2883 1178 2961; x_wconf 89' lang='lat' dir='ltr'>dimiserit,</span> <span class='ocrx_word' id='word_1_164' title='bbox 1198 2885 1270 2967; x_wconf 88' lang='lat' dir='ltr'>ipse</span> <span class='ocrx_word' id='word_1_165' title='bbox 1290 2885 1370 2951; x_wconf 87' lang='lat' dir='ltr'>resi·</span> 
     </span>
     <span class='ocr_line' id='line_1_23' title="bbox 199 2989 834 3074; baseline -0.002 -19"><span class='ocrx_word' id='word_1_166' title='bbox 199 3007 309 3072; x_wconf 90' lang='lat' dir='ltr'>guans</span> <span class='ocrx_word' id='word_1_167' title='bbox 321 2989 414 3054; x_wconf 90' lang='lat' dir='ltr'>idem</span> <span class='ocrx_word' id='word_1_168' title='bbox 428 2989 633 3056; x_wconf 84' lang='lat' dir='ltr'>beneficium</span> <span class='ocrx_word' id='word_1_169' title='bbox 647 2995 834 3074; x_wconf 85' lang='lat' dir='ltr'>recuperat.</span> 
     </span>
    </p>

    <p class='ocr_par' dir='ltr' id='par_1_8' title="bbox 194 3098 1370 3837">
     <span class='ocr_line' id='line_1_24' title="bbox 235 3098 1370 3186; baseline 0.004 -23"><span class='ocrx_word' id='word_1_170' title='bbox 235 3099 267 3163; x_wconf 84' lang='lat'>6⁰</span> <span class='ocrx_word' id='word_1_171' title='bbox 289 3098 441 3164; x_wconf 84' lang='lat' dir='ltr'>&#39;landem</span> <span class='ocrx_word' id='word_1_172' title='bbox 453 3099 635 3164; x_wconf 89' lang='lat' dir='ltr'>conventio</span> <span class='ocrx_word' id='word_1_173' title='bbox 649 3099 758 3182; x_wconf 84' lang='lat' dir='ltr'>pretio</span> <span class='ocrx_word' id='word_1_174' title='bbox 772 3099 861 3164; x_wconf 87' lang='lat' dir='ltr'>iacta</span> <span class='ocrx_word' id='word_1_175' title='bbox 871 3104 909 3163; x_wconf 89' lang='lat' dir='ltr'>ut</span> <span class='ocrx_word' id='word_1_176' title='bbox 928 3099 1015 3164; x_wconf 87' lang='lat' dir='ltr'>alter</span> <span class='ocrx_word' id='word_1_177' title='bbox 1035 3101 1171 3166; x_wconf 86' lang='lat' dir='ltr'>omittat</span> <span class='ocrx_word' id='word_1_178' title='bbox 1184 3105 1297 3167; x_wconf 89' lang='lat' dir='ltr'>actum</span> <span class='ocrx_word' id='word_1_179' title='bbox 1312 3121 1370 3186; x_wconf 93' lang='lat' dir='ltr'>po-</span> 
     </span>
     <span class='ocr_line' id='line_1_25' title="bbox 196 3206 1369 3291; baseline 0.001 -19"><span class='ocrx_word' id='word_1_180' title='bbox 196 3207 327 3273; x_wconf 83' lang='lat' dir='ltr'>testatis</span> <span class='ocrx_word' id='word_1_181' title='bbox 338 3206 532 3291; x_wconf 88' lang='lat' dir='ltr'>spiritualis,</span> <span class='ocrx_word' id='word_1_182' title='bbox 549 3211 602 3272; x_wconf 86' lang='lat' dir='ltr'>est</span> <span class='ocrx_word' id='word_1_183' title='bbox 615 3208 771 3284; x_wconf 89' lang='lat' dir='ltr'>simonia,</span> <span class='ocrx_word' id='word_1_184' title='bbox 782 3208 965 3273; x_wconf 88' lang='lat' dir='ltr'>atomissio</span> <span class='ocrx_word' id='word_1_185' title='bbox 977 3208 1251 3275; x_wconf 81' lang='lat' dir='ltr'>tulissimouiaca</span> <span class='ocrx_word' id='word_1_186' title='bbox 1270 3215 1328 3274; x_wconf 86' lang='lat' dir='ltr'>:ut</span> <span class='ocrx_word' id='word_1_187' title='bbox 1341 3211 1369 3274; x_wconf 88' lang='lat' dir='ltr'>si</span> 
     </span>
     <span class='ocr_line' id='line_1_26' title="bbox 197 3313 1369 3399; baseline 0.002 -21"><span class='ocrx_word' id='word_1_188' title='bbox 197 3315 607 3399; x_wconf 82' lang='lat' dir='ltr'>quiapecuniacorruptus</span> <span class='ocrx_word' id='word_1_189' title='bbox 616 3315 788 3380; x_wconf 87' lang='lat' dir='ltr'>omitteret</span> <span class='ocrx_word' id='word_1_190' title='bbox 794 3313 1066 3398; x_wconf 85' lang='lat' dir='ltr'>jurisdictionem</span> <span class='ocrx_word' id='word_1_191' title='bbox 1074 3316 1369 3399; x_wconf 88' lang='lat' dir='ltr'>spiritualemcon-</span> 
     </span>
     <span class='ocr_line' id='line_1_27' title="bbox 195 3422 1369 3506; baseline 0.003 -19"><span class='ocrx_word' id='word_1_192' title='bbox 195 3423 326 3501; x_wconf 86' lang='lat' dir='ltr'>aedera,</span> <span class='ocrx_word' id='word_1_193' title='bbox 338 3422 394 3488; x_wconf 86' lang='lat' dir='ltr'>vel</span> <span class='ocrx_word' id='word_1_194' title='bbox 405 3423 613 3506; x_wconf 87' lang='lat' dir='ltr'>dispensare,</span> <span class='ocrx_word' id='word_1_195' title='bbox 624 3422 761 3505; x_wconf 83' lang='lat' dir='ltr'>eligere,</span> <span class='ocrx_word' id='word_1_196' title='bbox 783 3429 845 3488; x_wconf 87' lang='lat' dir='ltr'>etc.</span> <span class='ocrx_word' id='word_1_197' title='bbox 859 3423 997 3489; x_wconf 83' lang='lat' dir='ltr'>Constat</span> <span class='ocrx_word' id='word_1_198' title='bbox 1008 3442 1051 3488; x_wconf 84' lang='lat' dir='ltr'>ex</span> <span class='ocrx_word' id='word_1_199' title='bbox 1063 3443 1092 3489; x_wconf 89' lang='lat' dir='ltr'>e.</span> <span class='ocrx_word' id='word_1_200' title='bbox 1108 3425 1190 3491; x_wconf 69' lang='lat' dir='ltr'>ish.</span> <span class='ocrx_word' id='word_1_201' title='bbox 1202 3426 1252 3490; x_wconf 89' lang='lat' dir='ltr'>tit.</span> <span class='ocrx_word' id='word_1_202' title='bbox 1274 3426 1307 3489; x_wconf 86' lang='lat' dir='ltr'>si</span> <span class='ocrx_word' id='word_1_203' title='bbox 1322 3431 1369 3491; x_wconf 89' lang='lat' dir='ltr'>ta·</span> 
     </span>
     <span class='ocr_line' id='line_1_28' title="bbox 194 3529 1369 3618; baseline 0.003 -24"><span class='ocrx_word' id='word_1_204' title='bbox 194 3548 275 3595; x_wconf 89' lang='lat' dir='ltr'>men</span> <span class='ocrx_word' id='word_1_205' title='bbox 283 3534 378 3596; x_wconf 85' lang='lat' dir='ltr'>actus</span> <span class='ocrx_word' id='word_1_206' title='bbox 386 3529 569 3615; x_wconf 89' lang='lat' dir='ltr'>spiritualis</span> <span class='ocrx_word' id='word_1_207' title='bbox 579 3530 637 3614; x_wconf 89' lang='lat' dir='ltr'>qui</span> <span class='ocrx_word' id='word_1_208' title='bbox 648 3531 825 3607; x_wconf 88' lang='lat' dir='ltr'>omittitur,</span> <span class='ocrx_word' id='word_1_209' title='bbox 835 3531 1044 3615; x_wconf 89' lang='lat' dir='ltr'>dependeret</span> <span class='ocrx_word' id='word_1_210' title='bbox 1053 3533 1247 3612; x_wconf 88' lang='lat' dir='ltr'>alibertate,</span> <span class='ocrx_word' id='word_1_211' title='bbox 1260 3535 1369 3618; x_wconf 89' lang='lat' dir='ltr'>qualis</span> 
     </span>
     <span class='ocr_line' id='line_1_29' title="bbox 195 3638 1368 3726; baseline 0.005 -23"><span class='ocrx_word' id='word_1_212' title='bbox 195 3643 287 3704; x_wconf 86' lang='lat' dir='ltr'>esset</span> <span class='ocrx_word' id='word_1_213' title='bbox 302 3639 440 3706; x_wconf 87' lang='lat' dir='ltr'>omissio</span> <span class='ocrx_word' id='word_1_214' title='bbox 450 3639 580 3717; x_wconf 87' lang='lat' dir='ltr'>orandi,</span> <span class='ocrx_word' id='word_1_215' title='bbox 598 3640 802 3718; x_wconf 85' lang='lat' dir='ltr'>celebrandi,</span> <span class='ocrx_word' id='word_1_216' title='bbox 817 3638 939 3705; x_wconf 86' lang='lat' dir='ltr'>saltem</span> <span class='ocrx_word' id='word_1_217' title='bbox 952 3641 989 3705; x_wconf 92' lang='lat' dir='ltr'>in</span> <span class='ocrx_word' id='word_1_218' title='bbox 1005 3641 1047 3706; x_wconf 89' lang='lat' dir='ltr'>iis</span> <span class='ocrx_word' id='word_1_219' title='bbox 1060 3644 1118 3726; x_wconf 89' lang='lat' dir='ltr'>qui</span> <span class='ocrx_word' id='word_1_220' title='bbox 1136 3643 1179 3708; x_wconf 90' lang='lat' dir='ltr'>ed</span> <span class='ocrx_word' id='word_1_221' title='bbox 1192 3644 1256 3709; x_wconf 90' lang='lat' dir='ltr'>hos</span> <span class='ocrx_word' id='word_1_222' title='bbox 1273 3647 1368 3720; x_wconf 89' lang='lat' dir='ltr'>actus</span> 
     </span>
     <span class='ocr_line' id='line_1_30' title="bbox 194 3749 1365 3837; baseline 0.006 -26"><span class='ocrx_word' id='word_1_223' title='bbox 194 3765 264 3812; x_wconf 92' lang='lat' dir='ltr'>non</span> <span class='ocrx_word' id='word_1_224' title='bbox 278 3752 476 3814; x_wconf 86' lang='lat' dir='ltr'>tenerentur</span> <span class='ocrx_word' id='word_1_225' title='bbox 490 3767 533 3814; x_wconf 88' lang='lat' dir='ltr'>cx</span> <span class='ocrx_word' id='word_1_226' title='bbox 545 3749 688 3832; x_wconf 78' lang='lat' dir='ltr'>iustitia,</span> <span class='ocrx_word' id='word_1_227' title='bbox 710 3749 803 3816; x_wconf 91' lang='lat' dir='ltr'>nulla</span> <span class='ocrx_word' id='word_1_228' title='bbox 820 3755 912 3815; x_wconf 86' lang='lat' dir='ltr'>esset</span> <span class='ocrx_word' id='word_1_229' title='bbox 929 3749 1075 3816; x_wconf 88' lang='lat' dir='ltr'>simonia</span> <span class='ocrx_word' id='word_1_230' title='bbox 1091 3751 1135 3834; x_wconf 82' lang='lat' dir='ltr'>(S.</span> <span class='ocrx_word' id='word_1_231' title='bbox 1150 3751 1233 3835; x_wconf 74' lang='lat' dir='ltr'>Lig,</span> <span class='ocrx_word' id='word_1_232' title='bbox 1252 3772 1285 3816; x_wconf 91' lang='lat' dir='ltr'>n.</span> <span class='ocrx_word' id='word_1_233' title='bbox 1302 3754 1365 3837; x_wconf 77' lang='lat'>97).</span> 
     </span>
    </p>

    <p class='ocr_par' dir='ltr' id='par_1_9' title="bbox 235 3855 1365 3944">
     <span class='ocr_line' id='line_1_31' title="bbox 235 3855 1365 3944; baseline 0.004 -24"><span class='ocrx_word' id='word_1_234' title='bbox 235 3855 362 3921; x_wconf 81' lang='lat' dir='ltr'>Caetera</span> <span class='ocrx_word' id='word_1_235' title='bbox 377 3855 492 3922; x_wconf 91' lang='lat' dir='ltr'>omnia</span> <span class='ocrx_word' id='word_1_236' title='bbox 505 3861 604 3941; x_wconf 92' lang='lat' dir='ltr'>pacta</span> <span class='ocrx_word' id='word_1_237' title='bbox 619 3857 804 3924; x_wconf 89' lang='lat' dir='ltr'>simoniaca</span> <span class='ocrx_word' id='word_1_238' title='bbox 814 3857 856 3922; x_wconf 90' lang='lat' dir='ltr'>ad</span> <span class='ocrx_word' id='word_1_239' title='bbox 871 3859 944 3922; x_wconf 76' lang='lat' dir='ltr'>hmo</span> <span class='ocrx_word' id='word_1_240' title='bbox 962 3876 1023 3923; x_wconf 79' lang='lat' dir='ltr'>scr</span> <span class='ocrx_word' id='word_1_241' title='bbox 1038 3860 1191 3926; x_wconf 86' lang='lat' dir='ltr'>revocari</span> <span class='ocrx_word' id='word_1_242' title='bbox 1211 3866 1365 3944; x_wconf 90' lang='lat' dir='ltr'>possunt.</span> 
     </span>
    </p>
   </div>
   <div class='ocr_carea' id='block_1_5' title="bbox 327 4041 1237 4110">
    <p class='ocr_par' dir='ltr' id='par_1_10' title="bbox 327 4041 1237 4110">
     <span class='ocr_line' id='line_1_32' title="bbox 327 4041 1237 4110; baseline 0.002 -16"><span class='ocrx_word' id='word_1_243' title='bbox 327 4043 359 4095; x_wconf 87' lang='lat'>11.</span> <span class='ocrx_word' id='word_1_244' title='bbox 375 4041 458 4095; x_wconf 82' lang='lat' dir='ltr'>Pacta</span> <span class='ocrx_word' id='word_1_245' title='bbox 469 4042 588 4108; x_wconf 81' lang='lat' dir='ltr'>analoga</span> <span class='ocrx_word' id='word_1_246' title='bbox 601 4043 725 4107; x_wconf 83' lang='lat' dir='ltr'>pactioni</span> <span class='ocrx_word' id='word_1_247' title='bbox 740 4043 913 4110; x_wconf 79' lang='lat' dir='ltr'>simoniaco,</span> <span class='ocrx_word' id='word_1_248' title='bbox 931 4045 981 4098; x_wconf 86' lang='lat' dir='ltr'>sed</span> <span class='ocrx_word' id='word_1_249' title='bbox 997 4056 1055 4099; x_wconf 90' lang='lat' dir='ltr'>uon</span> <span class='ocrx_word' id='word_1_250' title='bbox 1071 4045 1237 4099; x_wconf 87' lang='lat' dir='ltr'>simoniaca.</span> 
     </span>
    </p>
   </div>
   <div class='ocr_carea' id='block_1_6' title="bbox 194 4187 1369 4820">
    <p class='ocr_par' dir='ltr' id='par_1_11' title="bbox 194 4187 1369 4687">
     <span class='ocr_line' id='line_1_33' title="bbox 234 4187 1366 4274; baseline 0.004 -23"><span class='ocrx_word' id='word_1_251' title='bbox 234 4189 284 4254; x_wconf 83' lang='lat' dir='ltr'>Ad</span> <span class='ocrx_word' id='word_1_252' title='bbox 310 4187 557 4253; x_wconf 86' lang='lat' dir='ltr'>distinctiorem</span> <span class='ocrx_word' id='word_1_253' title='bbox 581 4188 841 4272; x_wconf 78' lang='lat' dir='ltr'>explicationem</span> <span class='ocrx_word' id='word_1_254' title='bbox 863 4191 1063 4274; x_wconf 88' lang='lat' dir='ltr'>pactionum</span> <span class='ocrx_word' id='word_1_255' title='bbox 1092 4192 1366 4269; x_wconf 86' lang='lat' dir='ltr'>simoniacarum,</span> 
     </span>
     <span class='ocr_line' id='line_1_34' title="bbox 195 4295 1369 4383; baseline 0 -19"><span class='ocrx_word' id='word_1_256' title='bbox 195 4301 329 4380; x_wconf 86' lang='lat' dir='ltr'>oportet</span> <span class='ocrx_word' id='word_1_257' title='bbox 351 4295 567 4362; x_wconf 87' lang='lat' dir='ltr'>considerare</span> <span class='ocrx_word' id='word_1_258' title='bbox 586 4300 684 4380; x_wconf 82' lang='lat' dir='ltr'>pacta</span> <span class='ocrx_word' id='word_1_259' title='bbox 705 4296 762 4362; x_wconf 88' lang='lat' dir='ltr'>vel</span> <span class='ocrx_word' id='word_1_260' title='bbox 782 4301 878 4363; x_wconf 90' lang='lat' dir='ltr'>actus</span> <span class='ocrx_word' id='word_1_261' title='bbox 902 4299 971 4383; x_wconf 81' lang='lat' dir='ltr'>qrri,</span> <span class='ocrx_word' id='word_1_262' title='bbox 994 4299 1074 4364; x_wconf 85' lang='lat' dir='ltr'>licet</span> <span class='ocrx_word' id='word_1_263' title='bbox 1092 4299 1285 4382; x_wconf 87' lang='lat' dir='ltr'>analogiam</span> <span class='ocrx_word' id='word_1_264' title='bbox 1310 4301 1369 4364; x_wconf 87' lang='lat' dir='ltr'>he-</span> 
     </span>
     <span class='ocr_line' id='line_1_35' title="bbox 194 4406 1366 4485; baseline 0.003 -15"><span class='ocrx_word' id='word_1_265' title='bbox 194 4407 298 4471; x_wconf 88' lang='lat' dir='ltr'>beant</span> <span class='ocrx_word' id='word_1_266' title='bbox 310 4423 388 4471; x_wconf 90' lang='lat' dir='ltr'>cum</span> <span class='ocrx_word' id='word_1_267' title='bbox 396 4407 525 4473; x_wconf 87' lang='lat' dir='ltr'>actibus</span> <span class='ocrx_word' id='word_1_268' title='bbox 536 4406 740 4485; x_wconf 80' lang='lat' dir='ltr'>simoniacis,</span> <span class='ocrx_word' id='word_1_269' title='bbox 752 4412 833 4471; x_wconf 87' lang='lat' dir='ltr'>aunt</span> <span class='ocrx_word' id='word_1_270' title='bbox 844 4411 960 4473; x_wconf 87' lang='lat' dir='ltr'>tamen</span> <span class='ocrx_word' id='word_1_271' title='bbox 969 4408 1066 4474; x_wconf 88' lang='lat' dir='ltr'>liberi</span> <span class='ocrx_word' id='word_1_272' title='bbox 1076 4427 1096 4473; x_wconf 92' lang='lat' dir='ltr'>a</span> <span class='ocrx_word' id='word_1_273' title='bbox 1107 4408 1182 4473; x_wconf 88' lang='lat' dir='ltr'>labe</span> <span class='ocrx_word' id='word_1_274' title='bbox 1197 4409 1366 4485; x_wconf 78' lang='lat' dir='ltr'>simoniae3</span> 
     </span>
     <span class='ocr_line' id='line_1_36' title="bbox 195 4515 1367 4598; baseline 0.002 -18"><span class='ocrx_word' id='word_1_275' title='bbox 195 4529 299 4598; x_wconf 80' lang='lat' dir='ltr'>quare</span> <span class='ocrx_word' id='word_1_276' title='bbox 314 4519 465 4598; x_wconf 88' lang='lat' dir='ltr'>spectato</span> <span class='ocrx_word' id='word_1_277' title='bbox 483 4519 584 4580; x_wconf 88' lang='lat' dir='ltr'>autea</span> <span class='ocrx_word' id='word_1_278' title='bbox 599 4516 743 4597; x_wconf 88' lang='lat' dir='ltr'>positive</span> <span class='ocrx_word' id='word_1_279' title='bbox 763 4519 862 4598; x_wconf 90' lang='lat' dir='ltr'>pacto</span> <span class='ocrx_word' id='word_1_280' title='bbox 882 4515 1079 4591; x_wconf 88' lang='lat' dir='ltr'>simoniaco,</span> <span class='ocrx_word' id='word_1_281' title='bbox 1100 4532 1192 4582; x_wconf 89' lang='lat' dir='ltr'>nuuc</span> <span class='ocrx_word' id='word_1_282' title='bbox 1208 4516 1367 4598; x_wconf 88' lang='lat' dir='ltr'>negative</span> 
     </span>
     <span class='ocr_line' id='line_1_37' title="bbox 196 4621 439 4687; baseline -0.008 -1"><span class='ocrx_word' id='word_1_283' title='bbox 196 4621 439 4687; x_wconf 87' lang='lat' dir='ltr'>consideratur.</span> 
     </span>
    </p>

    <p class='ocr_par' dir='ltr' id='par_1_12' title="bbox 233 4728 1368 4820">
     <span class='ocr_line' id='line_1_38' title="bbox 233 4728 1368 4820; baseline 0.001 -26"><span class='ocrx_word' id='word_1_284' title='bbox 233 4729 264 4816; x_wconf 82' lang='lat' dir='ltr'>a)</span> <span class='ocrx_word' id='word_1_285' title='bbox 287 4728 430 4800; x_wconf 77' lang='lat' dir='ltr'>Pactum</span> <span class='ocrx_word' id='word_1_286' title='bbox 445 4731 536 4820; x_wconf 89' lang='lat' dir='ltr'>quod</span> <span class='ocrx_word' id='word_1_287' title='bbox 549 4729 786 4799; x_wconf 83' lang='lat' dir='ltr'>iacitclericus</span> <span class='ocrx_word' id='word_1_288' title='bbox 802 4735 881 4798; x_wconf 86' lang='lat' dir='ltr'>ante</span> <span class='ocrx_word' id='word_1_289' title='bbox 894 4729 1145 4819; x_wconf 84' lang='lat' dir='ltr'>susceptionem</span> <span class='ocrx_word' id='word_1_290' title='bbox 1160 4732 1246 4799; x_wconf 88' lang='lat' dir='ltr'>sacri</span> <span class='ocrx_word' id='word_1_291' title='bbox 1254 4731 1368 4797; x_wconf 87' lang='lat' dir='ltr'>minis-</span> 
     </span>
    </p>
   </div>
   <div class='ocr_carea' id='block_1_7' title="bbox 0 0 1746 5560">
    <p class='ocr_par' dir='ltr' id='par_1_13' title="bbox 0 0 1746 5560">
     <span class='ocr_line' id='line_1_39' title="bbox 0 0 1746 5560; baseline 0 0"><span class='ocrx_word' id='word_1_292' title='bbox 0 0 1746 5560; x_wconf 95' lang='lat' dir='ltr'> </span> 
     </span>
    </p>
   </div>
  </div>
 </body>
</html>
