<?xml version="1.0" encoding="UTF-8"?>
<!DOCTYPE html PUBLIC "-//W3C//DTD XHTML 1.0 Transitional//EN"
    "http://www.w3.org/TR/xhtml1/DTD/xhtml1-transitional.dtd">
<html xmlns="http://www.w3.org/1999/xhtml" xml:lang="en" lang="en">
 <head>
  <title>
</title>
<meta http-equiv="Content-Type" content="text/html;charset=utf-8" />
  <meta name='ocr-system' content='tesseract 3.04.00' />
  <meta name='ocr-capabilities' content='ocr_page ocr_carea ocr_par ocr_line ocrx_word'/>
</head>
<body>
  <div class='ocr_page' id='page_1' title='image "./juscanonicumjux01grangoog/juscanonicumjux01grangoog_0105.png"; bbox 0 0 3514 5564; ppageno 0'>
   <div class='ocr_carea' id='block_1_1' title="bbox 557 529 1394 608">
    <p class='ocr_par' dir='ltr' id='par_1_1' title="bbox 557 529 1394 608">
     <span class='ocr_line' id='line_1_1' title="bbox 557 529 1394 608; baseline -0.016 -7"><span class='ocrx_word' id='word_1_1' title='bbox 557 547 644 601; x_wconf 80' lang='lat' dir='ltr'>araba</span> <span class='ocrx_word' id='word_1_2' title='bbox 666 547 802 608; x_wconf 74' lang='lat' dir='ltr'>suenrus</span> <span class='ocrx_word' id='word_1_3' title='bbox 823 543 1043 598; x_wconf 79' lang='lat' dir='ltr'>oscnnrnalmr.</span> <span class='ocrx_word' id='word_1_4' title='bbox 1355 529 1394 596; x_wconf 74' lang='lat'>95</span> 
     </span>
    </p>
   </div>
   <div class='ocr_carea' id='block_1_2' title="bbox 212 665 1447 3878">
    <p class='ocr_par' dir='ltr' id='par_1_2' title="bbox 212 665 1447 3878">
     <span class='ocr_line' id='line_1_2' title="bbox 216 665 1395 746; baseline -0.005 -16"><span class='ocrx_word' id='word_1_5' title='bbox 216 669 328 744; x_wconf 84' lang='lat' dir='ltr'>pletur3</span> <span class='ocrx_word' id='word_1_6' title='bbox 344 677 374 728; x_wconf 91' lang='lat' dir='ltr'>ct</span> <span class='ocrx_word' id='word_1_7' title='bbox 388 667 581 746; x_wconf 86' lang='lat' dir='ltr'>ideo&#39;ligatus</span> <span class='ocrx_word' id='word_1_8' title='bbox 594 676 664 730; x_wconf 85' lang='lat' dir='ltr'>voto</span> <span class='ocrx_word' id='word_1_9' title='bbox 678 669 807 742; x_wconf 81' lang='lat' dir='ltr'>simplici</span> <span class='ocrx_word' id='word_1_10' title='bbox 827 668 972 728; x_wconf 90' lang='lat' dir='ltr'>castitatis</span> <span class='ocrx_word' id='word_1_11' title='bbox 995 665 1089 724; x_wconf 83' lang='lat' dir='ltr'>valide</span> <span class='ocrx_word' id='word_1_12' title='bbox 1109 677 1219 738; x_wconf 92' lang='lat' dir='ltr'>corpus</span> <span class='ocrx_word' id='word_1_13' title='bbox 1239 665 1329 725; x_wconf 78' lang='lat' dir='ltr'>tradit</span> <span class='ocrx_word' id='word_1_14' title='bbox 1342 681 1395 740; x_wconf 91' lang='lat' dir='ltr'>per</span> 
     </span>
     <span class='ocr_line' id='line_1_3' title="bbox 216 756 1394 834; baseline -0.003 -16"><span class='ocrx_word' id='word_1_15' title='bbox 216 761 453 832; x_wconf 77' lang='lat' dir='ltr'>matrimonium,</span> <span class='ocrx_word' id='word_1_16' title='bbox 471 761 539 820; x_wconf 90' lang='lat' dir='ltr'>licet</span> <span class='ocrx_word' id='word_1_17' title='bbox 554 777 615 820; x_wconf 89' lang='lat' dir='ltr'>non</span> <span class='ocrx_word' id='word_1_18' title='bbox 631 761 725 830; x_wconf 91' lang='lat' dir='ltr'>licite,</span> <span class='ocrx_word' id='word_1_19' title='bbox 742 759 858 834; x_wconf 81' lang='lat' dir='ltr'>agendo</span> <span class='ocrx_word' id='word_1_20' title='bbox 876 765 980 816; x_wconf 91' lang='lat' dir='ltr'>contra</span> <span class='ocrx_word' id='word_1_21' title='bbox 999 756 1230 830; x_wconf 82' lang='lat' dir='ltr'>promissionem</span> <span class='ocrx_word' id='word_1_22' title='bbox 1251 759 1311 814; x_wconf 88' lang='lat' dir='ltr'>beo</span> <span class='ocrx_word' id='word_1_23' title='bbox 1332 756 1394 815; x_wconf 90' lang='lat' dir='ltr'>fac·</span> 
     </span>
     <span class='ocr_line' id='line_1_4' title="bbox 218 846 1393 924; baseline -0.003 -17"><span class='ocrx_word' id='word_1_24' title='bbox 218 856 286 908; x_wconf 89' lang='lat' dir='ltr'>tam.</span> <span class='ocrx_word' id='word_1_25' title='bbox 304 853 361 909; x_wconf 87' lang='lat' dir='ltr'>Nec</span> <span class='ocrx_word' id='word_1_26' title='bbox 373 851 509 909; x_wconf 88' lang='lat' dir='ltr'>doctrina</span> <span class='ocrx_word' id='word_1_27' title='bbox 523 851 583 910; x_wconf 89' lang='lat' dir='ltr'>ista</span> <span class='ocrx_word' id='word_1_28' title='bbox 598 850 765 924; x_wconf 88' lang='lat' dir='ltr'>periculum</span> <span class='ocrx_word' id='word_1_29' title='bbox 776 847 862 906; x_wconf 85' lang='lat' dir='ltr'>affert</span> <span class='ocrx_word' id='word_1_30' title='bbox 877 847 1084 906; x_wconf 90' lang='lat' dir='ltr'>constitutioni</span> <span class='ocrx_word' id='word_1_31' title='bbox 1103 846 1307 920; x_wconf 80' lang='lat' dir='ltr'>Gregorianae3</span> <span class='ocrx_word' id='word_1_32' title='bbox 1323 861 1393 904; x_wconf 92' lang='lat' dir='ltr'>nam</span> 
     </span>
     <span class='ocr_line' id='line_1_5' title="bbox 217 936 1395 1013; baseline -0.005 -15"><span class='ocrx_word' id='word_1_33' title='bbox 217 940 387 999; x_wconf 82' lang='lat' dir='ltr'>scholastici</span> <span class='ocrx_word' id='word_1_34' title='bbox 410 947 439 999; x_wconf 90' lang='lat' dir='ltr'>ot</span> <span class='ocrx_word' id='word_1_35' title='bbox 459 941 647 1013; x_wconf 83' lang='lat' dir='ltr'>coadjutores</span> <span class='ocrx_word' id='word_1_36' title='bbox 666 955 726 998; x_wconf 94' lang='lat' dir='ltr'>non</span> <span class='ocrx_word' id='word_1_37' title='bbox 751 937 869 996; x_wconf 87' lang='lat' dir='ltr'>formati</span> <span class='ocrx_word' id='word_1_38' title='bbox 889 936 1124 994; x_wconf 70' lang='lat' dir='ltr'>ordinatissime</span> <span class='ocrx_word' id='word_1_39' title='bbox 1145 936 1253 993; x_wconf 91' lang='lat' dir='ltr'>Societ.</span> <span class='ocrx_word' id='word_1_40' title='bbox 1272 939 1299 994; x_wconf 83' lang='lat' dir='ltr'>J.</span> <span class='ocrx_word' id='word_1_41' title='bbox 1322 941 1395 994; x_wconf 90' lang='lat' dir='ltr'>sunt</span> 
     </span>
     <span class='ocr_line' id='line_1_6' title="bbox 215 1025 1393 1104; baseline -0.006 -17"><span class='ocrx_word' id='word_1_42' title='bbox 215 1045 283 1088; x_wconf 90' lang='lat' dir='ltr'>vere</span> <span class='ocrx_word' id='word_1_43' title='bbox 303 1037 332 1088; x_wconf 91' lang='lat' dir='ltr'>et</span> <span class='ocrx_word' id='word_1_44' title='bbox 350 1031 469 1104; x_wconf 89' lang='lat' dir='ltr'>proprio</span> <span class='ocrx_word' id='word_1_45' title='bbox 489 1031 560 1090; x_wconf 92' lang='lat' dir='ltr'>dicti</span> <span class='ocrx_word' id='word_1_46' title='bbox 575 1029 726 1104; x_wconf 81' lang='lat' dir='ltr'>religiosi,</span> <span class='ocrx_word' id='word_1_47' title='bbox 739 1028 838 1102; x_wconf 88' lang='lat' dir='ltr'>quoad</span> <span class='ocrx_word' id='word_1_48' title='bbox 854 1026 1027 1102; x_wconf 81' lang='lat' dir='ltr'>genoricum</span> <span class='ocrx_word' id='word_1_49' title='bbox 1042 1031 1219 1097; x_wconf 88' lang='lat' dir='ltr'>conceptum</span> <span class='ocrx_word' id='word_1_50' title='bbox 1241 1025 1302 1084; x_wconf 81' lang='lat' dir='ltr'>ueri</span> <span class='ocrx_word' id='word_1_51' title='bbox 1325 1025 1393 1082; x_wconf 90' lang='lat' dir='ltr'>reli-</span> 
     </span>
     <span class='ocr_line' id='line_1_7' title="bbox 216 1115 1392 1193; baseline -0.003 -17"><span class='ocrx_word' id='word_1_52' title='bbox 216 1119 311 1192; x_wconf 88' lang='lat' dir='ltr'>giosi,</span> <span class='ocrx_word' id='word_1_53' title='bbox 328 1135 397 1176; x_wconf 92' lang='lat' dir='ltr'>cum</span> <span class='ocrx_word' id='word_1_54' title='bbox 413 1119 575 1193; x_wconf 85' lang='lat' dir='ltr'>religiosus</span> <span class='ocrx_word' id='word_1_55' title='bbox 590 1124 687 1178; x_wconf 90' lang='lat' dir='ltr'>status</span> <span class='ocrx_word' id='word_1_56' title='bbox 707 1118 874 1176; x_wconf 89' lang='lat' dir='ltr'>consistere</span> <span class='ocrx_word' id='word_1_57' title='bbox 893 1115 993 1188; x_wconf 85' lang='lat' dir='ltr'>possit</span> <span class='ocrx_word' id='word_1_58' title='bbox 1014 1131 1082 1173; x_wconf 89' lang='lat' dir='ltr'>cum</span> <span class='ocrx_word' id='word_1_59' title='bbox 1104 1116 1182 1174; x_wconf 89' lang='lat' dir='ltr'>votis</span> <span class='ocrx_word' id='word_1_60' title='bbox 1204 1115 1392 1188; x_wconf 89' lang='lat' dir='ltr'>simplicibus</span> 
     </span>
     <span class='ocr_line' id='line_1_8' title="bbox 216 1204 1392 1278; baseline -0.003 -14"><span class='ocrx_word' id='word_1_61' title='bbox 216 1209 441 1267; x_wconf 86' lang='lat' dir='ltr'>continentibus</span> <span class='ocrx_word' id='word_1_62' title='bbox 457 1208 645 1267; x_wconf 85' lang='lat' dir='ltr'>traditionem</span> <span class='ocrx_word' id='word_1_63' title='bbox 661 1207 697 1266; x_wconf 91' lang='lat' dir='ltr'>de</span> <span class='ocrx_word' id='word_1_64' title='bbox 712 1223 745 1266; x_wconf 89' lang='lat' dir='ltr'>se</span> <span class='ocrx_word' id='word_1_65' title='bbox 761 1206 910 1277; x_wconf 90' lang='lat' dir='ltr'>stabilem,</span> <span class='ocrx_word' id='word_1_66' title='bbox 921 1213 950 1263; x_wconf 92' lang='lat' dir='ltr'>et</span> <span class='ocrx_word' id='word_1_67' title='bbox 961 1205 997 1264; x_wconf 94' lang='lat' dir='ltr'>ad</span> <span class='ocrx_word' id='word_1_68' title='bbox 1014 1204 1154 1278; x_wconf 90' lang='lat' dir='ltr'>placitum</span> <span class='ocrx_word' id='word_1_69' title='bbox 1170 1204 1316 1262; x_wconf 88' lang='lat' dir='ltr'>tradentis</span> <span class='ocrx_word' id='word_1_70' title='bbox 1333 1217 1392 1261; x_wconf 89' lang='lat' dir='ltr'>nou</span> 
     </span>
     <span class='ocr_line' id='line_1_9' title="bbox 215 1292 1392 1370; baseline -0.003 -17"><span class='ocrx_word' id='word_1_71' title='bbox 215 1298 426 1369; x_wconf 87' lang='lat' dir='ltr'>revocabilam;</span> <span class='ocrx_word' id='word_1_72' title='bbox 449 1302 480 1355; x_wconf 89' lang='lat' dir='ltr'>at</span> <span class='ocrx_word' id='word_1_73' title='bbox 503 1297 645 1356; x_wconf 85' lang='lat' dir='ltr'>differunt</span> <span class='ocrx_word' id='word_1_74' title='bbox 668 1313 685 1354; x_wconf 87' lang='lat' dir='ltr'>a</span> <span class='ocrx_word' id='word_1_75' title='bbox 709 1295 856 1370; x_wconf 85' lang='lat' dir='ltr'>professis</span> <span class='ocrx_word' id='word_1_76' title='bbox 880 1294 978 1369; x_wconf 86' lang='lat' dir='ltr'>quoad</span> <span class='ocrx_word' id='word_1_77' title='bbox 1005 1299 1182 1366; x_wconf 91' lang='lat' dir='ltr'>conceptum</span> <span class='ocrx_word' id='word_1_78' title='bbox 1196 1292 1392 1366; x_wconf 78' lang='lat' dir='ltr'>specificam,</span> 
     </span>
     <span class='ocr_line' id='line_1_10' title="bbox 216 1383 1392 1457; baseline -0.003 -13"><span class='ocrx_word' id='word_1_79' title='bbox 216 1387 286 1457; x_wconf 90' lang='lat' dir='ltr'>quia</span> <span class='ocrx_word' id='word_1_80' title='bbox 304 1391 374 1444; x_wconf 82' lang='lat' dir='ltr'>vota</span> <span class='ocrx_word' id='word_1_81' title='bbox 387 1387 506 1444; x_wconf 92' lang='lat' dir='ltr'>illorum</span> <span class='ocrx_word' id='word_1_82' title='bbox 522 1386 559 1445; x_wconf 89' lang='lat' dir='ltr'>ab</span> <span class='ocrx_word' id='word_1_83' title='bbox 574 1387 740 1446; x_wconf 88' lang='lat' dir='ltr'>intrinseco</span> <span class='ocrx_word' id='word_1_84' title='bbox 752 1401 812 1444; x_wconf 95' lang='lat' dir='ltr'>non</span> <span class='ocrx_word' id='word_1_85' title='bbox 832 1385 989 1444; x_wconf 89' lang='lat' dir='ltr'>continent</span> <span class='ocrx_word' id='word_1_86' title='bbox 1007 1383 1166 1456; x_wconf 86' lang='lat' dir='ltr'>perlectam</span> <span class='ocrx_word' id='word_1_87' title='bbox 1183 1389 1212 1440; x_wconf 85' lang='lat' dir='ltr'>et</span> <span class='ocrx_word' id='word_1_88' title='bbox 1226 1383 1392 1441; x_wconf 90' lang='lat' dir='ltr'>absolutam</span> 
     </span>
     <span class='ocr_line' id='line_1_11' title="bbox 217 1472 1394 1550; baseline -0.003 -18"><span class='ocrx_word' id='word_1_89' title='bbox 217 1475 420 1546; x_wconf 90' lang='lat' dir='ltr'>traditionem,</span> <span class='ocrx_word' id='word_1_90' title='bbox 443 1483 472 1534; x_wconf 92' lang='lat' dir='ltr'>cl</span> <span class='ocrx_word' id='word_1_91' title='bbox 490 1477 724 1550; x_wconf 85' lang='lat' dir='ltr'>acceptationem</span> <span class='ocrx_word' id='word_1_92' title='bbox 745 1475 886 1548; x_wconf 85' lang='lat' dir='ltr'>utrinque</span> <span class='ocrx_word' id='word_1_93' title='bbox 908 1474 1126 1548; x_wconf 82' lang='lat' dir='ltr'>obligatoriam.</span> <span class='ocrx_word' id='word_1_94' title='bbox 1144 1472 1211 1542; x_wconf 90' lang='lat' dir='ltr'>Vel,</span> <span class='ocrx_word' id='word_1_95' title='bbox 1227 1479 1261 1530; x_wconf 94' lang='lat' dir='ltr'>ut</span> <span class='ocrx_word' id='word_1_96' title='bbox 1279 1473 1329 1531; x_wconf 90' lang='lat' dir='ltr'>alii</span> <span class='ocrx_word' id='word_1_97' title='bbox 1349 1473 1394 1530; x_wconf 90' lang='lat' dir='ltr'>lo·</span> 
     </span>
     <span class='ocr_line' id='line_1_12' title="bbox 215 1562 1394 1639; baseline 0 -19"><span class='ocrx_word' id='word_1_98' title='bbox 215 1571 350 1635; x_wconf 92' lang='lat' dir='ltr'>quuntnr</span> <span class='ocrx_word' id='word_1_99' title='bbox 364 1580 432 1623; x_wconf 89' lang='lat' dir='ltr'>cum</span> <span class='ocrx_word' id='word_1_100' title='bbox 448 1569 479 1624; x_wconf 84' lang='lat' dir='ltr'>P.</span> <span class='ocrx_word' id='word_1_101' title='bbox 497 1565 627 1624; x_wconf 85' lang='lat' dir='ltr'>Sancbaz</span> <span class='ocrx_word' id='word_1_102' title='bbox 643 1566 734 1639; x_wconf 89' lang='lat' dir='ltr'>(quod</span> <span class='ocrx_word' id='word_1_103' title='bbox 749 1580 781 1624; x_wconf 89' lang='lat' dir='ltr'>re</span> <span class='ocrx_word' id='word_1_104' title='bbox 796 1565 863 1638; x_wconf 91' lang='lat' dir='ltr'>ipsa</span> <span class='ocrx_word' id='word_1_105' title='bbox 878 1565 909 1620; x_wconf 93' lang='lat' dir='ltr'>in</span> <span class='ocrx_word' id='word_1_106' title='bbox 924 1563 1003 1621; x_wconf 93' lang='lat' dir='ltr'>idem</span> <span class='ocrx_word' id='word_1_107' title='bbox 1021 1563 1119 1636; x_wconf 81' lang='lat' dir='ltr'>redit),</span> <span class='ocrx_word' id='word_1_108' title='bbox 1141 1562 1219 1620; x_wconf 91' lang='lat' dir='ltr'>idem</span> <span class='ocrx_word' id='word_1_109' title='bbox 1235 1563 1334 1634; x_wconf 89' lang='lat' dir='ltr'>specle</span> <span class='ocrx_word' id='word_1_110' title='bbox 1347 1570 1394 1620; x_wconf 92' lang='lat' dir='ltr'>est</span> 
     </span>
     <span class='ocr_line' id='line_1_13' title="bbox 215 1651 1392 1728; baseline -0.001 -18"><span class='ocrx_word' id='word_1_111' title='bbox 215 1657 313 1712; x_wconf 89' lang='lat' dir='ltr'>status</span> <span class='ocrx_word' id='word_1_112' title='bbox 337 1655 500 1728; x_wconf 73' lang='lat' dir='ltr'>religiosus</span> <span class='ocrx_word' id='word_1_113' title='bbox 525 1673 531 1712; x_wconf 93' lang='lat'>:</span> <span class='ocrx_word' id='word_1_114' title='bbox 556 1655 683 1727; x_wconf 89' lang='lat' dir='ltr'>prolessi</span> <span class='ocrx_word' id='word_1_115' title='bbox 705 1661 804 1712; x_wconf 89' lang='lat' dir='ltr'>tamen</span> <span class='ocrx_word' id='word_1_116' title='bbox 827 1659 901 1712; x_wconf 90' lang='lat' dir='ltr'>suut</span> <span class='ocrx_word' id='word_1_117' title='bbox 928 1653 958 1710; x_wconf 93' lang='lat' dir='ltr'>in</span> <span class='ocrx_word' id='word_1_118' title='bbox 981 1666 1100 1712; x_wconf 92' lang='lat' dir='ltr'>summo</span> <span class='ocrx_word' id='word_1_119' title='bbox 1124 1657 1153 1709; x_wconf 91' lang='lat' dir='ltr'>el</span> <span class='ocrx_word' id='word_1_120' title='bbox 1172 1651 1392 1724; x_wconf 85' lang='lat' dir='ltr'>perfectissimo</span> 
     </span>
     <span class='ocr_line' id='line_1_14' title="bbox 215 1741 1393 1818; baseline -0.001 -18"><span class='ocrx_word' id='word_1_121' title='bbox 215 1747 312 1801; x_wconf 88' lang='lat' dir='ltr'>status</span> <span class='ocrx_word' id='word_1_122' title='bbox 332 1745 467 1818; x_wconf 81' lang='lat' dir='ltr'>religiosi</span> <span class='ocrx_word' id='word_1_123' title='bbox 487 1745 583 1818; x_wconf 77' lang='lat' dir='ltr'>gradu</span> <span class='ocrx_word' id='word_1_124' title='bbox 605 1750 635 1802; x_wconf 92' lang='lat' dir='ltr'>et</span> <span class='ocrx_word' id='word_1_125' title='bbox 649 1744 803 1818; x_wconf 78' lang='lat' dir='ltr'>dignitate,</span> <span class='ocrx_word' id='word_1_126' title='bbox 821 1743 1007 1802; x_wconf 86' lang='lat' dir='ltr'>consistente</span> <span class='ocrx_word' id='word_1_127' title='bbox 1032 1743 1063 1800; x_wconf 91' lang='lat' dir='ltr'>in</span> <span class='ocrx_word' id='word_1_128' title='bbox 1084 1741 1222 1800; x_wconf 89' lang='lat' dir='ltr'>absoluta</span> <span class='ocrx_word' id='word_1_129' title='bbox 1247 1748 1275 1800; x_wconf 91' lang='lat' dir='ltr'>et</span> <span class='ocrx_word' id='word_1_130' title='bbox 1294 1743 1393 1800; x_wconf 91' lang='lat' dir='ltr'>omui-</span> 
     </span>
     <span class='ocr_line' id='line_1_15' title="bbox 214 1831 1392 1906; baseline 0 -18"><span class='ocrx_word' id='word_1_131' title='bbox 214 1831 303 1890; x_wconf 90' lang='lat' dir='ltr'>moda</span> <span class='ocrx_word' id='word_1_132' title='bbox 317 1833 474 1890; x_wconf 90' lang='lat' dir='ltr'>traditione</span> <span class='ocrx_word' id='word_1_133' title='bbox 490 1833 637 1906; x_wconf 88' lang='lat' dir='ltr'>completa</span> <span class='ocrx_word' id='word_1_134' title='bbox 651 1833 792 1906; x_wconf 88' lang='lat' dir='ltr'>utrinque</span> <span class='ocrx_word' id='word_1_135' title='bbox 807 1832 995 1906; x_wconf 82' lang='lat' dir='ltr'>obligatoria,</span> <span class='ocrx_word' id='word_1_136' title='bbox 1011 1831 1109 1904; x_wconf 91' lang='lat' dir='ltr'>qualis</span> <span class='ocrx_word' id='word_1_137' title='bbox 1124 1846 1184 1890; x_wconf 90' lang='lat' dir='ltr'>non</span> <span class='ocrx_word' id='word_1_138' title='bbox 1201 1831 1346 1905; x_wconf 90' lang='lat' dir='ltr'>reperitur</span> <span class='ocrx_word' id='word_1_139' title='bbox 1361 1831 1392 1888; x_wconf 90' lang='lat' dir='ltr'>lu</span> 
     </span>
     <span class='ocr_line' id='line_1_16' title="bbox 214 1920 1390 1995; baseline 0 -17"><span class='ocrx_word' id='word_1_140' title='bbox 214 1926 292 1978; x_wconf 86' lang='lat' dir='ltr'>statu</span> <span class='ocrx_word' id='word_1_141' title='bbox 308 1920 451 1995; x_wconf 81' lang='lat' dir='ltr'>religioso</span> <span class='ocrx_word' id='word_1_142' title='bbox 463 1922 542 1980; x_wconf 87' lang='lat' dir='ltr'>votis</span> <span class='ocrx_word' id='word_1_143' title='bbox 558 1921 748 1995; x_wconf 90' lang='lat' dir='ltr'>simplicibus</span> <span class='ocrx_word' id='word_1_144' title='bbox 763 1926 931 1980; x_wconf 87' lang='lat' dir='ltr'>constante.</span> <span class='ocrx_word' id='word_1_145' title='bbox 947 1922 988 1979; x_wconf 80' lang='lat' dir='ltr'>Ad</span> <span class='ocrx_word' id='word_1_146' title='bbox 1004 1925 1031 1978; x_wconf 81' lang='lat' dir='ltr'>l.</span> <span class='ocrx_word' id='word_1_147' title='bbox 1055 1924 1125 1995; x_wconf 82' lang='lat' dir='ltr'>Neg.</span> <span class='ocrx_word' id='word_1_148' title='bbox 1151 1935 1178 1978; x_wconf 90' lang='lat' dir='ltr'>a.</span> <span class='ocrx_word' id='word_1_149' title='bbox 1197 1935 1265 1979; x_wconf 90' lang='lat' dir='ltr'>cum</span> <span class='ocrx_word' id='word_1_150' title='bbox 1285 1920 1390 1978; x_wconf 85' lang='lat' dir='ltr'>beliar.</span> 
     </span>
     <span class='ocr_line' id='line_1_17' title="bbox 214 2009 1391 2084; baseline 0.001 -19"><span class='ocrx_word' id='word_1_151' title='bbox 214 2013 243 2065; x_wconf 91' lang='lat' dir='ltr'>et</span> <span class='ocrx_word' id='word_1_152' title='bbox 256 2009 398 2068; x_wconf 89' lang='lat' dir='ltr'>omnibus</span> <span class='ocrx_word' id='word_1_153' title='bbox 414 2009 482 2068; x_wconf 90' lang='lat' dir='ltr'>aliis</span> <span class='ocrx_word' id='word_1_154' title='bbox 496 2016 576 2068; x_wconf 91' lang='lat' dir='ltr'>recte</span> <span class='ocrx_word' id='word_1_155' title='bbox 592 2009 793 2068; x_wconf 87' lang='lat' dir='ltr'>sentientibus</span> <span class='ocrx_word' id='word_1_156' title='bbox 812 2010 849 2068; x_wconf 88' lang='lat' dir='ltr'>de</span> <span class='ocrx_word' id='word_1_157' title='bbox 872 2016 951 2068; x_wconf 88' lang='lat' dir='ltr'>statu</span> <span class='ocrx_word' id='word_1_158' title='bbox 969 2010 1113 2084; x_wconf 82' lang='lat' dir='ltr'>religioso</span> <span class='ocrx_word' id='word_1_159' title='bbox 1133 2023 1151 2067; x_wconf 92' lang='lat' dir='ltr'>a</span> <span class='ocrx_word' id='word_1_160' title='bbox 1168 2009 1285 2067; x_wconf 85' lang='lat' dir='ltr'>Christo</span> <span class='ocrx_word' id='word_1_161' title='bbox 1305 2009 1391 2066; x_wconf 91' lang='lat' dir='ltr'>insti-</span> 
     </span>
     <span class='ocr_line' id='line_1_18' title="bbox 215 2101 1392 2177; baseline 0.002 -19"><span class='ocrx_word' id='word_1_162' title='bbox 215 2107 289 2171; x_wconf 86' lang='lat' dir='ltr'>tuto,</span> <span class='ocrx_word' id='word_1_163' title='bbox 306 2109 333 2160; x_wconf 91' lang='lat' dir='ltr'>ct</span> <span class='ocrx_word' id='word_1_164' title='bbox 349 2102 385 2161; x_wconf 92' lang='lat' dir='ltr'>ab</span> <span class='ocrx_word' id='word_1_165' title='bbox 401 2104 546 2177; x_wconf 90' lang='lat' dir='ltr'>apostolis</span> <span class='ocrx_word' id='word_1_166' title='bbox 562 2103 739 2176; x_wconf 84' lang='lat' dir='ltr'>caeterlsque</span> <span class='ocrx_word' id='word_1_167' title='bbox 752 2103 891 2162; x_wconf 85' lang='lat' dir='ltr'>fidelibus</span> <span class='ocrx_word' id='word_1_168' title='bbox 903 2108 1070 2176; x_wconf 87' lang='lat' dir='ltr'>assumpto,</span> <span class='ocrx_word' id='word_1_169' title='bbox 1083 2117 1151 2161; x_wconf 92' lang='lat' dir='ltr'>cum</span> <span class='ocrx_word' id='word_1_170' title='bbox 1164 2101 1332 2161; x_wconf 87' lang='lat' dir='ltr'>inauditum</span> <span class='ocrx_word' id='word_1_171' title='bbox 1352 2103 1392 2160; x_wconf 88' lang='lat' dir='ltr'>sit</span> 
     </span>
     <span class='ocr_line' id='line_1_19' title="bbox 214 2191 1393 2267; baseline 0.002 -19"><span class='ocrx_word' id='word_1_172' title='bbox 214 2191 245 2248; x_wconf 93' lang='lat' dir='ltr'>in</span> <span class='ocrx_word' id='word_1_173' title='bbox 261 2193 393 2251; x_wconf 81' lang='lat' dir='ltr'>Ecclesia</span> <span class='ocrx_word' id='word_1_174' title='bbox 407 2194 583 2267; x_wconf 81' lang='lat' dir='ltr'>religiosum</span> <span class='ocrx_word' id='word_1_175' title='bbox 605 2194 778 2267; x_wconf 84' lang='lat' dir='ltr'>professum</span> <span class='ocrx_word' id='word_1_176' title='bbox 798 2208 853 2252; x_wconf 91' lang='lat' dir='ltr'>sua</span> <span class='ocrx_word' id='word_1_177' title='bbox 882 2194 1058 2252; x_wconf 88' lang='lat' dir='ltr'>auctoritate</span> <span class='ocrx_word' id='word_1_178' title='bbox 1072 2192 1168 2251; x_wconf 82' lang='lat' dir='ltr'>valide</span> <span class='ocrx_word' id='word_1_179' title='bbox 1189 2193 1224 2250; x_wconf 87' lang='lat' dir='ltr'>ad</span> <span class='ocrx_word' id='word_1_180' title='bbox 1244 2193 1393 2250; x_wconf 83' lang='lat' dir='ltr'>matrimo</span> 
     </span>
     <span class='ocr_line' id='line_1_20' title="bbox 215 2281 1392 2356; baseline 0.002 -18"><span class='ocrx_word' id='word_1_181' title='bbox 215 2281 298 2340; x_wconf 92' lang='lat' dir='ltr'>nium</span> <span class='ocrx_word' id='word_1_182' title='bbox 320 2283 510 2342; x_wconf 88' lang='lat' dir='ltr'>transivisse.</span> <span class='ocrx_word' id='word_1_183' title='bbox 535 2287 592 2341; x_wconf 86' lang='lat' dir='ltr'>Nec</span> <span class='ocrx_word' id='word_1_184' title='bbox 616 2282 799 2342; x_wconf 88' lang='lat' dir='ltr'>contrarium</span> <span class='ocrx_word' id='word_1_185' title='bbox 823 2283 967 2355; x_wconf 90' lang='lat' dir='ltr'>probatur</span> <span class='ocrx_word' id='word_1_186' title='bbox 987 2298 1023 2340; x_wconf 82' lang='lat' dir='ltr'>aa</span> <span class='ocrx_word' id='word_1_187' title='bbox 1042 2283 1091 2340; x_wconf 92' lang='lat' dir='ltr'>cit.</span> <span class='ocrx_word' id='word_1_188' title='bbox 1108 2296 1174 2339; x_wconf 90' lang='lat' dir='ltr'>can.</span> <span class='ocrx_word' id='word_1_189' title='bbox 1187 2302 1197 2356; x_wconf 79' lang='lat'>3</span> <span class='ocrx_word' id='word_1_190' title='bbox 1226 2296 1295 2339; x_wconf 92' lang='lat' dir='ltr'>nam</span> <span class='ocrx_word' id='word_1_191' title='bbox 1318 2282 1392 2340; x_wconf 88' lang='lat' dir='ltr'>tales</span> 
     </span>
     <span class='ocr_line' id='line_1_21' title="bbox 213 2370 1390 2446; baseline 0.001 -19"><span class='ocrx_word' id='word_1_192' title='bbox 213 2372 521 2442; x_wconf 87' lang='lat' dir='ltr'>excommunicantur,</span> <span class='ocrx_word' id='word_1_193' title='bbox 538 2372 682 2430; x_wconf 81' lang='lat' dir='ltr'>donasse</span> <span class='ocrx_word' id='word_1_194' title='bbox 702 2372 839 2430; x_wconf 87' lang='lat' dir='ltr'>dividant</span> <span class='ocrx_word' id='word_1_195' title='bbox 862 2377 892 2429; x_wconf 87' lang='lat' dir='ltr'>et</span> <span class='ocrx_word' id='word_1_196' title='bbox 913 2373 950 2429; x_wconf 92' lang='lat' dir='ltr'>ad</span> <span class='ocrx_word' id='word_1_197' title='bbox 965 2370 1149 2430; x_wconf 87' lang='lat' dir='ltr'>monasteria</span> <span class='ocrx_word' id='word_1_198' title='bbox 1167 2371 1390 2446; x_wconf 82' lang='lat' dir='ltr'>regrediantur3</span> 
     </span>
     <span class='ocr_line' id='line_1_22' title="bbox 214 2461 1391 2536; baseline 0.003 -20"><span class='ocrx_word' id='word_1_199' title='bbox 214 2467 242 2516; x_wconf 85' lang='lat' dir='ltr'>et</span> <span class='ocrx_word' id='word_1_200' title='bbox 255 2461 295 2518; x_wconf 90' lang='lat' dir='ltr'>ita</span> <span class='ocrx_word' id='word_1_201' title='bbox 309 2462 407 2533; x_wconf 89' lang='lat' dir='ltr'>quoad</span> <span class='ocrx_word' id='word_1_202' title='bbox 424 2461 643 2521; x_wconf 89' lang='lat' dir='ltr'>absolutionem</span> <span class='ocrx_word' id='word_1_203' title='bbox 671 2469 699 2521; x_wconf 91' lang='lat' dir='ltr'>ct</span> <span class='ocrx_word' id='word_1_204' title='bbox 718 2463 793 2520; x_wconf 90' lang='lat' dir='ltr'>alias</span> <span class='ocrx_word' id='word_1_205' title='bbox 813 2478 930 2535; x_wconf 77' lang='lat' dir='ltr'>paenas,</span> <span class='ocrx_word' id='word_1_206' title='bbox 950 2461 1060 2536; x_wconf 85' lang='lat' dir='ltr'>poterit</span> <span class='ocrx_word' id='word_1_207' title='bbox 1081 2461 1240 2534; x_wconf 89' lang='lat' dir='ltr'>episcopus</span> <span class='ocrx_word' id='word_1_208' title='bbox 1259 2475 1327 2519; x_wconf 88' lang='lat' dir='ltr'>cunr</span> <span class='ocrx_word' id='word_1_209' title='bbox 1346 2462 1391 2520; x_wconf 87' lang='lat' dir='ltr'>cis</span> 
     </span>
     <span class='ocr_line' id='line_1_23' title="bbox 214 2547 1391 2625; baseline 0.001 -20"><span class='ocrx_word' id='word_1_210' title='bbox 214 2547 430 2608; x_wconf 88' lang='lat' dir='ltr'>humanitatem</span> <span class='ocrx_word' id='word_1_211' title='bbox 448 2551 554 2610; x_wconf 90' lang='lat' dir='ltr'>facere.</span> <span class='ocrx_word' id='word_1_212' title='bbox 569 2552 622 2610; x_wconf 90' lang='lat' dir='ltr'>llic</span> <span class='ocrx_word' id='word_1_213' title='bbox 641 2558 740 2610; x_wconf 88' lang='lat' dir='ltr'>tamen</span> <span class='ocrx_word' id='word_1_214' title='bbox 755 2552 893 2621; x_wconf 89' lang='lat' dir='ltr'>observa,</span> <span class='ocrx_word' id='word_1_215' title='bbox 910 2551 990 2625; x_wconf 92' lang='lat' dir='ltr'>quod</span> <span class='ocrx_word' id='word_1_216' title='bbox 1001 2551 1135 2624; x_wconf 83' lang='lat' dir='ltr'>virgines</span> <span class='ocrx_word' id='word_1_217' title='bbox 1148 2565 1251 2622; x_wconf 85' lang='lat' dir='ltr'>sacrae,</span> <span class='ocrx_word' id='word_1_218' title='bbox 1267 2564 1391 2623; x_wconf 85' lang='lat' dir='ltr'>praeser-</span> 
     </span>
     <span class='ocr_line' id='line_1_24' title="bbox 215 2637 1392 2714; baseline 0.005 -22"><span class='ocrx_word' id='word_1_219' title='bbox 215 2637 268 2694; x_wconf 92' lang='lat' dir='ltr'>tim</span> <span class='ocrx_word' id='word_1_220' title='bbox 280 2637 412 2711; x_wconf 89' lang='lat' dir='ltr'>antiquis</span> <span class='ocrx_word' id='word_1_221' title='bbox 427 2639 623 2711; x_wconf 89' lang='lat' dir='ltr'>temporibus,</span> <span class='ocrx_word' id='word_1_222' title='bbox 639 2639 668 2698; x_wconf 92' lang='lat' dir='ltr'>in</span> <span class='ocrx_word' id='word_1_223' title='bbox 680 2641 792 2714; x_wconf 89' lang='lat' dir='ltr'>duplici</span> <span class='ocrx_word' id='word_1_224' title='bbox 808 2640 905 2698; x_wconf 86' lang='lat' dir='ltr'>classe</span> <span class='ocrx_word' id='word_1_225' title='bbox 922 2641 1050 2698; x_wconf 87' lang='lat' dir='ltr'>fuerint:</span> <span class='ocrx_word' id='word_1_226' title='bbox 1067 2639 1133 2698; x_wconf 81' lang='lat' dir='ltr'>aliea</span> <span class='ocrx_word' id='word_1_227' title='bbox 1148 2639 1324 2698; x_wconf 88' lang='lat' dir='ltr'>emittebant</span> <span class='ocrx_word' id='word_1_228' title='bbox 1338 2655 1392 2698; x_wconf 84' lang='lat' dir='ltr'>vo-</span> 
     </span>
     <span class='ocr_line' id='line_1_25' title="bbox 214 2727 1391 2802; baseline 0.003 -20"><span class='ocrx_word' id='word_1_229' title='bbox 214 2730 278 2783; x_wconf 89' lang='lat' dir='ltr'>tum</span> <span class='ocrx_word' id='word_1_230' title='bbox 294 2727 420 2800; x_wconf 82' lang='lat' dir='ltr'>simplex</span> <span class='ocrx_word' id='word_1_231' title='bbox 437 2729 592 2800; x_wconf 71' lang='lat' dir='ltr'>castitatis</span> <span class='ocrx_word' id='word_1_232' title='bbox 610 2730 699 2788; x_wconf 89' lang='lat' dir='ltr'>etiam</span> <span class='ocrx_word' id='word_1_233' title='bbox 718 2730 821 2789; x_wconf 92' lang='lat' dir='ltr'>babitu</span> <span class='ocrx_word' id='word_1_234' title='bbox 845 2735 874 2787; x_wconf 90' lang='lat' dir='ltr'>et</span> <span class='ocrx_word' id='word_1_235' title='bbox 888 2729 1034 2788; x_wconf 87' lang='lat' dir='ltr'>velamine</span> <span class='ocrx_word' id='word_1_236' title='bbox 1054 2735 1226 2802; x_wconf 93' lang='lat' dir='ltr'>assumpto,</span> <span class='ocrx_word' id='word_1_237' title='bbox 1242 2735 1270 2787; x_wconf 92' lang='lat' dir='ltr'>et</span> <span class='ocrx_word' id='word_1_238' title='bbox 1285 2729 1316 2786; x_wconf 88' lang='lat' dir='ltr'>in</span> <span class='ocrx_word' id='word_1_239' title='bbox 1332 2729 1391 2802; x_wconf 87' lang='lat' dir='ltr'>pri-</span> 
     </span>
     <span class='ocr_line' id='line_1_26' title="bbox 213 2817 1391 2882; baseline 0.003 -10"><span class='ocrx_word' id='word_1_240' title='bbox 213 2817 290 2874; x_wconf 87' lang='lat' dir='ltr'>vatis</span> <span class='ocrx_word' id='word_1_241' title='bbox 310 2817 451 2876; x_wconf 89' lang='lat' dir='ltr'>domibus</span> <span class='ocrx_word' id='word_1_242' title='bbox 471 2817 658 2882; x_wconf 88' lang='lat' dir='ltr'>babitabant,</span> <span class='ocrx_word' id='word_1_243' title='bbox 680 2820 836 2878; x_wconf 82' lang='lat' dir='ltr'>ueletiam</span> <span class='ocrx_word' id='word_1_244' title='bbox 856 2820 887 2878; x_wconf 92' lang='lat' dir='ltr'>in</span> <span class='ocrx_word' id='word_1_245' title='bbox 907 2818 1099 2877; x_wconf 90' lang='lat' dir='ltr'>monasteriis</span> <span class='ocrx_word' id='word_1_246' title='bbox 1123 2819 1327 2878; x_wconf 88' lang='lat' dir='ltr'>educabantur</span> <span class='ocrx_word' id='word_1_247' title='bbox 1345 2819 1391 2876; x_wconf 84' lang='lat' dir='ltr'>rol</span> 
     </span>
     <span class='ocr_line' id='line_1_27' title="bbox 214 2905 1393 2983; baseline 0.004 -22"><span class='ocrx_word' id='word_1_248' title='bbox 214 2905 417 2978; x_wconf 87' lang='lat' dir='ltr'>morabantur,</span> <span class='ocrx_word' id='word_1_249' title='bbox 430 2913 459 2964; x_wconf 89' lang='lat' dir='ltr'>et</span> <span class='ocrx_word' id='word_1_250' title='bbox 473 2907 530 2978; x_wconf 82' lang='lat' dir='ltr'>baa,</span> <span class='ocrx_word' id='word_1_251' title='bbox 543 2908 569 2966; x_wconf 92' lang='lat' dir='ltr'>si</span> <span class='ocrx_word' id='word_1_252' title='bbox 583 2909 676 2967; x_wconf 85' lang='lat' dir='ltr'>fracta</span> <span class='ocrx_word' id='word_1_253' title='bbox 691 2909 760 2978; x_wconf 81' lang='lat' dir='ltr'>fide,</span> <span class='ocrx_word' id='word_1_254' title='bbox 776 2910 896 2983; x_wconf 88' lang='lat' dir='ltr'>nuptias</span> <span class='ocrx_word' id='word_1_255' title='bbox 908 2913 1132 2977; x_wconf 86' lang='lat' dir='ltr'>contraxerunt,</span> <span class='ocrx_word' id='word_1_256' title='bbox 1140 2907 1324 2982; x_wconf 87' lang='lat' dir='ltr'>jubebantur</span> <span class='ocrx_word' id='word_1_257' title='bbox 1333 2923 1393 2966; x_wconf 86' lang='lat' dir='ltr'>rna-</span> 
     </span>
     <span class='ocr_line' id='line_1_28' title="bbox 214 2997 1391 3072; baseline 0.003 -20"><span class='ocrx_word' id='word_1_258' title='bbox 214 3009 284 3053; x_wconf 89' lang='lat' dir='ltr'>ncrc</span> <span class='ocrx_word' id='word_1_259' title='bbox 307 3011 375 3054; x_wconf 91' lang='lat' dir='ltr'>cum</span> <span class='ocrx_word' id='word_1_260' title='bbox 402 2997 520 3068; x_wconf 81' lang='lat' dir='ltr'>meritc,</span> <span class='ocrx_word' id='word_1_261' title='bbox 544 2999 622 3056; x_wconf 89' lang='lat' dir='ltr'>sicut</span> <span class='ocrx_word' id='word_1_262' title='bbox 643 3015 668 3056; x_wconf 92' lang='lat' dir='ltr'>c.</span> <span class='ocrx_word' id='word_1_263' title='bbox 692 3002 709 3054; x_wconf 81' lang='lat' dir='ltr'>i</span> <span class='ocrx_word' id='word_1_264' title='bbox 732 2997 761 3056; x_wconf 87' lang='lat' dir='ltr'>b.</span> <span class='ocrx_word' id='word_1_265' title='bbox 781 3003 814 3069; x_wconf 88' lang='lat' dir='ltr'>t.;</span> <span class='ocrx_word' id='word_1_266' title='bbox 831 3005 937 3070; x_wconf 91' lang='lat' dir='ltr'>estque</span> <span class='ocrx_word' id='word_1_267' title='bbox 955 2998 1059 3056; x_wconf 90' lang='lat' dir='ltr'>talium</span> <span class='ocrx_word' id='word_1_268' title='bbox 1081 2998 1231 3072; x_wconf 82' lang='lat' dir='ltr'>virgmum</span> <span class='ocrx_word' id='word_1_269' title='bbox 1248 2999 1391 3072; x_wconf 83' lang='lat' dir='ltr'>frequens</span> 
     </span>
     <span class='ocr_line' id='line_1_29' title="bbox 213 3085 1391 3161; baseline 0.003 -20"><span class='ocrx_word' id='word_1_270' title='bbox 213 3085 326 3145; x_wconf 86' lang='lat' dir='ltr'>mentio</span> <span class='ocrx_word' id='word_1_271' title='bbox 341 3088 419 3160; x_wconf 91' lang='lat' dir='ltr'>apud</span> <span class='ocrx_word' id='word_1_272' title='bbox 435 3091 536 3146; x_wconf 82' lang='lat' dir='ltr'>fatres</span> <span class='ocrx_word' id='word_1_273' title='bbox 551 3094 580 3146; x_wconf 90' lang='lat' dir='ltr'>et</span> <span class='ocrx_word' id='word_1_274' title='bbox 595 3088 625 3144; x_wconf 95' lang='lat' dir='ltr'>in</span> <span class='ocrx_word' id='word_1_275' title='bbox 642 3088 776 3161; x_wconf 85' lang='lat' dir='ltr'>antiquis</span> <span class='ocrx_word' id='word_1_276' title='bbox 798 3087 982 3156; x_wconf 86' lang='lat' dir='ltr'>canonibus;</span> <span class='ocrx_word' id='word_1_277' title='bbox 1007 3087 1067 3146; x_wconf 87' lang='lat' dir='ltr'>irno</span> <span class='ocrx_word' id='word_1_278' title='bbox 1087 3093 1116 3144; x_wconf 87' lang='lat' dir='ltr'>ct</span> <span class='ocrx_word' id='word_1_279' title='bbox 1133 3087 1266 3147; x_wconf 87' lang='lat' dir='ltr'>virorum</span> <span class='ocrx_word' id='word_1_280' title='bbox 1285 3088 1336 3161; x_wconf 93' lang='lat' dir='ltr'>qni</span> <span class='ocrx_word' id='word_1_281' title='bbox 1360 3089 1391 3145; x_wconf 93' lang='lat' dir='ltr'>in</span> 
     </span>
     <span class='ocr_line' id='line_1_30' title="bbox 214 3175 1447 3250; baseline 0.003 -18"><span class='ocrx_word' id='word_1_282' title='bbox 214 3175 354 3234; x_wconf 90' lang='lat' dir='ltr'>claustris</span> <span class='ocrx_word' id='word_1_283' title='bbox 368 3177 572 3248; x_wconf 90' lang='lat' dir='ltr'>morabantur,</span> <span class='ocrx_word' id='word_1_284' title='bbox 589 3179 662 3250; x_wconf 92' lang='lat' dir='ltr'>quin</span> <span class='ocrx_word' id='word_1_285' title='bbox 679 3179 748 3237; x_wconf 90' lang='lat' dir='ltr'>facti</span> <span class='ocrx_word' id='word_1_286' title='bbox 765 3178 876 3236; x_wconf 91' lang='lat' dir='ltr'>fuerint</span> <span class='ocrx_word' id='word_1_287' title='bbox 888 3177 949 3236; x_wconf 84' lang='lat' dir='ltr'>veri</span> <span class='ocrx_word' id='word_1_288' title='bbox 963 3178 1113 3235; x_wconf 91' lang='lat' dir='ltr'>monacbi.</span> <span class='ocrx_word' id='word_1_289' title='bbox 1132 3177 1204 3234; x_wconf 83' lang='lat' dir='ltr'>Aliae</span> <span class='ocrx_word' id='word_1_290' title='bbox 1218 3184 1317 3236; x_wconf 91' lang='lat' dir='ltr'>autom</span> <span class='ocrx_word' id='word_1_291' title='bbox 1336 3179 1392 3236; x_wconf 88' lang='lat' dir='ltr'>vir·</span> <span class='ocrx_word' id='word_1_292' title='bbox 1444 3217 1447 3224; x_wconf 87' lang='lat'><strong>.</strong></span> 
     </span>
     <span class='ocr_line' id='line_1_31' title="bbox 214 3265 1391 3341; baseline 0.003 -20"><span class='ocrx_word' id='word_1_293' title='bbox 214 3265 301 3337; x_wconf 84' lang='lat' dir='ltr'>gincs</span> <span class='ocrx_word' id='word_1_294' title='bbox 311 3267 486 3325; x_wconf 90' lang='lat' dir='ltr'>emittebant</span> <span class='ocrx_word' id='word_1_295' title='bbox 501 3276 604 3325; x_wconf 87' lang='lat' dir='ltr'>votum</span> <span class='ocrx_word' id='word_1_296' title='bbox 620 3269 727 3341; x_wconf 84' lang='lat' dir='ltr'>triplex</span> <span class='ocrx_word' id='word_1_297' title='bbox 742 3267 941 3340; x_wconf 80' lang='lat' dir='ltr'>professionis</span> <span class='ocrx_word' id='word_1_298' title='bbox 959 3267 1227 3340; x_wconf 77' lang='lat' dir='ltr'>1·eligiostu,quam</span> <span class='ocrx_word' id='word_1_299' title='bbox 1248 3281 1391 3326; x_wconf 91' lang='lat' dir='ltr'>vocamus</span> 
     </span>
     <span class='ocr_line' id='line_1_32' title="bbox 214 3357 1393 3432; baseline 0.002 -20"><span class='ocrx_word' id='word_1_300' title='bbox 214 3357 487 3432; x_wconf 79' lang='lat' dir='ltr'>modosotemrtem,·</span> <span class='ocrx_word' id='word_1_301' title='bbox 502 3364 531 3416; x_wconf 92' lang='lat' dir='ltr'>et</span> <span class='ocrx_word' id='word_1_302' title='bbox 545 3360 575 3416; x_wconf 91' lang='lat' dir='ltr'>in</span> <span class='ocrx_word' id='word_1_303' title='bbox 590 3357 649 3428; x_wconf 89' lang='lat' dir='ltr'>bis,</span> <span class='ocrx_word' id='word_1_304' title='bbox 660 3358 703 3416; x_wconf 88' lang='lat' dir='ltr'>nti</span> <span class='ocrx_word' id='word_1_305' title='bbox 718 3359 805 3416; x_wconf 87' lang='lat' dir='ltr'>ctiam</span> <span class='ocrx_word' id='word_1_306' title='bbox 819 3357 849 3414; x_wconf 93' lang='lat' dir='ltr'>in</span> <span class='ocrx_word' id='word_1_307' title='bbox 866 3358 938 3414; x_wconf 83' lang='lat' dir='ltr'>viris</span> <span class='ocrx_word' id='word_1_308' title='bbox 950 3358 1106 3430; x_wconf 88' lang='lat' dir='ltr'>professis,</span> <span class='ocrx_word' id='word_1_309' title='bbox 1121 3358 1201 3415; x_wconf 90' lang='lat' dir='ltr'>aliud</span> <span class='ocrx_word' id='word_1_310' title='bbox 1217 3357 1393 3416; x_wconf 83' lang='lat' dir='ltr'>observaba-</span> 
     </span>
     <span class='ocr_line' id='line_1_33' title="bbox 213 3445 1391 3523; baseline 0.002 -21"><span class='ocrx_word' id='word_1_311' title='bbox 213 3453 262 3504; x_wconf 89' lang='lat' dir='ltr'>tur</span> <span class='ocrx_word' id='word_1_312' title='bbox 268 3466 277 3518; x_wconf 83' lang='lat'><em>3</em></span> <span class='ocrx_word' id='word_1_313' title='bbox 288 3447 359 3518; x_wconf 94' lang='lat' dir='ltr'>quia</span> <span class='ocrx_word' id='word_1_314' title='bbox 369 3449 579 3507; x_wconf 86' lang='lat' dir='ltr'>contrahentes</span> <span class='ocrx_word' id='word_1_315' title='bbox 592 3445 713 3521; x_wconf 87' lang='lat' dir='ltr'>nuptias</span> <span class='ocrx_word' id='word_1_316' title='bbox 726 3447 858 3520; x_wconf 86' lang='lat' dir='ltr'>separati</span> <span class='ocrx_word' id='word_1_317' title='bbox 869 3447 1018 3505; x_wconf 87' lang='lat' dir='ltr'>debebant</span> <span class='ocrx_word' id='word_1_318' title='bbox 1029 3447 1092 3505; x_wconf 84' lang='lat' dir='ltr'>siue</span> <span class='ocrx_word' id='word_1_319' title='bbox 1107 3447 1204 3514; x_wconf 83' lang='lat' dir='ltr'>iuviti,</span> <span class='ocrx_word' id='word_1_320' title='bbox 1216 3447 1279 3506; x_wconf 84' lang='lat' dir='ltr'>sinc</span> <span class='ocrx_word' id='word_1_321' title='bbox 1290 3447 1391 3523; x_wconf 78' lang='lat' dir='ltr'>uolun-</span> 
     </span>
     <span class='ocr_line' id='line_1_34' title="bbox 213 3535 1392 3610; baseline -0.001 -18"><span class='ocrx_word' id='word_1_322' title='bbox 213 3535 301 3604; x_wconf 83' lang='lat' dir='ltr'>tarii,</span> <span class='ocrx_word' id='word_1_323' title='bbox 326 3543 355 3594; x_wconf 90' lang='lat' dir='ltr'>ct</span> <span class='ocrx_word' id='word_1_324' title='bbox 375 3553 428 3610; x_wconf 88' lang='lat' dir='ltr'>per·</span> <span class='ocrx_word' id='word_1_325' title='bbox 451 3551 597 3596; x_wconf 85' lang='lat' dir='ltr'>censuras</span> <span class='ocrx_word' id='word_1_326' title='bbox 621 3536 878 3609; x_wconf 88' lang='lat' dir='ltr'>compellebantur</span> <span class='ocrx_word' id='word_1_327' title='bbox 897 3535 994 3594; x_wconf 88' lang='lat' dir='ltr'>redire</span> <span class='ocrx_word' id='word_1_328' title='bbox 1015 3535 1052 3594; x_wconf 91' lang='lat' dir='ltr'>ad</span> <span class='ocrx_word' id='word_1_329' title='bbox 1076 3536 1273 3606; x_wconf 88' lang='lat' dir='ltr'>monasteria,</span> <span class='ocrx_word' id='word_1_330' title='bbox 1298 3541 1331 3593; x_wconf 90' lang='lat' dir='ltr'>ut</span> <span class='ocrx_word' id='word_1_331' title='bbox 1355 3551 1392 3592; x_wconf 87' lang='lat' dir='ltr'>cx</span> 
     </span>
     <span class='ocr_line' id='line_1_35' title="bbox 212 3625 1391 3700; baseline 0.001 -20"><span class='ocrx_word' id='word_1_332' title='bbox 212 3625 354 3694; x_wconf 83' lang='lat' dir='ltr'>Apostolc</span> <span class='ocrx_word' id='word_1_333' title='bbox 374 3627 503 3684; x_wconf 83' lang='lat' dir='ltr'>doceis.</span> <span class='ocrx_word' id='word_1_334' title='bbox 521 3629 642 3700; x_wconf 83' lang='lat' dir='ltr'>Gregor.</span> <span class='ocrx_word' id='word_1_335' title='bbox 661 3630 739 3700; x_wconf 85' lang='lat' dir='ltr'>(carr.</span> <span class='ocrx_word' id='word_1_336' title='bbox 751 3632 779 3696; x_wconf 76' lang='lat'>2,</span> <span class='ocrx_word' id='word_1_337' title='bbox 794 3641 862 3684; x_wconf 93' lang='lat' dir='ltr'>cum</span> <span class='ocrx_word' id='word_1_338' title='bbox 883 3629 1004 3698; x_wconf 70' lang='lat' dir='ltr'>sequi,</span> <span class='ocrx_word' id='word_1_339' title='bbox 1021 3629 1101 3697; x_wconf 85' lang='lat' dir='ltr'>ql).</span> <span class='ocrx_word' id='word_1_340' title='bbox 1122 3627 1144 3682; x_wconf 81' lang='grc' dir='ltr'>Α</span> <span class='ocrx_word' id='word_1_341' title='bbox 1165 3625 1280 3683; x_wconf 79' lang='lat' dir='ltr'>caeteris</span> <span class='ocrx_word' id='word_1_342' title='bbox 1302 3638 1391 3697; x_wconf 80' lang='lat' dir='ltr'>argu-</span> 
     </span>
     <span class='ocr_line' id='line_1_36' title="bbox 213 3714 1415 3789; baseline 0.001 -20"><span class='ocrx_word' id='word_1_343' title='bbox 213 3714 323 3772; x_wconf 87' lang='lat' dir='ltr'>mentis</span> <span class='ocrx_word' id='word_1_344' title='bbox 345 3730 412 3787; x_wconf 75' lang='lat' dir='ltr'>quae</span> <span class='ocrx_word' id='word_1_345' title='bbox 431 3717 478 3774; x_wconf 91' lang='lat' dir='ltr'>bic</span> <span class='ocrx_word' id='word_1_346' title='bbox 499 3717 589 3789; x_wconf 88' lang='lat' dir='ltr'>objici</span> <span class='ocrx_word' id='word_1_347' title='bbox 605 3717 718 3786; x_wconf 90' lang='lat' dir='ltr'>solent,</span> <span class='ocrx_word' id='word_1_348' title='bbox 741 3715 896 3786; x_wconf 89' lang='lat' dir='ltr'>abstinoo;</span> <span class='ocrx_word' id='word_1_349' title='bbox 916 3721 980 3772; x_wconf 91' lang='lat' dir='ltr'>tum</span> <span class='ocrx_word' id='word_1_350' title='bbox 1000 3716 1070 3789; x_wconf 89' lang='lat' dir='ltr'>quia</span> <span class='ocrx_word' id='word_1_351' title='bbox 1093 3714 1169 3774; x_wconf 89' lang='lat' dir='ltr'>lavia</span> <span class='ocrx_word' id='word_1_352' title='bbox 1187 3721 1273 3786; x_wconf 92' lang='lat' dir='ltr'>sunt,</span> <span class='ocrx_word' id='word_1_353' title='bbox 1302 3720 1330 3771; x_wconf 88' lang='lat' dir='ltr'>ct</span> <span class='ocrx_word' id='word_1_354' title='bbox 1355 3729 1415 3771; x_wconf 81' lang='lat' dir='ltr'>cx.</span> 
     </span>
     <span class='ocr_line' id='line_1_37' title="bbox 214 3801 1391 3878; baseline 0.001 -20"><span class='ocrx_word' id='word_1_355' title='bbox 214 3801 302 3860; x_wconf 90' lang='lat' dir='ltr'>dictis</span> <span class='ocrx_word' id='word_1_356' title='bbox 317 3804 417 3862; x_wconf 83' lang='lat' dir='ltr'>solutu</span> <span class='ocrx_word' id='word_1_357' title='bbox 431 3811 567 3874; x_wconf 83' lang='lat' dir='ltr'>manent3</span> <span class='ocrx_word' id='word_1_358' title='bbox 584 3809 646 3863; x_wconf 92' lang='lat' dir='ltr'>tum</span> <span class='ocrx_word' id='word_1_359' title='bbox 663 3806 734 3878; x_wconf 86' lang='lat' dir='ltr'>quia</span> <span class='ocrx_word' id='word_1_360' title='bbox 752 3820 812 3862; x_wconf 94' lang='lat' dir='ltr'>non</span> <span class='ocrx_word' id='word_1_361' title='bbox 832 3810 878 3861; x_wconf 89' lang='lat' dir='ltr'>est</span> <span class='ocrx_word' id='word_1_362' title='bbox 893 3803 966 3861; x_wconf 90' lang='lat' dir='ltr'>mibi</span> <span class='ocrx_word' id='word_1_363' title='bbox 986 3803 1174 3876; x_wconf 88' lang='lat' dir='ltr'>propositum</span> <span class='ocrx_word' id='word_1_364' title='bbox 1193 3803 1391 3876; x_wconf 88' lang='lat' dir='ltr'>disputatoria</span> 
     </span>
    </p>
   </div>
   <div class='ocr_carea' id='block_1_3' title="bbox 103 3891 1468 3968">
    <p class='ocr_par' dir='ltr' id='par_1_3' title="bbox 103 3891 1468 3968">
     <span class='ocr_line' id='line_1_38' title="bbox 103 3891 1468 3968; baseline 0.004 -21"><span class='ocrx_word' id='word_1_365' title='bbox 103 3939 108 3948; x_wconf 87' lang='lat'>.</span> <span class='ocrx_word' id='word_1_366' title='bbox 214 3891 375 3950; x_wconf 85' lang='lat' dir='ltr'>scribendi.</span> <span class='ocrx_word' id='word_1_367' title='bbox 391 3897 434 3951; x_wconf 85' lang='lat' dir='ltr'>An</span> <span class='ocrx_word' id='word_1_368' title='bbox 451 3899 480 3951; x_wconf 90' lang='lat' dir='ltr'>ct</span> <span class='ocrx_word' id='word_1_369' title='bbox 498 3893 649 3966; x_wconf 93' lang='lat' dir='ltr'>quomodo</span> <span class='ocrx_word' id='word_1_370' title='bbox 671 3894 820 3968; x_wconf 86' lang='lat' dir='ltr'>professio</span> <span class='ocrx_word' id='word_1_371' title='bbox 840 3894 982 3968; x_wconf 83' lang='lat' dir='ltr'>religiosa</span> <span class='ocrx_word' id='word_1_372' title='bbox 1000 3893 1148 3952; x_wconf 88' lang='lat' dir='ltr'>dissolvat</span> <span class='ocrx_word' id='word_1_373' title='bbox 1166 3893 1391 3952; x_wconf 87' lang='lat' dir='ltr'>matrimonium</span> <span class='ocrx_word' id='word_1_374' title='bbox 1464 3911 1468 3919; x_wconf 91' lang='lat'>·</span> 
     </span>
    </p>
   </div>
   <div class='ocr_carea' id='block_1_4' title="bbox 213 3983 842 4053">
    <p class='ocr_par' dir='ltr' id='par_1_4' title="bbox 213 3983 842 4053">
     <span class='ocr_line' id='line_1_39' title="bbox 213 3983 842 4053; baseline -0.002 -12"><span class='ocrx_word' id='word_1_375' title='bbox 213 3989 409 4048; x_wconf 91' lang='lat' dir='ltr'>contractum,</span> <span class='ocrx_word' id='word_1_376' title='bbox 423 3983 518 4042; x_wconf 91' lang='lat' dir='ltr'>dicam</span> <span class='ocrx_word' id='word_1_377' title='bbox 537 3985 579 4042; x_wconf 92' lang='lat' dir='ltr'>tit.</span> <span class='ocrx_word' id='word_1_378' title='bbox 596 3985 666 4053; x_wconf 88' lang='lat' dir='ltr'>llllt,</span> <span class='ocrx_word' id='word_1_379' title='bbox 683 3983 718 4042; x_wconf 86' lang='lat' dir='ltr'>de</span> <span class='ocrx_word' id='word_1_380' title='bbox 730 3985 842 4042; x_wconf 85' lang='lat' dir='ltr'>biuort.</span> 
     </span>
    </p>
   </div>
   <div class='ocr_carea' id='block_1_5' title="bbox 259 4181 1347 4316">
    <p class='ocr_par' dir='ltr' id='par_1_5' title="bbox 259 4181 1347 4316">
     <span class='ocr_line' id='line_1_40' title="bbox 259 4181 1347 4314; baseline 0.001 -81"><span class='ocrx_word' id='word_1_381' title='bbox 259 4183 301 4234; x_wconf 90' lang='lat' dir='ltr'>ill.</span> <span class='ocrx_word' id='word_1_382' title='bbox 314 4183 355 4234; x_wconf 76' lang='lat' dir='ltr'>Aa</span> <span class='ocrx_word' id='word_1_383' title='bbox 371 4182 468 4234; x_wconf 88' lang='lat' dir='ltr'>votum</span> <span class='ocrx_word' id='word_1_384' title='bbox 482 4182 599 4247; x_wconf 79' lang='lat' dir='ltr'>simplet</span> <span class='ocrx_word' id='word_1_385' title='bbox 614 4183 796 4236; x_wconf 82' lang='lat' dir='ltr'>continentie</span> <span class='ocrx_word' id='word_1_386' title='bbox 811 4182 928 4314; x_wconf 51' lang='lat' dir='ltr'>indqcat</span> <span class='ocrx_word' id='word_1_387' title='bbox 938 4181 1175 4248; x_wconf 87' lang='lat' dir='ltr'>impedimentum</span> <span class='ocrx_word' id='word_1_388' title='bbox 1188 4181 1347 4247; x_wconf 87' lang='lat' dir='ltr'>impediens</span> 
     </span>
     <span class='ocr_line' id='line_1_41' title="bbox 704 4264 900 4316; baseline -0.01 0"><span class='ocrx_word' id='word_1_389' title='bbox 704 4264 869 4316; x_wconf 87' lang='lat' dir='ltr'>matrimoni</span> <span class='ocrx_word' id='word_1_390' title='bbox 888 4269 900 4314; x_wconf 81' lang='lat' dir='ltr'>t</span> 
     </span>
    </p>
   </div>
   <div class='ocr_carea' id='block_1_6' title="bbox 214 4431 1392 4739">
    <p class='ocr_par' dir='ltr' id='par_1_6' title="bbox 214 4431 1392 4739">
     <span class='ocr_line' id='line_1_42' title="bbox 254 4431 1391 4521; baseline 0.003 -22"><span class='ocrx_word' id='word_1_391' title='bbox 254 4431 354 4520; x_wconf 85' lang='lat' dir='ltr'>Resp.</span> <span class='ocrx_word' id='word_1_392' title='bbox 367 4437 396 4502; x_wconf 87' lang='lat' dir='ltr'>l.</span> <span class='ocrx_word' id='word_1_393' title='bbox 411 4435 534 4504; x_wconf 92' lang='lat' dir='ltr'>Votum</span> <span class='ocrx_word' id='word_1_394' title='bbox 547 4435 692 4521; x_wconf 84' lang='lat' dir='ltr'>simplex</span> <span class='ocrx_word' id='word_1_395' title='bbox 702 4435 920 4502; x_wconf 75' lang='lat' dir='ltr'>continentia,</span> <span class='ocrx_word' id='word_1_396' title='bbox 929 4435 1135 4502; x_wconf 82' lang='lat' dir='ltr'>antecedens</span> <span class='ocrx_word' id='word_1_397' title='bbox 1144 4432 1316 4520; x_wconf 83' lang='lat' dir='ltr'>sponsalia</span> <span class='ocrx_word' id='word_1_398' title='bbox 1329 4435 1391 4502; x_wconf 88' lang='lat' dir='ltr'>im·</span> 
     </span>
     <span class='ocr_line' id='line_1_43' title="bbox 214 4545 1392 4631; baseline 0.001 -19"><span class='ocrx_word' id='word_1_399' title='bbox 214 4547 307 4630; x_wconf 90' lang='lat' dir='ltr'>pedit</span> <span class='ocrx_word' id='word_1_400' title='bbox 321 4547 580 4611; x_wconf 79' lang='lat' dir='ltr'>matrimonium</span> <span class='ocrx_word' id='word_1_401' title='bbox 594 4545 683 4612; x_wconf 91' lang='lat' dir='ltr'>licite</span> <span class='ocrx_word' id='word_1_402' title='bbox 699 4546 987 4622; x_wconf 87' lang='lat' dir='ltr'>contrabendum;</span> <span class='ocrx_word' id='word_1_403' title='bbox 1009 4552 1043 4610; x_wconf 91' lang='lat' dir='ltr'>et</span> <span class='ocrx_word' id='word_1_404' title='bbox 1057 4564 1195 4631; x_wconf 90' lang='lat' dir='ltr'>conseq.</span> <span class='ocrx_word' id='word_1_405' title='bbox 1213 4550 1392 4631; x_wconf 87' lang='lat' dir='ltr'>sequentia</span> 
     </span>
     <span class='ocr_line' id='line_1_44' title="bbox 215 4652 1390 4739; baseline 0.003 -21"><span class='ocrx_word' id='word_1_406' title='bbox 215 4656 386 4738; x_wconf 87' lang='lat' dir='ltr'>sponsalia</span> <span class='ocrx_word' id='word_1_407' title='bbox 406 4655 508 4720; x_wconf 88' lang='lat' dir='ltr'>etiarn</span> <span class='ocrx_word' id='word_1_408' title='bbox 521 4658 645 4739; x_wconf 88' lang='lat' dir='ltr'>jurata,</span> <span class='ocrx_word' id='word_1_409' title='bbox 664 4654 719 4720; x_wconf 87' lang='lat' dir='ltr'>vol</span> <span class='ocrx_word' id='word_1_410' title='bbox 734 4673 796 4738; x_wconf 90' lang='lat' dir='ltr'>per</span> <span class='ocrx_word' id='word_1_411' title='bbox 809 4652 967 4738; x_wconf 87' lang='lat' dir='ltr'>copulam</span> <span class='ocrx_word' id='word_1_412' title='bbox 986 4655 1130 4730; x_wconf 84' lang='lat' dir='ltr'>llrmala,</span> <span class='ocrx_word' id='word_1_413' title='bbox 1149 4655 1227 4737; x_wconf 84' lang='lat' dir='ltr'>jure</span> <span class='ocrx_word' id='word_1_414' title='bbox 1244 4657 1390 4723; x_wconf 89' lang='lat' dir='ltr'>naturali</span> 
     </span>
    </p>
   </div>
   <div class='ocr_carea' id='block_1_7' title="bbox 0 0 1762 5564">
    <p class='ocr_par' dir='ltr' id='par_1_7' title="bbox 0 0 1762 5564">
     <span class='ocr_line' id='line_1_45' title="bbox 0 0 1762 5564; baseline 0 0"><span class='ocrx_word' id='word_1_415' title='bbox 0 0 1762 5564; x_wconf 95' lang='lat' dir='ltr'> </span> 
     </span>
    </p>
   </div>
  </div>
 </body>
</html>
