3412 5570
523 640 611 688 urana
632 641 758 700 curares
776 639 995 688 oncuuranuu.
1288 623 1346 690 441

174 756 251 824 talis
266 760 304 822 ut
317 756 491 842 paciscens
506 775 576 824 non
593 759 706 824 valeat
726 759 940 844 aliquatenus
960 757 1215 842 deprehendere
1239 759 1350 827 defor-

173 865 329 931 mitatem
343 869 448 930 actus.
464 864 533 930 lloc
548 871 600 930 est
613 867 688 932 luco
703 866 837 943 clarius,
855 866 990 951 quando
1002 871 1139 948 pactum
1150 867 1187 930 fit
1201 885 1280 932 oum
1297 887 1351 933 so-

173 972 360 1049 lemnitate,
379 993 440 1038 seu
461 973 597 1057 quando
617 973 751 1038 daemon
767 978 907 1056 apparet
925 973 1196 1042 insimilitudine
1214 994 1350 1041 monar-

173 1083 256 1158 chae,
266 1081 302 1162 in
313 1082 424 1146 forma
433 1081 567 1157 visibili,
579 1081 695 1144 multis
710 1081 853 1163 stipatus
865 1080 1224 1161 daemonumcatervis,
1235 1101 1351 1148 coram

176 1187 298 1273 quibus
318 1189 477 1272 utrinque
497 1189 585 1252 flunt
606 1188 851 1272 promissiones
869 1207 876 1250 :
893 1189 996 1253 bomo
1013 1189 1181 1272 promittit
1195 1207 1231 1254 se
1248 1209 1351 1270 nega-

175 1301 291 1361 turum
304 1297 423 1374 Deum,
441 1298 557 1362 omnia
571 1301 783 1362 sacramenta
796 1302 830 1362 et
844 1315 899 1362 res
910 1315 1033 1373 sacras,
1050 1301 1083 1361 et
1104 1297 1252 1362 declarat
1267 1298 1351 1362 illud

175 1408 313 1488 pactum
341 1423 377 1470 so
404 1423 580 1488 nunquam
595 1405 818 1489 proditurum.
841 1403 919 1469 Tale
934 1409 1081 1489 ,pactum
1105 1409 1158 1470 est
1176 1405 1352 1471 evidenter

175 1513 385 1580 horrendum
398 1520 586 1597 paccatum.

216 1621 250 1684 Si
264 1621 426 1687 divinatio
441 1623 480 1686 tlt
492 1623 525 1686 Ψ
541 1641 602 1706 per
612 1628 750 1707 pactum
764 1623 977 1707 implicitum,
991 1628 1044 1687 est
1056 1623 1158 1687 etiam
1171 1641 1351 1704 exgenere

176 1749 238 1796 suo
248 1734 424 1814 peccatum
431 1731 572 1797 mortale
584 1737 701 1797 contra
710 1732 911 1813 religionem
922 1737 956 1798 et
965 1732 1095 1797 cultum
1106 1731 1177 1796 Deo
1187 1730 1349 1796 debitum.

176 1839 351 1904 Perillam
375 1839 466 1902 enim
485 1840 590 1904 initur
611 1841 714 1904 etiam
732 1841 943 1904 consortium
967 1845 1001 1904 et
1025 1840 1168 1905 societas
1187 1857 1266 1904 cum
1289 1839 1353 1904 dae-

174 1951 463 2031 mone,perpetuo
477 1947 538 2011 Dei
553 1948 662 2022 hoste,
674 1953 708 2012 et
719 1947 822 2012 bomo
834 1965 870 2012 se
881 1948 1016 2030 subjicit
1025 1951 1099 2032 ejus
1108 1947 1302 2031 discipliuae,
1315 1953 1353 2012 ut

176 2055 220 2121 ab
233 2073 274 2121 eo
286 2073 341 2120 res
356 2055 496 2122 occulta
511 2056 794 2121 manifestentur:
812 2061 864 2120 est
877 2074 960 2138 ergo
975 2055 1167 2120 damonem
1183 2057 1352 2121 honorare

177 2167 212 2228 et
225 2181 246 2230 a
258 2163 329 2229 Deo
345 2163 488 2228 delicere
504 2183 511 2239 ;
528 2162 642 2246 itaque
656 2182 725 2228 uon
738 2164 928 2228 admittitur
940 2165 1089 2247 parvitas
1109 2165 1270 2229 materia.
1294 2163 1353 2228 Ta-

176 2288 257 2334 men
273 2289 316 2334 ex
329 2269 470 2334 diversis
485 2270 650 2352 capitibus
665 2257 842 2354 peccatum
856 2276 970 2354 potest
983 2272 1057 2335 fieri
1068 2271 1210 2348 veniale,
1228 2270 1354 2335 scilicet

177 2397 239 2462 per
253 2379 481 2460 ignorantiam
496 2378 690 2444 vincibilem
706 2379 855 2462 quidem,
872 2379 1016 2444 sednon
1031 2397 1181 2444 crassam
1205 2384 1239 2443 et
1255 2379 1354 2444 affec-

178 2491 283 2552 tatam
298 2507 306 2564 3
324 2487 370 2553 ita
385 2487 488 2552 etiam
504 2505 547 2550 ex
560 2492 656 2571 parte
672 2487 883 2564 intentionis,
900 2493 939 2552 ut
957 2489 983 2552 si
999 2490 1081 2553 istas
1095 2489 1353 2571 superstitiones

178 2594 253 2678 quis
276 2599 450 2671 exerceat,
467 2613 545 2659 non
576 2595 673 2678 qnasi
701 2596 873 2672 efficaces,
896 2595 955 2660 sed
982 2601 1144 2679 tanquam
1167 2613 1291 2670 vonas,
1312 2614 1354 2658 ex

178 2701 325 2786 quadam
351 2700 501 2778 levitate,
527 2707 566 2765 ut
589 2702 617 2765 si
639 2721 683 2766 ex
703 2705 782 2784 joco
806 2707 840 2767 et
859 2702 902 2768 ad
927 2701 1173 2785 experiendum
1193 2703 1354 2767 effectum

177 2827 280 2875 causa
290 2809 504 2886 curiositatis,
514 2808 756 2874 adhiberentur
768 2830 775 2872 :
788 2810 852 2874 erit
861 2810 992 2874 vanitas
1002 2811 1115 2892 potius
1126 2829 1229 2894 quam
1239 2829 1354 2894 super-

179 2919 282 2982 stitio.
298 2917 392 2982 Unde
410 2918 468 3002 qui
479 2917 544 2980 illis
559 2918 680 2982 mediis
695 2919 812 2995 utitur,
833 2918 975 2983 credens
990 2923 1101 2983 totum
1116 2937 1191 2984 esso
1209 2918 1305 2984 futile
1321 2922 1356 2983 et

177 3043 318 3100 vanum,
335 3043 404 3089 non
419 3030 535 3109 peccat
549 3025 746 3101 mortaliter,
760 3043 839 3090 oum
854 3025 987 3090 deficiat
998 3026 1134 3090 animus
1146 3025 1355 3108 superstitio-

181 3151 239 3198 sus
258 3133 443 3215 indagandi
467 3133 609 3198 occulta.
632 3133 792 3200 Similiter
815 3135 958 3200 venialis
973 3139 1026 3198 est
1041 3135 1202 3199 divinatio
1219 3133 1354 3217 quando

181 3245 406 3308 observantur
421 3242 563 3319 somnia,
581 3243 734 3324 auguria,
757 3251 834 3320 etc,
859 3243 887 3307 si
908 3243 974 3307 illis
988 3247 1090 3306 utens
1111 3261 1180 3307 uon
1198 3241 1356 3306 adhibeat

180 3349 246 3414 illis
261 3355 389 3416 certam
404 3351 518 3415 tidem.
535 3351 662 3416 Tamen
677 3357 729 3417 est
742 3370 798 3417 res
812 3351 911 3417 valde
919 3351 1118 3434 periculosa,
1131 3351 1211 3434 qnia
1222 3349 1356 3414 damon

181 3477 243 3541 per
254 3459 452 3542 hujusmodi
468 3460 620 3525 actiones
636 3479 726 3542 saepe
742 3461 776 3523 in
791 3462 910 3544 pejora
925 3462 1101 3544 protrahit.

221 3566 327 3631 Varia
338 3567 468 3650 species
482 3568 700 3633 divinationis
715 3587 786 3633 non
799 3569 961 3633 differunt
972 3569 1008 3633 in
1023 3569 1133 3653 specie
1149 3569 1280 3646 morali,
1296 3568 1356 3634 sed

182 3675 348 3740 duntaxat
358 3675 579 3741 materialiter
589 3677 666 3740 etin
677 3695 803 3758 genere
815 3678 903 3741 entis
914 3697 921 3754 ;
934 3696 1015 3742 nam
1026 3697 1241 3762 quocumque
1254 3677 1356 3742 modo

182 3783 242 3848 ilat
257 3782 430 3859 divinatio,
448 3783 519 3848 sive
533 3803 594 3867 per
609 3802 743 3868 aquam,
761 3784 833 3848 sive
849 3786 1056 3867 perignem,
1078 3789 1181 3862 etc...,
1200 3785 1357 3850 eamdem

183 3909 319 3974 semper
343 3892 446 3956 habet
478 3891 728 3956 deformitatem
753 3893 978 3978 eamdemque
1004 3895 1255 3977 oppositionem
1278 3911 1358 3958 oum

183 3999 325 4076 ratione,
343 3999 443 4063 sitam
457 3999 493 4061 in
516 4018 557 4064 eo
572 3999 663 4082 quod
678 4017 698 4064 a
713 3998 867 4064 daemone
882 4001 1073 4084 inquiratur
1088 4005 1122 4065 et
1143 4005 1359 4083 exspectetur

183 4106 332 4188 cognitio
341 4125 457 4171 rerum
466 4106 685 4172 occultarum.
694 4109 905 4192 Quapropter
913 4109 1023 4193 quoad
1032 4110 1167 4192 culpam
1177 4113 1211 4173 et
1220 4125 1358 4192 poenam

184 4233 254 4281 non
272 4213 435 4280 differunt
448 4215 550 4306 variae
566 4216 695 4298 species
715 4215 943 4281 divinationis.
959 4216 1172 4282 Divinatores
1196 4219 1230 4280 et
1252 4216 1355 4296 magi,

185 4323 288 4388 etiam
311 4323 399 4398 laici,
414 4322 527 4406 puniri
544 4327 698 4405 possunt,
718 4325 821 4387 etiam
840 4343 901 4406 per
912 4325 1063 4407 judicem
1079 4324 1355 4401 ecclesiasticum,

186 4449 246 4496 seu
257 4430 604 4515 perinquisitores,ut
614 4430 762 4495 declarat
772 4429 930 4508 SixtusV,
940 4433 976 4496 in
986 4437 1094 4497 const.
1110 4431 1197 4497 Coelz'
1204 4439 1237 4495 et
1246 4439 1354 4496 terreo.

224 4539 279 4602 lll.
296 4537 413 4616 Quoad
427 4539 645 4621 sortilepium.
668 4540 702 4622 c)
716 4538 829 4604 Sortes
846 4541 1012 4605 divisoria
1026 4559 1088 4624 per
1106 4558 1142 4604 se
1154 4539 1254 4604 licitae
1265 4545 1355 4615 sunt,

185 4653 224 4712 ut
236 4651 331 4730 patet
345 4665 388 4712 ex
403 4645 475 4711 sola
490 4645 699 4724 definitione,
725 4664 804 4710 cnm
824 4652 934 4712 sortes
952 4648 987 4712 in
1008 4665 1046 4713 se
1068 4666 1139 4713 non
1162 4647 1230 4713 sint
1245 4646 1355 4724 mala,

185 4773 248 4824 nec
263 4753 368 4826 ullam
378 4753 576 4823 contineant
591 4754 879 4838 superstitionem,
898 4774 962 4822 nec
980 4756 1015 4821 in
1030 4755 1194 4822 damnum
1215 4755 1358 4838 alicujus
