3508 5568
377 507 416 568 lc
650 587 651 598 ἵ
808 519 886 572 ‘rus
907 487 1087 571 canculeun.

377 649 432 704 tur
457 639 641 704 notabilem
668 643 837 722 jacturam
866 641 1050 719 bonorum,
1077 659 1154 705 curn
1181 641 1294 704 minus
1322 640 1435 705 idonei
1466 641 1549 704 liant

376 749 418 813 ad
441 748 582 814 ferenda
605 765 710 813 onera
732 748 956 826 matrimonii3
982 750 1065 813 itam
1091 751 1118 812 si
1143 755 1302 832 parentes
1326 747 1435 812 nolint
1469 747 1548 812 dare
1578 759 1582 766 '

376 857 502 932 dotem,
528 863 591 921 etc.
619 855 715 921 Ratio
741 855 864 921 borum
893 862 958 934 ost,
985 857 1064 941 quia
1091 858 1207 940 spousi
1232 861 1487 940 praesumuntur
1512 873 1548 918 se

376 983 446 1029 nou
460 963 548 1030 velle
569 963 719 1046 obligare
742 964 785 1028 ad
800 983 900 1030 casus
915 969 986 1029 tarn
1002 964 1165 1042 difficiles,
1191 963 1251 1028 sed
1273 964 1372 1029 tacite
1387 963 1548 1028 conditio-

375 1091 455 1136 nem
468 1076 644 1157 apponunt
659 1092 666 1134 ε
682 1073 715 1135 Si
725 1089 779 1136 res
795 1072 831 1136 in
844 1071 966 1137 eodem
980 1077 1070 1138 statu
1084 1076 1317 1156 permaneant.
1334 1070 1428 1136 ldem
1441 1071 1503 1148 dic,
1521 1071 1548 1134 si

376 1181 451 1246 talis
477 1201 581 1247 causa
605 1187 706 1248 autea
734 1182 894 1259 existens,
926 1201 958 1246 v.
986 1201 1019 1264 g.
1052 1183 1192 1247 morbus
1220 1181 1371 1265 gallicus,
1400 1181 1549 1264 primum

375 1295 453 1374 post
481 1291 652 1375 sponsalia
674 1291 881 1365 innotescat,
907 1291 987 1374 quia
1006 1290 1042 1354 in
1061 1293 1138 1374 jure
1160 1291 1253 1373 paria
1277 1295 1357 1354 sunt
1379 1307 1449 1354 non
1473 1305 1547 1352 esse

375 1403 409 1462 et
431 1419 501 1464 non
516 1418 678 1483 apparere
699 1400 730 1482 (l.
750 1399 847 1474 XXX,
869 1399 905 1463 ff.
923 1399 964 1463 de
985 1399 1127 1464 Testem.
1144 1399 1264 1478 tutet),
1281 1398 1373 1463 undo
1388 1415 1545 1481 sponsus,

374 1507 432 1590 qui
444 1508 606 1589 cogitavit
620 1527 656 1571 se
678 1507 878 1572 contrahere
893 1525 971 1571 cnm
986 1507 1130 1588 virgine,
1148 1508 1175 1570 si
1192 1507 1341 1589 primum
1355 1510 1432 1589 post
1447 1523 1546 1587 spou-

375 1615 458 1680 salia
479 1615 670 1679 innotescat
692 1632 767 1679 earn
791 1632 867 1678 esse
893 1619 1088 1697 corruptam
1114 1613 1170 1679 vel
1190 1615 1338 1689 viduam,
1363 1631 1432 1678 non
1453 1618 1546 1676 tene-

375 1729 429 1786 tur
444 1740 520 1790 eam
539 1722 673 1786 ducere.
691 1721 824 1806 Excipe,
848 1722 914 1785 nisi
936 1739 1093 1804 sponsus,
1119 1721 1256 1803 cognita
1279 1719 1419 1786 notabili
1440 1727 1547 1784 muta-

374 1831 465 1895 tione
495 1847 643 1913 sponsae,
675 1848 751 1894 eam
778 1828 958 1894 carnaliter
984 1829 1218 1912 cognovisset,
1247 1829 1416 1913 quiahoc
1443 1829 1546 1893 modo

373 1943 532 2005 censetur
558 1938 754 2002 renuntiare
775 1938 844 2019 jnri
865 1937 1048 2014 resiliendi,
1076 1938 1163 2002 sicut
1188 1938 1331 2002 maritus
1355 1935 1545 2003 accedendo

373 2047 415 2111 ad
443 2049 627 2130 conjugem
659 2046 850 2112 adulteram
878 2051 1037 2111 censetur
1068 2046 1229 2130 injuriam
1262 2046 1465 2110 condonare.
1495 2046 1545 2108 lln

372 2154 498 2220 divitiae
521 2155 711 2240 insperata,
737 2155 793 2221 vel
810 2155 968 2221 nobilitas
986 2157 1232 2242 superveniens
1254 2154 1466 2238 sponsalibus
1490 2153 1547 2216 det

370 2267 500 2346 justam
519 2282 657 2329 causam
679 2264 862 2341 resiliendi,
881 2265 1063 2330 dubitatur.
1085 2266 1265 2330 Affirmant
1284 2263 1445 2340 Schmler,
1461 2263 1549 2324 Wex·

374 2377 408 2434 et
417 2370 484 2448 alii;
496 2371 555 2436 sed
571 2371 801 2456 (probabilius)
815 2377 944 2454 negant
959 2372 1117 2448 Sanohez,
1130 2373 1250 2452 Kouig,
1261 2355 1430 2447 etc.‚'nam
1441 2370 1545 2436 altera

372 2499 451 2563 pars
472 2500 535 2564 por
548 2481 613 2546 boc
635 2499 705 2546 non
725 2482 763 2544 nt
782 2480 931 2546 deterior
947 2479 987 2546 'in
1010 2501 1058 2560 se,
1074 2501 1185 2566 neque
1211 2481 1384 2545 exsecutio
1408 2496 1544 2562 sponsa-

371 2587 455 2652 lium
480 2590 519 2652 llt
539 2589 665 2666 durior,
693 2589 757 2653 nisi
780 2609 842 2673 per
864 2590 1037 2666 accidens,
1067 2595 1234 2673 quatenus
1264 2589 1376 2653 offerri
1405 2592 1546 2671 possent

372 2697 551 2780 pinguiora
571 2698 753 2782 sponsalia,
772 2717 847 2781 quae
869 2717 973 2763 causa
991 2717 1061 2764 non
1087 2703 1139 2763 est
1160 2698 1333 2762 sulllcicns
1355 2693 1542 2769 resiliendi;

371 2806 521 2889 alioquin
543 2807 643 2871 toties
668 2805 780 2870 recedi
803 2813 920 2889 posset
943 2826 963 2871 a
982 2807 1207 2890 sponsalibus,
1232 2805 1365 2888 quoties
1388 2803 1453 2868 alia
1473 2802 1544 2885 pin-

371 2916 491 2996 guiora
507 2915 709 2980 offeruntur.
1162 2913 1164 2916 ’

411 3023 510 3108 Resp.
533 3027 564 3089 5.
584 3025 760 3090 Discessus
782 3029 898 3110 sponsi
915 3027 950 3090 in
969 3032 1077 3094 terras
1095 3031 1244 3091 remotas
1259 3025 1373 3090 auimo
1389 3019 1542 3086 mutandi

371 3132 589 3210 domicilium,
607 3133 635 3197 si
655 3153 782 3217 sponsa
803 3153 873 3199 non
895 3135 1078 3211 consensit,
1096 3134 1153 3198 dat
1173 3133 1204 3197 ei
1219 3132 1445 3196 sufficientem
1467 3148 1542 3193 oau-

371 3259 444 3306 sam
468 3240 640 3306 resiliendi
665 3242 748 3325 (cap.
770 3243 800 3318 5,
823 3241 889 3307 boc
913 3243 987 3324 tit),
1003 3253 1084 3306 narn
1097 3241 1145 3304 lta
1158 3239 1345 3316 discedens,
1361 3239 1435 3322 ipso
1454 3238 1542 3302 lacto
1645 3273 1649 3281 -
1734 3213 1735 3230 ¹

370 3349 587 3431 praesumitur
595 3350 790 3414 renuntiare
801 3351 869 3432 juri
885 3349 1104 3434 sponsalium,
1121 3367 1200 3414 cunr
1216 3367 1340 3433 sponsa
1353 3365 1431 3411 eum
1446 3347 1539 3428 sequi

370 3474 439 3521 non
454 3462 625 3534 teneatur3
649 3457 739 3522 unde
765 3459 793 3522 sl
822 3462 956 3523 constet
978 3476 1143 3542 sponsum
1164 3457 1223 3522 tali
1244 3457 1358 3521 animo
1382 3455 1539 3527 abivisse,

370 3581 495 3645 sponsa
510 3566 624 3630 statim
638 3565 819 3631 convolare
834 3569 948 3648 potest
959 3565 1003 3644 ad
1013 3564 1081 3629 alia
1094 3564 1273 3648 sponsalia.

409 3674 440 3736 9⁰
455 3671 488 3735 Si
499 3691 644 3756 sponsus
659 3673 765 3737 abivit
778 3673 813 3736 in
830 3679 936 3738 terras
950 3672 1154 3757 longinquas
1165 3674 1279 3738 animo
1290 3673 1494 3747 revertendi,
1507 3676 1540 3737 et

369 3780 498 3844 reditus
514 3786 566 3844 est
577 3779 675 3844 valde
687 3779 842 3857 difficilis,
851 3800 912 3846 seu
926 3781 1323 3865 moraliterimpossibilis
1332 3781 1539 3864 probabilius

370 3887 472 3952 etiam
481 3889 517 3952 iu
532 3889 597 3953 isto
612 3907 692 3953 casu
704 3907 830 3972 sponsa
838 3889 968 3955 resilire
981 3893 1104 3973 potest,
1115 3890 1186 3954 sive
1196 3889 1365 3955 discessus
1378 3889 1485 3954 lactus
1497 3891 1540 3952 sit

368 4013 470 4060 causa
484 3997 686 4074 neccssaria,
704 3997 775 4062 sive
794 3997 1001 4074 voluntaria;
1016 4016 1097 4062 narn
1112 4015 1257 4080 sponsus
1271 3998 1336 4061 boc
1351 3997 1453 4061 modo
1469 4015 1539 4060 non

369 4111 483 4170 servat
497 4105 609 4170 debite
623 4105 728 4171 fldem
741 4107 865 4183 datam,
884 4107 944 4172 sad
961 4107 1051 4172 cedit
1065 4110 1143 4190 jure
1159 4125 1237 4183 sao;
1253 4125 1331 4171 cum
1351 4106 1433 4172 alias
1456 4107 1540 4170 dura

367 4213 535 4278 accideret
557 4231 690 4297 sponsae
712 4218 920 4299 exspectatio
946 4236 1054 4301 usque
1080 4218 1123 4282 ad
1148 4216 1295 4282 reditum
1324 4217 1455 4300 sponsi,
1483 4217 1537 4300 qui

369 4328 438 4388 tarn
459 4324 556 4390 facile
577 4326 749 4398 rediturus
764 4346 833 4392 non
854 4333 1018 4411 speratur.
1035 4328 1104 4393 Hoc
1116 4332 1231 4392 tamen
1246 4345 1338 4404 casu,
1355 4333 1538 4410 antequam

368 4450 494 4515 sponsa
522 4434 680 4499 convolet
708 4435 750 4499 ad
778 4435 843 4500 alia
871 4436 1054 4520 sponsalia,
1080 4439 1260 4502 conveniat
1288 4455 1451 4520 sponsum
1477 4455 1539 4518 per

367 4540 561 4623 epistolam;
578 4547 613 4605 et
629 4542 657 4604 si
678 4543 742 4607 boc
757 4544 886 4626 nequit,
904 4562 978 4608 rem
997 4547 1102 4609 totam
1121 4545 1163 4609 ad
1182 4545 1379 4629 episcopum
1401 4544 1534 4618 referat,

367 4651 510 4732 ejusque
529 4649 657 4732 judicio
681 4651 867 4716 submittat.
886 4653 951 4715 Nec
965 4653 1019 4716 bic
1034 4653 1170 4718 obstant
1184 4658 1262 4736 juro
1280 4653 1391 4718 civilia
1412 4653 1478 4734 (lib.
1496 4652 1534 4724 ΙΙ,
