3388 5582
551 476 639 522 Lirim
659 475 785 532 culmus
805 469 1026 522 DECRETALIUH.

378 641 421 692 111.
437 639 494 694 sub
506 652 563 706 que
579 639 672 694 torma
684 640 750 696 terri
764 640 853 705 possit
865 651 898 694 so
914 638 1017 694 debeat
1029 636 1195 704 suspensio?

241 793 366 860 Forma
393 795 562 882 servanda
585 796 622 861 in
646 796 787 861 ferendo
815 795 1050 878 suspensione.
1078 795 1109 858 1ο
1130 794 1271 862 Monitio
1293 813 1375 878 prae·

47 921 53 935 ·
129 951 132 958 ·
200 903 322 969 cedere
339 903 450 981 debet,
465 905 545 988 quia
563 903 719 969 Ecclesiae
732 909 890 970 constare
911 903 1013 969 debet
1035 902 1077 968 de
1101 903 1316 969 contumacis
1344 907 1379 968 et

202 1010 432 1078 inobedientia
446 1011 686 1096 delinquentis.
696 1011 762 1077 Sed
771 1013 836 1077 hoc
848 1010 1110 1093 intelligendum
1122 1016 1175 1076 est
1185 1011 1227 1076 de
1238 1028 1378 1095 suspen·

129 1151 132 1160 ·
203 1119 300 1184 sione
312 1137 375 1203 per
388 1119 531 1185 modum
542 1137 696 1184 censurae
710 1118 845 1202 proprie
862 1118 970 1196 dictae,
998 1137 1056 1183 seu
1081 1137 1156 1202 quae
1175 1118 1321 1224 insertur
1334 1116 1377 1182 ad

201 1227 448 1293 correctionem
467 1226 713 1310 delinquentis3
734 1244 816 1291 nam
837 1225 866 1290 si
888 1226 1018 1290 feratur
1039 1226 1075 1289 in
1097 1243 1237 1308 posnam
1267 1223 1380 1290 delicti

200 1336 386 1415 commissi,
401 1338 590 1404 monitione
604 1356 675 1404 non
689 1336 831 1419 indiget,
849 1341 889 1401 ut
899 1340 1034 1402 constat
1047 1355 1090 1401 ex
1103 1353 1132 1401 c.
1146 1335 1230 1400 Tam
1246 1335 1376 1412 litteris,

200 1439 251 1518 33,
263 1441 304 1504 de
316 1439 400 1504 Test.
418 1447 451 1504 et
467 1447 592 1517 actast„
609 1445 644 1505 st
663 1439 834 1522 colligitur
849 1457 893 1504 ex
905 1457 934 1504 c.
947 1439 1115 1515 Romana,
1134 1439 1164 1517 c,
1180 1439 1214 1502 h.
1234 1442 1257 1501 t.
1273 1438 1310 1503 in
1331 1438 1375 1513 θ’,

200 1547 472 1630 ubipostiactam
481 1546 694 1612 mentionem
705 1547 1076 1624 excommunicationis,
1092 1546 1327 1630 suspensionis
1344 1550 1379 1611 et

200 1655 381 1732 interdicti,
403 1655 559 1720 subditur
578 1653 621 1720 de
640 1654 713 1721 sola
736 1655 1087 1722 excommunicatione
1105 1673 1182 1720 eam
1200 1673 1378 1739 nunquam

199 1763 280 1828 ferri
308 1764 382 1830 sine
406 1765 593 1830 monitione
611 1784 619 1841 ;
644 1782 726 1846 ergo
746 1764 845 1829 tacite
866 1764 1037 1830 indicetur
1063 1764 1326 1848 suspensionem
1344 1766 1380 1828 et

200 1869 418 1936 interdictum
433 1869 615 1955 aliquando
631 1871 704 1937 sine
719 1873 907 1938 monitione
922 1871 1003 1937 ferri
1019 1889 1131 1954 posse.
1148 1870 1198 1936 lta
1212 1869 1379 1936 Schmoiz-

200 1979 358 2058 grueber,
373 1998 406 2042 n.
423 1978 684 2057 9883Gi1ibs1di,
701 1979 742 2044 de
756 1979 928 2065 Suspens,
946 1979 1025 2045 dub.
1043 1981 1072 2058 1,
1089 1985 1152 2046 etc.

240 2085 272 2148 θ’
286 2084 378 2150 Ferri
393 2084 494 2151 debet
508 2086 544 2152 zio
557 2087 698 2171 scriptis,
711 2092 746 2152 et
760 2088 905 2170 exprimi
919 2087 965 2152 ibi
979 2107 1082 2153 cause
1096 2090 1140 2154 ob
1155 2105 1259 2173 quam
1270 2085 1377 2170 impc-

201 2191 303 2271 nitur‚
319 2193 526 2277 insuperque
547 2193 816 2259 instrumentum
831 2195 902 2260 deri
927 2195 1029 2261 debet
1052 2213 1233 2279 suspenso,
1251 2193 1279 2259 si
1294 2192 1376 2258 illud

200 2298 374 2382 postulet:
394 2300 525 2366 eruitur
542 2321 585 2367 ex
605 2320 677 2386 cap.
695 2302 711 2365 i
731 2301 803 2386 huj.
822 2302 897 2367 tin
918 2303 960 2367 θ’.
977 2302 1087 2368 Judex
1106 2303 1193 2368 hanc
1213 2300 1377 2368 constitu-

201 2407 331 2472 tionem
349 2413 478 2475 temsre
495 2409 643 2486 violans,
659 2427 722 2494 per
740 2428 898 2475 mensem
921 2411 963 2476 ab
987 2411 1145 2493 ingressu
1164 2409 1314 2502 ecclesiae
1343 2411 1379 2472 et

202 2515 321 2580 oiflciis
333 2515 455 2581 divinis
470 2516 700 2601 suspenditur,
710 2520 745 2582 et
757 2521 874 2602 posset
887 2536 908 2582 a
920 2517 1093 2601 superiore
1106 2515 1326 2584 condemnari
1333 2515 1377 2582 ud

203 2639 370 2707 expensas
386 2629 420 2690 et
432 2643 534 2692 omne
548 2625 726 2694 interesse.

615 2819 659 2876 iv.
674 2818 727 2882 Qui
741 2818 811 2874 sunt
824 2817 960 2874 effectus?

243 2977 275 3059 c)
294 2968 442 3041 Effectus
465 2973 700 3060 suspensionis
723 2975 766 3040 ab
785 2973 906 3059 officio.
928 2977 961 3040 1⁰
980 2971 1165 3058 suspensio
1185 2971 1243 3039 illa
1263 2976 1378 3058 potest

202 3085 283 3148 ferri
298 3082 459 3162 absolute,
468 3088 593 3148 ettuno
606 3082 769 3167 accipitur
778 3082 819 3149 de
829 3083 922 3149 omni
930 3083 1042 3149 officio
1055 3088 1125 3147 tum
1135 3080 1262 3146 ordinis
1274 3099 1377 3165 quam

202 3189 458 3272 jurisdictionis,
475 3195 513 3255 ut
523 3192 596 3273 jam
617 3190 862 3274 supradictum
877 3195 930 3256 est
945 3210 953 3267 ;
980 3194 1094 3274 potest
1116 3189 1197 3254 ferri
1222 3188 1377 3253 determi-

204 3305 284 3362 nate
307 3298 343 3362 in
368 3295 481 3382 eliqua
501 3297 654 3374 materia,
679 3302 714 3362 et
741 3301 822 3362 tnnc
847 3316 918 3362 non
946 3296 1141 3362 extenditur
1168 3294 1257 3360 ultre
1283 3293 1378 3359 illam

204 3403 392 3471 materiam.
421 3404 537 3490 ltaque
557 3422 742 3490 suspensus
768 3403 810 3470 ah
833 3403 951 3470 ordine
973 3422 1044 3470 non
1073 3410 1126 3471 est
1151 3421 1338 3488 suspensus
1357 3420 1378 3466 a

201 3513 451 3597 jurisdictione3
467 3514 537 3581 imo
551 3532 738 3599 suspensus
749 3515 791 3579 ab
807 3513 925 3578 ordine
940 3512 1117 3597 superiori,
1130 3532 1200 3579 non
1213 3512 1290 3578 ideo
1306 3530 1378 3577 sus

203 3640 331 3704 pensus
353 3627 405 3687 est
424 3623 467 3688 eb
491 3623 609 3689 ordine
636 3621 812 3688 inferiori:
838 3622 888 3686 ‘sic
913 3621 1092 3704 episcopus
1121 3603 1307 3704 suspensus
1335 3621 1377 3685 ab

205 3730 324 3795 ordine
339 3731 520 3815 episcopali
533 3736 646 3814 potest
659 3749 780 3796 omnes
793 3735 888 3795 actus
903 3728 1031 3795 ordinis
1047 3727 1265 3794 sacerdotalis
1285 3746 1379 3794 exer-

205 3856 293 3916 cere;
309 3837 460 3904 vicissim
474 3857 660 3922 suspensus
675 3839 717 3903 ab
737 3838 854 3904 ordine
868 3837 1020 3902 inferiori
1038 3855 1109 3901 non
1123 3834 1203 3901 inde
1222 3835 1379 3920 prohibe-

205 3951 261 4011 tur
283 3948 325 4012 ab
346 3948 506 4012 exercitio
533 3946 661 4013 ordinis
696 3945 891 4030 superioris,
920 3945 986 4009 nisi
1014 3949 1109 4010 actus
1135 3944 1232 4008 istius
1264 3947 1379 4006 ectum

206 4053 335 4119 ordinis
355 4054 524 4119 inferioris
540 4073 560 4120 a
582 4072 649 4138 quo
666 4071 854 4136 suspensus
872 4057 934 4131 est,
951 4051 1114 4127 includet,
1133 4055 1172 4115 ut
1193 4055 1288 4115 actus
1302 4067 1379 4114 can·

205 4160 298 4227 tandi
310 4161 528 4244 evangelium
536 4159 719 4225 includitur
728 4159 765 4224 in
777 4160 1005 4226 celebratione
1013 4159 1138 4224 missae.
1148 4156 1245 4222 Ratio
1255 4157 1380 4222 horum

206 4271 360 4334 omnium
382 4273 444 4345 est,
471 4268 550 4352 quia
574 4287 685 4352 poenae
718 4273 800 4332 sunt
824 4267 1083 4349 restringendae.
1109 4265 1213 4331 Porro
1236 4265 1379 4331 effectus

207 4378 440 4462 suspensionis
454 4394 525 4442 non
546 4380 627 4441 sunt
644 4379 722 4458 jure
745 4376 922 4442 communi
945 4376 1103 4454 connexi,
1125 4375 1213 4440 sicut
1236 4374 1379 4438 effectus

206 4483 584 4560 excommunicationis;
608 4489 815 4568 quapropter
842 4483 936 4550 solus
960 4483 1050 4566 Papa
1080 4487 1194 4565 potest
1221 4499 1380 4564 separare

206 4593 347 4662 effectus
360 4595 822 4674 excommunicationis,dum
836 4595 873 4661 in
880 4593 1105 4678 suspensione
1116 4591 1247 4659 attendi
1254 4591 1379 4658 debent
