3508 5568
563 521 650 570 arana
671 519 806 579 unsaros
827 519 1048 570 uncnmsuurt.
1354 505 1394 574 45

223 636 371 702 baeretici
384 637 496 702 valide
512 655 582 703 non
596 638 835 704 contraherent
843 657 922 705 cum
934 645 1032 722 pacto
1047 643 1086 702 ut
1097 639 1209 722 proles
1221 642 1257 705 in
1270 643 1393 708 haeresi

224 745 420 810 educentur.
443 748 473 810 1.
494 749 745 814 Matrimonium
758 748 913 817 catholici
927 768 1006 814 cum
1019 748 1178 814 haeretica
1193 751 1396 832 regulariter

224 858 258 916 et
269 872 331 936 per
346 873 381 919 se
398 861 450 919 est
462 857 611 937 graviter
624 857 777 922 illicitum
788 859 872 940 (can.
894 859 932 922 15
947 863 981 922 et
996 877 1066 941 seq.
1082 859 1132 936 28,
1152 877 1183 941 q.
1203 862 1232 938 l,
1250 865 1284 923 et
1297 878 1325 925 c.
1342 861 1392 938 11,

223 961 265 1022 de
277 961 400 1026 Haeret.
418 964 453 1026 in
467 964 522 1044 6⁰),
537 965 616 1046 quia
627 967 684 1048 jus
699 965 852 1030 naturale
862 966 1104 1030 etcanonicum
1113 969 1211 1049 jubet
1225 967 1393 1033 declinare

219 1069 410 1150 periculum
437 1073 666 1154 perversioris
681 1079 715 1138 et
727 1075 867 1158 peccati,
895 1074 986 1157 quod
1010 1074 1198 1140 extalibus
1221 1077 1395 1142 matrimo-

222 1178 287 1240 niis
302 1179 458 1244 imminet
471 1201 478 1257 ;
494 1183 684 1264 praesertim
698 1182 728 1246 si
741 1182 943 1263 adjiciantur
955 1183 1060 1265 impia
1073 1188 1171 1266 pacta
1192 1185 1233 1249 de
1257 1186 1395 1269 quibus-

223 1285 301 1352 dam
313 1287 464 1370 prolibus
477 1289 513 1352 in
526 1290 647 1354 baeresi
670 1289 865 1366 educandis,
882 1308 961 1355 cum
976 1309 1096 1356 omnes
1119 1290 1232 1375 proles
1258 1291 1393 1358 educari

222 1394 368 1460 debeant
382 1397 452 1462 Deo
464 1402 499 1461 et
512 1398 556 1462 ad
569 1398 676 1462 vitam
690 1403 865 1474 aeternam,
889 1417 959 1464 non
973 1417 1056 1464 vero
1079 1399 1213 1465 diabolo
1237 1405 1272 1464 et
1285 1399 1328 1464 ad
1345 1401 1394 1463 in-

222 1506 360 1568 teritum
376 1507 631 1591 sempiternum.
650 1507 687 1571 ln
702 1509 803 1573 certis
819 1515 934 1574 tamen
948 1509 1219 1586 circumstantiis,
1231 1509 1394 1574 cohones-

223 1614 284 1676 tari
299 1619 412 1696 potest
425 1615 682 1680 matrimonium
696 1615 852 1682 catholici
864 1634 944 1681 cum
956 1616 1135 1692 berellam
1158 1622 1196 1680 ut
1218 1619 1246 1681 si
1267 1637 1310 1682 ex
1325 1637 1394 1682 una

220 1727 315 1804 parte
327 1723 460 1788 nullum
484 1726 527 1789 sit
540 1727 730 1809 periculum
744 1727 985 1811 perversioris,
1006 1745 1049 1792 ex
1066 1726 1173 1793 altera
1193 1745 1275 1797 vero
1297 1732 1392 1810 parte

219 1832 308 1898 adsit
327 1837 441 1915 gravis
463 1855 576 1914 causa,
597 1839 746 1902 maxime
765 1838 846 1902 boni
865 1836 1000 1920 publici,
1017 1842 1055 1902 ut
1068 1837 1173 1920 pacis,
1185 1838 1393 1904 defensionis

219 1941 570 2021 tldeicatbolicae,etc.
1107 1959 1111 1968 '

259 2051 399 2134 Semper
413 2058 528 2123 tamen
552 2052 743 2137 expetenda
760 2059 813 2118 est
825 2053 968 2120 facultas
990 2072 1061 2120 non
1076 2055 1118 2119 ab
1136 2055 1314 2138 episcopis,
1331 2051 1392 2120 sed

219 2176 240 2222 a
253 2157 339 2223 Sede
354 2159 555 2242 Apostolica,
571 2166 610 2223 ut
623 2158 775 2224 decisum
789 2161 895 2227 luisse
910 2165 1056 2226 testatur
1068 2181 1088 2226 a
1100 2161 1221 2243 (longr.
1238 2162 1269 2225 S.
1285 2162 1392 2227 Olsscii

219 2267 401 2334 Cardinalis
416 2267 569 2344 Albitius,
587 2269 629 2333 de
645 2269 878 2333 inconstantia
901 2271 937 2333 in
952 2271 1031 2352 fide,
1049 2289 1077 2336 c.
1101 2291 1205 2349 xxxv1,
1225 2290 1258 2335 n.
1281 2271 1340 2334 161
1358 2276 1393 2336 et

219 2395 302 2461 seq,
319 2381 353 2442 et
371 2397 404 2440 n.
426 2377 496 2452 eol,
514 2377 584 2452 105,
600 2377 670 2454 aad,
687 2377 757 2440 138.
776 2377 988 2462 Gaeteroquin
999 2377 1087 2444 dicta
1100 2377 1241 2444 facultas
1252 2379 1392 2444 concedi

219 2504 394 2570 nunquam
404 2486 491 2551 solet
501 2504 521 2549 a
533 2486 618 2550 Sede
628 2486 823 2570 Apostolica
833 2487 906 2552 sine
914 2487 1056 2570 adjectis
1064 2486 1267 2571 quibusdam
1273 2488 1393 2553 condi-

219 2595 366 2659 tionibus
381 2601 416 2658 et
431 2594 637 2677 opportunis
651 2593 793 2658 cautelis
809 2594 926 2659 relatis
939 2612 959 2657 a
971 2595 1096 2658 Bened.
1106 2594 1175 2658 XIV
1186 2595 1221 2660 in
1232 2596 1330 2678 epist.
1348 2595 1389 2660 ad

217 2703 398 2785 primatem
413 2703 510 2784 regni
524 2703 684 2780 Polonioe,
696 2702 952 2796 Mupnaeunodnr's,
967 2702 987 2766 8
1003 2702 1091 2786 junii
1107 2703 1195 2781 1118,
1213 2709 1251 2766 ut
1265 2703 1301 2767 in
1315 2707 1391 2787 ejus

217 2809 364 2875 Bullario
384 2810 500 2875 llomae
519 2812 686 2894 impresso
709 2814 814 2892 (tomo
830 2808 869 2885 ll,
884 2829 915 2892 p.
930 2809 991 2872 111
1003 2813 1038 2874 et
1052 2809 1147 2893 seu),
1163 2829 1203 2878 ao
1214 2811 1271 2875 lib.
1289 2811 1331 2874 lll
1349 2813 1391 2878 de

218 2901 346 3002 Synod.
365 2919 473 2996 dimo,
493 2939 522 2983 c.
539 2939 572 2982 nr
589 2921 640 3001 (l).

253 3058 304 3116 llis
320 3073 380 3115 non
395 3057 495 3116 obstat
515 3072 581 3116 can.
602 3063 637 3116 72
661 3063 753 3116 sexte
785 3056 891 3131 synodi
913 3056 1081 3132 generalis,
1102 3057 1153 3116 ubi
1174 3059 1249 3116 tales
1278 3060 1390 3132 nuptie

217 3147 357 3206 dicuntur
369 3147 460 3205 irritae
475 3150 504 3204 ct
518 3145 666 3204 netarium
681 3145 876 3218 conjugium3
891 3159 961 3204 nam
972 3159 1068 3204 canon
1088 3146 1146 3204 iste
1166 3146 1326 3205 Trullanus
1343 3150 1389 3205 vel

217 3251 372 3310 nunquam
394 3242 531 3309 receptus
548 3236 603 3294 luit
623 3235 659 3294 ab
679 3235 820 3305 Ecclesia,
839 3235 885 3293 vel
904 3236 1053 3294 contrario
1074 3250 1133 3294 usu
1149 3235 1312 3310 abrogatus
1331 3245 1387 3296 est.

540 3429 741 3472 lurssnlussnwu
759 3429 878 3472 Pt'aucnt
896 3429 1070 3472 aonssrlrts.

256 3565 324 3635 Hoc
345 3567 628 3651 impedimentum
650 3567 748 3634 aliter
770 3574 911 3632 vocatur
923 3569 1055 3650 justitia
1073 3566 1214 3650 publice
1227 3567 1387 3633 honesta·
1405 3621 1408 3630 .

217 3679 275 3752 tis,
302 3683 420 3761 estque
444 3678 590 3743 affinitas
616 3676 771 3761 quaedam
789 3677 986 3761 imperfecta
1009 3683 1083 3741 orta
1113 3695 1155 3740 ex
1175 3675 1389 3758 sponsalibus

214 3784 269 3848 uel
288 3785 506 3850 matrimonio
526 3790 610 3848 rato.
629 3784 748 3848 Ortum
763 3785 866 3848 habet
879 3802 899 3848 a
908 3787 986 3867 jure
1001 3783 1228 3848 ecclesiastico
1243 3785 1328 3866 (can.
1351 3785 1386 3847 11

216 3899 335 3977 etseq.
354 3895 404 3969 ii,
422 3913 453 3977 q.
470 3895 500 3971 t,
517 3911 546 3958 c.
561 3894 591 3970 3,
608 3892 637 3969 4,
655 3893 684 3969 8,
700 3893 735 3956 h.
751 3897 773 3956 t.
790 3913 797 3968 ;
816 3911 889 3975 cap.
913 3911 970 3956 un.
989 3892 1064 3956 eod.
1079 3891 1114 3954 in
1127 3893 1170 3968 6⁰,
1191 3893 1288 3976 ete.);
1311 3893 1399 3976 quia'

246 4062 279 4124 (l)
293 4059 377 4111 Hodie
389 4063 477 4111 tamen
491 4072 546 4110 non
560 4058 689 4109 insistitur
703 4058 731 4108 in
745 4057 880 4123 exigendo.
892 4057 1045 4123 juramento
1057 4056 1090 4107 de
1104 4056 1271 4121 procuranda
1281 4067 1389 4106 conver-

214 4137 287 4187 sione
300 4136 381 4200 partis
397 4134 550 4187 acatholica
562 4135 695 4198 (instruct.
708 4133 778 4184 card.
790 4133 920 4184 antonelli
936 4133 988 4184 diei
999 4135 1028 4183 15
1041 4147 1103 4183 nov.
1121 4133 1199 4195 tata),
1211 4144 1298 4194 neque
1309 4129 1388 4181 etiam

214 4213 247 4264 dc
261 4213 398 4265 educanda
412 4211 537 4262 universa
549 4210 623 4275 prole
633 4211 661 4260 in
674 4209 803 4273 religione
817 4209 955 4273 catholice,
966 4209 1059 4260 saltem
1071 4209 1099 4258 in
1112 4207 1164 4258 illia
1175 4207 1241 4258 locis
1253 4204 1389 4270 inquibus

214 4290 370 4354 gubernium
384 4288 460 4339 ciuile
472 4287 609 4352 probibuit
621 4284 688 4335 illud
700 4285 893 4350 juramentum.
906 4287 962 4336 lmo
974 4285 1003 4334 in
1017 4285 1156 4335 Germania
1166 4283 1234 4333 liunt
1243 4282 1387 4346 proclama·

212 4368 307 4428 tiones,
320 4369 347 4415 et
361 4368 525 4429 peraguntur
538 4362 704 4413 caeremonias
718 4361 890 4422 matrimonii,
903 4360 1011 4412 exclusa
1024 4360 1114 4410 mlesa.
1128 4359 1224 4410 Verum
1240 4357 1269 4407 in
1282 4357 1390 4408 laudata

211 4443 334 4492 instruet.
341 4441 418 4505 jussu
433 4439 512 4490 Piilli
525 4438 605 4498 edita,
614 4437 782 4488 matrimonia
796 4437 879 4488 mista
891 4441 965 4488 extra
977 4435 1114 4488 eeclesiam
1129 4437 1156 4484 et
1166 4433 1266 4496 absque
1280 4433 1389 4498 parochi

212 4517 396 4570 benedictione
407 4513 535 4566 celebrari
549 4513 656 4572 debent,
671 4513 722 4564 nisi
738 4527 771 4565 er
788 4513 927 4565 tolerantia
943 4527 1002 4564 moe
1017 4509 1159 4562 invaluerit
1175 4509 1221 4560 illa
1237 4508 1388 4560 celebrandi

211 4607 272 4646 cum
286 4592 443 4658 supradictis
457 4591 630 4642 ceremoniis.
646 4589 742 4641 Confer
756 4589 834 4640 etiam
852 4589 973 4643 instruct.
991 4587 1078 4639 datam
1094 4586 1128 4637 ad
1140 4587 1221 4651 episc.
1236 4585 1386 4653 ilungariae,

211 4674 241 4722 2⁰
251 4669 327 4736 april.
342 4670 411 4721 1811.
