3388 5582
353 583 436 628 senis
458 583 642 629 nrosromcn
665 585 799 630 caenare
821 586 858 630 ao
881 585 1134 630 neocesariense.
1275 569 1333 632 iili
1357 588 1358 591 ¹

192 701 236 760 tx.
252 703 363 760 Omnes
379 701 517 760 falsarios
532 701 697 760 litterarum
710 703 955 774 apostolicarum,
966 704 1056 762 etiam
1075 703 1106 760 in
1126 703 1221 762 torma
1236 704 1335 762 brevis

155 809 190 850 ac
205 791 458 864 supplicationum
475 791 601 864 gratiam
616 793 661 850 vel
673 793 823 864 justitiam
833 793 1087 860 concernentium,
1102 809 1156 867 per
1169 797 1334 852 llomannm

156 883 340 950 Pontificem,
364 880 410 939 vel
433 883 462 938 S·
479 885 513 938 il.
536 885 568 938 E.
588 882 865 942 vice-cancellarios
888 899 941 942 scu
965 889 1104 957 gerentes
1126 886 1207 942 vicos
1231 900 1336 944 eornm

155 977 208 1030 aut
220 971 257 1029 de
272 970 414 1029 mandato
428 970 563 1042 eiusdem
579 972 703 1029 Romani
718 973 873 1032 Pontificis
894 975 1104 1048 signatarum:
1121 989 1239 1033 necnon
1258 973 1336 1032 laiso

156 1060 343 1134 publicantes
357 1060 470 1118 litteras
494 1061 685 1133 apostolicas,
700 1062 790 1120 etiam
806 1062 836 1119 in
861 1062 957 1121 torma
970 1062 1082 1132 brevis
1098 1069 1127 1120 et
1147 1063 1236 1122 etiam
1259 1062 1336 1121 laiso

157 1150 314 1226 signantes
329 1148 565 1221 supplicationes
582 1149 756 1224 hujusmodi
769 1151 826 1208 sub
839 1151 960 1209 nomine
974 1152 1099 1210 Romani
1115 1151 1271 1212 pontiacis
1281 1166 1335 1210 sou

156 1238 403 1298 vicecancellarii
424 1243 478 1296 aut
491 1239 623 1312 gerentis
644 1239 726 1297 vices
750 1240 960 1314 predictorum
978 1240 1064 1315 (Vide
1081 1240 1126 1299 tit.
1150 1257 1190 1298 xx
1210 1240 1262 1298 lib.
1292 1240 1336 1312 V).

192 1331 225 1388 x.
242 1327 439 1388 absolventes
454 1327 629 1400 complicem
645 1328 676 1386 in
689 1335 810 1402 peccato
824 1329 904 1404 turpi
919 1330 1007 1388 etiam
1023 1329 1054 1387 in
1070 1329 1176 1388 mortis
1199 1328 1337 1396 articulo,

159 1421 185 1479 si
200 1419 278 1478 alins
292 1417 434 1476 sacerdos
448 1417 518 1476 licet
532 1432 591 1476 noo
608 1419 791 1491 approbatus
803 1419 839 1477 ad
853 1419 1070 1489 consessiones,
1084 1419 1151 1479 sine
1170 1417 1254 1492 gravi
1268 1432 1337 1476 exo-

159 1511 254 1570 ritura
279 1510 402 1568 inlamia
430 1513 459 1568 et
486 1509 640 1577 scandalo,
662 1511 759 1582 possit
777 1511 912 1582 excipere
934 1509 1091 1568 morientis
1115 1509 1338 1568 contessionem

160 1603 242 1676 [Vide
258 1601 304 1660 tit.
317 1617 428 1658 xxxvm
442 1599 495 1658 lib.
510 1602 544 1668 V,
560 1604 634 1658 scot.
651 1603 672 1670 l,
689 1603 712 1658 V
727 1599 796 1671 eto.)
809 1601 856 1673 (l).

196 1695 240 1750 ill.
257 1695 443 1762 Usurpantes
459 1693 511 1746 ant
526 1693 752 1763 sequestrantes
764 1688 1020 1761 iurisdietionem,
1035 1688 1125 1758 bona,
1139 1685 1285 1755 redditus,
1301 1685 1338 1745 ad

160 1794 307 1854 personas
327 1777 548 1838 ecclesiasticas
562 1777 677 1836 ratione
691 1791 815 1836 suarum
834 1777 1031 1837 ecclesiarum
1053 1782 1105 1836 aut
1124 1776 1338 1835 beneficiorum

160 1871 345 1943 pertinentes
360 1868 444 1943 (Vide
460 1868 578 1927 docum.
595 1865 725 1926 trident.
741 1881 888 1926 excomm.
905 1873 935 1926 et
946 1881 1083 1940 respons.
1105 1870 1134 1925 S.
1155 1871 1188 1924 U.
1204 1869 1225 1924 l.
1242 1865 1337 1939 stolii

163 1961 242 2029 tart,
258 1959 337 2033 etc).

196 2050 254 2107 iill.
269 2047 854 2119 invadentesdestruentes,detinentes,
866 2063 919 2121 per
930 2063 962 2107 se
974 2048 1020 2106 vel
1031 2048 1181 2122 paralios,
1192 2047 1339 2114 civitates,

161 2145 266 2208 terras,
282 2136 348 2196 loca
361 2143 413 2196 aut
436 2139 505 2210 jura
527 2137 564 2196 ad
589 2139 753 2197 Ecclesiam
777 2143 942 2198 itomanam
968 2138 1162 2212 pertinentia;
1179 2137 1226 2195 vei
1248 2150 1339 2195 usur-

162 2233 280 2302 pantes,
294 2228 513 2301 perturbantes,
529 2229 693 2288 retinentes
713 2243 885 2302 supremam
897 2228 1137 2302 J'urisdictionem
1152 2227 1184 2285 in
1197 2227 1257 2296 eis;
1274 2241 1341 2286 nec·

162 2332 222 2375 non
238 2317 274 2376 ad
290 2317 562 2392 singulapraedicta
573 2317 733 2388 auxilium,
746 2317 918 2388 consilium,
931 2317 1062 2376 savorem
1075 2316 1243 2390 praebentes
1258 2313 1340 2387 (Vide

161 2407 206 2464 tit.
222 2423 251 2478 n,
265 2411 337 2466 sect.
354 2411 381 2478 ³,
396 2407 412 2481 ᾖ
428 2413 455 2476 a,
469 2405 522 2464 lib.
539 2409 560 2463 li
575 2413 604 2465 et
618 2406 800 2466 documenta
815 2407 956 2480 superius
967 2407 1068 2476 citata,
1083 2406 1161 2479 etc).

196 2498 342 2570 aquibus
355 2499 499 2556 omnibus
513 2497 876 2557 excommunicationibus
890 2498 949 2555 buc
965 2511 1063 2570 usque
1080 2496 1238 2555 recensitis
1252 2495 1340 2554 obso-
1419 2553 1426 2562 ,

163 2589 308 2647 lationem
323 2590 457 2646 Romano
471 2587 608 2646 Pontifici
621 2602 676 2660 pro
693 2593 825 2660 tempore
840 2587 962 2661 speciali
977 2587 1067 2646 modo
1081 2591 1263 2644 reservatam
1273 2601 1342 2645 esse

163 2685 192 2738 et
205 2677 367 2745 reservari;
384 2682 413 2734 et
425 2692 479 2749 pro
498 2691 533 2734 ea
546 2677 716 2749 generalem
731 2678 960 2735 concessionem
979 2675 1154 2735 absolvendi
1178 2690 1196 2734 a
1219 2674 1341 2734 casibus

132 2788 139 2796 ·
162 2773 191 2826 et
219 2766 359 2826 censuris
387 2766 452 2824 sive
471 2765 836 2824 excommunicationibus
859 2769 992 2823 Romano
1014 2764 1150 2822 Pontiilci
1169 2764 1341 2834 reservatis,

163 2855 246 2914 nullo
256 2861 341 2929 pacto
351 2853 491 2914 sufficere
505 2853 702 2922 declaramus,
717 2854 865 2913 revocatis
880 2854 1006 2925 insuper
1019 2853 1190 2910 earumdem
1201 2857 1342 2925 respectu

163 2944 406 3018 quibuscumque
426 2942 553 3002 indultis
568 2943 722 3002 concessis
736 2942 794 3001 sub
814 2942 922 3016 quavis
940 2943 1036 3000 torma
1057 2946 1087 3000 ct
1100 2939 1261 3014 quibusvis
1276 2955 1343 3013 per-

164 3034 250 3092 sonis
273 3034 362 3092 etiam
386 3032 576 3108 regularibus
592 3032 813 3106 cujuscumque
830 3033 957 3102 ordiniS,
974 3031 1231 3106 congregationis,
1246 3033 1341 3088 socie-

163 3123 234 3181 tatis
249 3129 278 3180 et
291 3122 432 3186 instituti,
448 3123 537 3180 etiam
552 3123 676 3195 speciali
689 3122 840 3180 mentione
856 3122 958 3196 dignis
974 3125 1003 3179 et
1017 3121 1048 3178 in
1068 3121 1176 3194 quavis
1196 3119 1345 3195 dignitate

165 3213 349 3272 constitutis.
364 3211 525 3272 absolvere
542 3217 641 3269 autem
658 3217 877 3284 presumentes
891 3211 957 3270 sine
972 3211 1072 3270 debita
1088 3211 1238 3282 laenitate,
1255 3211 1344 3270 etiam

166 3303 273 3375 (quovis
287 3306 444 3374 praetextu,
460 3301 779 3360 excommunicationis
796 3301 916 3360 vinculo
936 3303 1069 3359 Romano
1090 3299 1227 3359 Pontifici
1250 3299 1345 3359 resei-

167 3395 241 3450 vatae
257 3389 418 3448 innodatos
434 3405 467 3448 se
483 3389 589 3454 sciant,
605 3388 768 3448 dummodo
783 3403 843 3450 non
859 3395 966 3464 agatur
981 3389 1018 3448 do
1036 3389 1142 3448 mortis
1162 3388 1298 3459 articulo,
1314 3388 1344 3446 in

166 3496 227 3553 quo
241 3485 340 3539 minen
354 3479 441 3538 drma
456 3480 495 3537 sit
510 3479 608 3553 quoad
620 3478 777 3538 absolutos
795 3479 939 3554 obligatio
961 3479 1061 3538 standi
1077 3479 1227 3538 mandatis
1251 3477 1346 3537 Eccle·

169 3573 233 3642 siae,
249 3571 276 3630 si
288 3569 506 3630 convaluerint.

256 3759 259 3766 '
333 3767 592 3821 Exeommnnicationes
603 3769 656 3820 late
670 3767 791 3820 mutantia
803 3768 908 3820 Romano
922 3765 1030 3819 Pontillei
1045 3771 1176 3818 acervata.

204 3933 512 3994 [excommunicationi
527 3931 592 3991 lata
607 3933 763 3991 sententiae
779 3937 912 3991 Romano
928 3931 1063 3990 Pontitici
1077 3937 1236 3991 reservatae
1247 3930 1348 4004 subja·

170 4039 237 4083 cere
252 4023 442 4082 declaramus
458 4040 466 4078 :
663 4077 665 4084 ,

207 4117 227 4171 l.
247 4115 391 4172 docentes
405 4111 453 4174 vel
467 4110 662 4170 defendentes
673 4111 737 4170 sive
747 4112 876 4186 publice,
887 4113 950 4172 sive
967 4112 1115 4184 privatim,
1128 4111 1349 4184 propositiones

169 4205 207 4263 ab
221 4201 392 4275 apostolica
408 4201 481 4260 Sede
496 4201 651 4258 damnatas
668 4200 726 4259 sub
748 4201 1071 4260 excommunicationis
1090 4215 1180 4274 poena
1200 4200 1267 4258 latis
1283 4213 1351 4258 sene

171 4291 285 4362 tentiam
302 4291 372 4347 item
385 4289 527 4348 docentes
539 4290 587 4347 vel
598 4288 792 4350 defendentes
815 4295 959 4364 tanquam
981 4291 1091 4349 licitam
1114 4289 1230 4362 praxim
1250 4289 1351 4362 inqui-

170 4381 254 4442 rendi
270 4379 460 4454 apoenitente
473 4393 582 4436 nomen
593 4379 760 4451 complicis,
773 4381 872 4452 prouti
881 4380 1022 4439 damnata
1031 4388 1076 4440 est
1089 4396 1107 4438 a
1120 4378 1280 4438 Benedicta
1289 4381 1351 4438 xiv

171 4474 201 4532 in
217 4475 314 4530 const.
330 4471 487 4542 supremo,
499 4473 515 4524 7
528 4467 595 4542 iulii
613 4473 696 4539 17453
710 4469 764 4531 titt
776 4470 1022 4543 praeomajutti
1040 4474 1123 4538 iiim
1139 4468 1350 4528 Aderodtcon·

171 4563 251 4631 dam,
267 4565 302 4619 28
318 4559 498 4634 septembris
516 4563 583 4619 litt
598 4561 679 4630 (Vide
693 4561 738 4618 tit.
759 4577 808 4633 vn,
826 4567 900 4620 sect.
915 4565 943 4632 3,
957 4563 975 4635 §
988 4566 1016 4630 t,
1032 4561 1084 4618 lib.
1102 4565 1145 4628 Vt.

205 4754 237 4818 (lp
252 4751 317 4806 Vide
333 4749 356 4804 le
371 4750 509 4806 doemon
520 4752 720 4822 contemporale,
736 4755 799 4807 tom.
815 4751 857 4813 tlt,
873 4765 899 4816 p.
914 4752 959 4804 tto
971 4763 1045 4820 seqq.
