3508 5568
364 496 404 568 tlt
525 533 529 565 l
823 516 875 572 tus
895 517 1076 571 claourauu.

364 641 501 726 publica
519 643 682 708 honestas
705 643 828 708 suadet
846 649 885 706 ut
908 659 1053 726 sponsus
1072 641 1242 706 abstineat
1262 657 1284 706 a
1308 638 1437 726 nupti's
1457 657 1537 706 oum

365 751 629 833 consanguineis
644 767 790 835 sponsae,
808 756 842 818 et
855 751 928 816 baeo
942 769 1020 816 cum
1032 749 1296 831 consanguineis
1314 765 1401 832 spon
1420 750 1442 813 i.

365 933 407 984 xl.
421 932 451 986 ln
466 932 569 997 qulbus
584 932 696 988 casibus
711 902 886 1000 elgradlbur
900 933 1014 1000 publica
1025 932 1159 988 honestas
1175 931 1290 986 dirimat
1302 931 1539 989 matrimomuml

405 1076 504 1162 Resp.
522 1080 550 1142 l.
560 1077 639 1144 ture
654 1097 746 1144 novo
759 1078 847 1144 Trid.
862 1079 957 1161 (sess.
972 1079 1024 1155 el,
1036 1095 1064 1144 o.
1076 1079 1107 1155 l,
1124 1077 1248 1160 dedas.
1263 1078 1389 1154 motat,
1405 1076 1540 1160 publica

367 1183 529 1252 honestas
539 1187 648 1252 oritur
659 1205 703 1252 ex
715 1187 929 1272 sponsalibus
943 1186 1075 1264 validis,
1090 1205 1160 1252 non
1175 1203 1257 1253 vero
1270 1205 1314 1250 ex
1325 1203 1538 1269 quacumque

366 1311 469 1359 causa
481 1293 654 1373 invalidis;
668 1313 779 1379 neque
795 1294 883 1362 ultra
896 1295 1045 1379 primum
1059 1295 1204 1378 gradum
1219 1293 1414 1360 extenditur
1430 1315 1439 1357 ι
1454 1311 1487 1358 v.
1503 1311 1536 1374 g.

367 1399 471 1465 'lilius
485 1404 655 1468 contraxit
673 1402 844 1486 sponsalia
856 1419 935 1466 eum
957 1402 1089 1478 Bertha,
1116 1403 1270 1486 adeoque
1282 1403 1540 1468 matrimonium

365 1511 565 1576 contrahere
580 1511 700 1595 nequit
714 1528 794 1576 eum
809 1511 884 1593 eJus
899 1526 1029 1587 sorore,
1053 1516 1162 1575 matre
1180 1515 1240 1575 aul
1256 1509 1335 1586 fllia,
1354 1512 1443 1592 bene
1457 1527 1538 1574 vero

365 1635 444 1682 cum
459 1623 571 1700 nepte,
590 1617 802 1693 consobrina,
821 1619 908 1694 avia,
927 1623 989 1682 etc.
1007 1617 1076 1682 Hoc
1087 1620 1165 1700 jure
1179 1617 1267 1682 lrld.
1282 1621 1473 1684 correctum
1489 1621 1540 1680 est

363 1729 422 1809 jus
444 1726 634 1810 antiquum,
657 1743 726 1808 quo
749 1725 886 1808 publica
906 1724 1069 1790 honestas
1095 1725 1258 1790 dirimens
1283 1725 1539 1790 matrimonium

366 1835 540 1900 oriebatur
563 1853 605 1900 ox
627 1834 841 1916 sponsalibus
861 1834 965 1899 etiam
987 1833 1158 1913 invalidis,
1181 1834 1366 1899 dummodo
1392 1830 1541 1898 invalida

366 1943 575 2008 nonfuerint
589 1960 633 2006 ex
652 1941 787 2007 defectu
802 1960 990 2008 consensus
1008 1944 1047 2025 (c.
1067 1961 1125 2006 un.
1141 1942 1175 2006 b.
1193 1948 1216 2006 t.
1230 1944 1266 2006 in
1278 1943 1321 2025 6⁰)
1337 1939 1541 2006 etextende-

366 2046 467 2111 batur
482 2045 648 2129 usquead
663 2049 822 2129 quartum
837 2045 993 2127 gradum,
1010 2045 1098 2110 siout
1111 2045 1260 2110 affinitas
1281 2047 1321 2129 (c.
1336 2045 1367 2120 8,
1391 2045 1432 2109 dc
1456 2043 1540 2114 Gon-

366 2154 487 2237 soop.).
500 2151 603 2218 Porro
619 2156 656 2215 ut
664 2151 950 2237 impedimentum
959 2153 1024 2218 hoo
1039 2151 1169 2217 oriatur
1178 2171 1222 2218 ex
1230 2151 1455 2236 sponsalibus,
1468 2151 1541 2214 baec

368 2263 494 2328 debent
508 2281 582 2328 esse
596 2281 682 2346 pura
697 2267 732 2327 et
741 2281 811 2328 non
826 2261 1068 2338 conditionata,
1085 2267 1188 2338 certa,
1205 2281 1275 2327 non
1289 2279 1371 2328 vero
1388 2263 1539 2337 incerta;

368 2378 406 2436 ul
433 2372 462 2435 si
489 2373 565 2454 quis
597 2371 729 2436 duabus
752 2371 925 2436 sororibus
954 2371 1129 2452 promittet
1155 2370 1432 2445 matrimomum;
1460 2373 1541 2434 tuno

368 2480 460 2544 enim
474 2485 553 2544 ante
569 2484 732 2545 eventum
744 2479 958 2555 conditionis,
973 2478 1029 2543 vel
1046 2478 1247 2544 electionem
1266 2479 1368 2544 unius
1382 2496 1426 2542 ex
1437 2477 1541 2562 pluri-

367 2589 443 2663 bus,
458 2585 592 2652 nullum
611 2591 665 2652 est
677 2585 962 2670 impedimentum
973 2587 1039 2666 (cit.
1056 2605 1085 2651 o.
1101 2605 1159 2650 un.
1175 2589 1208 2650 b.
1226 2591 1249 2649 t.
1263 2586 1301 2650 in
1315 2587 1370 2669 6⁰).
1390 2585 1423 2650 Si
1439 2603 1540 2668 spon·

369 2695 453 2760 salia
478 2694 546 2760 sint
570 2693 720 2759 invalida
742 2713 786 2759 ex
807 2713 911 2760 causa
934 2695 1091 2772 fictionis,
1111 2699 1234 2777 putent
1256 2695 1404 2760 Sanebez
1428 2692 1541 2758 etalii

368 2803 483 2870 locum
497 2822 572 2868 osse
587 2795 666 2876 huic
679 2803 936 2886 impedimento,
953 2805 1042 2888 quia,
1059 2822 1138 2868 curn
1147 2805 1238 2869 ssctio
1254 2805 1298 2868 sit
1311 2803 1453 2880 occulta,
1466 2819 1542 2886 per-

370 2917 503 2976 severet
513 2911 648 2995 publiea
661 2911 853 2976 indecentia
872 2913 1011 2977 obstans
1026 2913 1254 2978 matrimonio.
1271 2912 1404 2989 Novar„
1420 2910 1537 2975 Gobat.

370 3025 405 3084 et
427 3019 483 3084 alli
500 3019 709 3085 eontrarium
726 3019 934 3102 probabilius
958 3025 1093 3098 tenent,
1117 3021 1196 3104 quia
1217 3018 1306 3084 Trid.
1335 3018 1541 3101 generaliter

370 3127 450 3190 dicit
462 3127 527 3192 boo
542 3127 828 3210 impedimentum
849 3143 919 3192 non
937 3127 1015 3192 oriri
1032 3146 1074 3192 ex
1089 3127 1303 3210 sponsalibus
1325 3145 1540 3211 quocumque

371 3253 413 3296 ex
426 3233 535 3316 capite
552 3223 721 3298 invalidis.

410 3341 510 3425 Resp.
524 3341 555 3404 t.
570 3341 708 3406 Publica
717 3342 880 3408 honestas
891 3361 934 3408 ex
943 3342 1161 3408 matrimonio
1171 3349 1245 3407 rato
1259 3347 1333 3408 orta
1347 3343 1543 3408 extenditur

370 3469 478 3534 usque
494 3449 536 3514 ad
559 3455 718 3535 quartum
732 3451 877 3532 gradum
893 3451 1057 3516 inclusive
1073 3473 1080 3514 :
1097 3453 1144 3516 ila
1158 3452 1341 3517 declaravit
1361 3455 1393 3516 S.
1410 3453 1488 3516 Pius
1503 3451 1539 3530 l,

369 3564 478 3624 const.
503 3558 604 3642 incip.
631 3559 689 3624 Ad
708 3559 911 3636 Romanum,
934 3561 950 3624 l
972 3559 1034 3642 jul.
1054 3561 1151 3636 loe&
1175 3579 1255 3625 nam
1281 3560 1368 3625 Trid.
1392 3561 1542 3643 loquitur

371 3667 483 3732 solum
506 3667 547 3732 de
569 3665 704 3750 publica
723 3668 920 3746 honestate,
943 3674 1112 3752 quatenus
1135 3675 1210 3734 orta
1234 3689 1277 3734 ex
1300 3669 1540 3754 sponsalibus;

372 3791 455 3855 ergo
468 3773 557 3838 circa
569 3775 785 3840 honestatem
795 3775 965 3858 publicam
976 3794 1019 3840 ex
1032 3777 1250 3842 matrimonio
1265 3783 1338 3842 rato
1352 3782 1462 3843 ortam
1474 3794 1543 3841 ser-

370 3887 471 3948 vatur
487 3883 589 3948 etiam
603 3883 704 3948 bodie
711 3887 769 3967 jus
783 3885 972 3970 antiquum,
986 3903 1065 3951 cum
1076 3904 1146 3951 non
1159 3887 1349 3970 reperiatur
1358 3891 1539 3953 mutatum.

372 3989 514 4075 Insuper
528 3991 615 4055 sicut
637 3989 730 4069 olim,
747 3993 795 4057 ita
808 3993 910 4058 hodie
923 3993 1017 4058 locos
1034 3998 1087 4058 est
1103 3995 1182 4060 huie
1200 3995 1456 4078 impedimento,
1479 3995 1542 4060 etsi

372 4099 628 4164 matrimonium
642 4105 755 4164 ratum
773 4118 868 4182 pure,
893 4105 927 4166 et
943 4120 1014 4166 non
1028 4102 1257 4169 conditionate
1281 4104 1414 4180 initum,
1440 4102 1544 4168 luerit

372 4204 570 4284 invalidum,
596 4226 628 4270 v.
645 4227 678 4289 g.
701 4226 863 4276 excausa
880 4211 1196 4292 consanguinitatis,
1212 4211 1397 4288 affinitatis,
1414 4210 1542 4292 trigidi-

373 4315 462 4392 tatis‚
474 4321 537 4380 etc.
552 4315 738 4380 dummodo
751 4333 822 4381 non
830 4317 933 4382 luerit
941 4317 1130 4383 invalidum
1140 4337 1183 4384 ex
1196 4319 1328 4384 delectu
1341 4337 1540 4394 consensus,

372 4441 404 4487 v.
421 4441 454 4506 g.
470 4429 608 4508 propter
621 4429 763 4501 metum,
781 4443 932 4491 errorem
946 4444 1111 4508 personae,
1132 4431 1330 4493 revocatum
1342 4429 1543 4493 mandatum

371 4531 717 4614 procuratoridatum,
729 4539 792 4598 etc.
809 4534 874 4617 (cit.
890 4553 918 4600 c.
935 4554 992 4598 un.
1004 4535 1036 4598 h.
1050 4540 1073 4599 t.
1090 4537 1124 4600 in
1139 4537 1193 4618 ὅθ).
1204 4535 1543 4620 Exquogeueraliler

373 4645 467 4704 textu
487 4641 623 4706 videtur
642 4641 738 4726 sequi
759 4641 860 4707 bodie
877 4643 1160 4741 impedimentum
1180 4646 1245 4710 hoo
1264 4647 1343 4710 oriri
1365 4665 1407 4710 ex
1429 4647 1543 4710 matri-

554 4769 563 4810 ι
