<?xml version="1.0" encoding="UTF-8"?>
<!DOCTYPE html PUBLIC "-//W3C//DTD XHTML 1.0 Transitional//EN"
    "http://www.w3.org/TR/xhtml1/DTD/xhtml1-transitional.dtd">
<html xmlns="http://www.w3.org/1999/xhtml" xml:lang="en" lang="en">
 <head>
  <title>
</title>
<meta http-equiv="Content-Type" content="text/html;charset=utf-8" />
  <meta name='ocr-system' content='tesseract 3.04.00' />
  <meta name='ocr-capabilities' content='ocr_page ocr_carea ocr_par ocr_line ocrx_word'/>
</head>
<body>
  <div class='ocr_page' id='page_1' title='image "./juscanonicumjux01grangoog/juscanonicumjux01grangoog_0533.png"; bbox 0 0 3500 5552; ppageno 0'>
   <div class='ocr_carea' id='block_1_1' title="bbox 563 571 1397 636">
    <p class='ocr_par' dir='ltr' id='par_1_1' title="bbox 563 571 1397 636">
     <span class='ocr_line' id='line_1_1' title="bbox 563 571 1397 636; baseline 0.01 -12"><span class='ocrx_word' id='word_1_1' title='bbox 563 583 649 627; x_wconf 81' lang='lat' dir='ltr'>uranu</span> <span class='ocrx_word' id='word_1_2' title='bbox 671 583 799 636; x_wconf 83' lang='lat' dir='ltr'>oumrus</span> <span class='ocrx_word' id='word_1_3' title='bbox 822 582 1042 628; x_wconf 77' lang='lat' dir='ltr'>nncnarnunu.</span> <span class='ocrx_word' id='word_1_4' title='bbox 1338 571 1397 632; x_wconf 67' lang='lat'>523</span> 
     </span>
    </p>
   </div>
   <div class='ocr_carea' id='block_1_2' title="bbox 218 698 1398 986">
    <p class='ocr_par' dir='ltr' id='par_1_2' title="bbox 218 698 1398 986">
     <span class='ocr_line' id='line_1_2' title="bbox 218 698 1396 784; baseline 0.008 -24"><span class='ocrx_word' id='word_1_5' title='bbox 218 698 295 774; x_wconf 80' lang='lat' dir='ltr'>dcii,</span> <span class='ocrx_word' id='word_1_6' title='bbox 318 699 441 764; x_wconf 83' lang='lat' dir='ltr'>saltem</span> <span class='ocrx_word' id='word_1_7' title='bbox 461 698 490 762; x_wconf 89' lang='lat' dir='ltr'>si</span> <span class='ocrx_word' id='word_1_8' title='bbox 510 699 566 765; x_wconf 92' lang='lat' dir='ltr'>ille</span> <span class='ocrx_word' id='word_1_9' title='bbox 588 700 740 766; x_wconf 84' lang='lat' dir='ltr'>defectus</span> <span class='ocrx_word' id='word_1_10' title='bbox 766 718 836 766; x_wconf 92' lang='lat' dir='ltr'>non</span> <span class='ocrx_word' id='word_1_11' title='bbox 858 705 1027 784; x_wconf 81' lang='lat' dir='ltr'>repugnet</span> <span class='ocrx_word' id='word_1_12' title='bbox 1048 700 1209 766; x_wconf 88' lang='lat' dir='ltr'>oneribus</span> <span class='ocrx_word' id='word_1_13' title='bbox 1229 704 1396 770; x_wconf 81' lang='lat' dir='ltr'>beneficii.</span> 
     </span>
     <span class='ocr_line' id='line_1_3' title="bbox 218 799 1070 894; baseline 0.004 -26"><span class='ocrx_word' id='word_1_14' title='bbox 218 799 267 870; x_wconf 83' lang='lat' dir='ltr'>lta</span> <span class='ocrx_word' id='word_1_15' title='bbox 280 807 473 872; x_wconf 85' lang='lat' dir='ltr'>communis</span> <span class='ocrx_word' id='word_1_16' title='bbox 489 809 659 874; x_wconf 84' lang='lat' dir='ltr'>sententia</span> <span class='ocrx_word' id='word_1_17' title='bbox 673 809 763 894; x_wconf 81' lang='lat' dir='ltr'>opud</span> <span class='ocrx_word' id='word_1_18' title='bbox 778 808 954 885; x_wconf 70' lang='lat' dir='ltr'>Schmalz,</span> <span class='ocrx_word' id='word_1_19' title='bbox 970 827 1003 872; x_wconf 95' lang='lat' dir='ltr'>n.</span> <span class='ocrx_word' id='word_1_20' title='bbox 1020 809 1070 872; x_wconf 82' lang='lat' dir='ltr'>m.</span> 
     </span>
     <span class='ocr_line' id='line_1_4' title="bbox 256 914 1398 986; baseline 0.006 -8"><span class='ocrx_word' id='word_1_21' title='bbox 256 915 288 978; x_wconf 47' lang='grc' dir='ltr'>θ’</span> <span class='ocrx_word' id='word_1_22' title='bbox 305 914 378 979; x_wconf 90' lang='lat' dir='ltr'>Non</span> <span class='ocrx_word' id='word_1_23' title='bbox 391 915 610 981; x_wconf 88' lang='lat' dir='ltr'>consentiunt</span> <span class='ocrx_word' id='word_1_24' title='bbox 624 916 689 979; x_wconf 85' lang='lat' dir='ltr'><strong>DI).</strong></span> <span class='ocrx_word' id='word_1_25' title='bbox 710 917 800 982; x_wconf 89' lang='lat' dir='ltr'>circe</span> <span class='ocrx_word' id='word_1_26' title='bbox 818 915 1015 985; x_wconf 86' lang='lat' dir='ltr'>nullitatem</span> <span class='ocrx_word' id='word_1_27' title='bbox 1029 917 1219 983; x_wconf 88' lang='lat' dir='ltr'>collationis</span> <span class='ocrx_word' id='word_1_28' title='bbox 1243 919 1398 986; x_wconf 86' lang='lat' dir='ltr'>beneficii</span> 
     </span>
    </p>
   </div>
   <div class='ocr_carea' id='block_1_3' title="bbox 217 1021 1524 1104">
    <p class='ocr_par' dir='ltr' id='par_1_3' title="bbox 217 1021 1524 1104">
     <span class='ocr_line' id='line_1_5' title="bbox 217 1021 1524 1104; baseline 0.005 -18"><span class='ocrx_word' id='word_1_29' title='bbox 217 1021 394 1104; x_wconf 78' lang='lat' dir='ltr'>irregulari</span> <span class='ocrx_word' id='word_1_30' title='bbox 409 1023 517 1087; x_wconf 68' lang='lat' dir='ltr'>iactae.</span> <span class='ocrx_word' id='word_1_31' title='bbox 536 1021 756 1088; x_wconf 87' lang='lat' dir='ltr'>Communior</span> <span class='ocrx_word' id='word_1_32' title='bbox 771 1024 941 1092; x_wconf 86' lang='lat' dir='ltr'>sententia</span> <span class='ocrx_word' id='word_1_33' title='bbox 956 1025 1055 1092; x_wconf 88' lang='lat' dir='ltr'>docet</span> <span class='ocrx_word' id='word_1_34' title='bbox 1068 1025 1287 1094; x_wconf 85' lang='lat' dir='ltr'>collationem</span> <span class='ocrx_word' id='word_1_35' title='bbox 1305 1027 1399 1092; x_wconf 85' lang='lat' dir='ltr'>illam</span> <span class='ocrx_word' id='word_1_36' title='bbox 1519 1063 1524 1076; x_wconf 83' lang='lat'><em>=</em></span> 
     </span>
    </p>
   </div>
   <div class='ocr_carea' id='block_1_4' title="bbox 217 1129 1401 2189">
    <p class='ocr_par' dir='ltr' id='par_1_4' title="bbox 217 1129 1401 1966">
     <span class='ocr_line' id='line_1_6' title="bbox 222 1129 1400 1217; baseline 0.006 -24"><span class='ocrx_word' id='word_1_37' title='bbox 222 1146 296 1196; x_wconf 88' lang='lat' dir='ltr'>esse</span> <span class='ocrx_word' id='word_1_38' title='bbox 312 1130 387 1212; x_wconf 92' lang='lat' dir='ltr'>ipso</span> <span class='ocrx_word' id='word_1_39' title='bbox 399 1131 477 1212; x_wconf 87' lang='lat' dir='ltr'>jure</span> <span class='ocrx_word' id='word_1_40' title='bbox 490 1129 630 1207; x_wconf 89' lang='lat' dir='ltr'>nullam,</span> <span class='ocrx_word' id='word_1_41' title='bbox 645 1149 689 1194; x_wconf 88' lang='lat' dir='ltr'>ex</span> <span class='ocrx_word' id='word_1_42' title='bbox 702 1130 785 1196; x_wconf 90' lang='lat' dir='ltr'>locis</span> <span class='ocrx_word' id='word_1_43' title='bbox 800 1133 1023 1217; x_wconf 86' lang='lat' dir='ltr'>supracitatis</span> <span class='ocrx_word' id='word_1_44' title='bbox 1035 1153 1042 1196; x_wconf 92' lang='lat'>:</span> <span class='ocrx_word' id='word_1_45' title='bbox 1053 1134 1126 1198; x_wconf 86' lang='lat' dir='ltr'>haec</span> <span class='ocrx_word' id='word_1_46' title='bbox 1136 1136 1332 1201; x_wconf 84' lang='lat' dir='ltr'>omnienon</span> <span class='ocrx_word' id='word_1_47' title='bbox 1339 1136 1400 1200; x_wconf 93' lang='lat' dir='ltr'>mi-</span> 
     </span>
     <span class='ocr_line' id='line_1_7' title="bbox 218 1236 1400 1326; baseline 0.007 -26"><span class='ocrx_word' id='word_1_48' title='bbox 218 1255 283 1301; x_wconf 88' lang='lat' dir='ltr'>nus</span> <span class='ocrx_word' id='word_1_49' title='bbox 295 1236 486 1302; x_wconf 85' lang='lat' dir='ltr'>nullitatem</span> <span class='ocrx_word' id='word_1_50' title='bbox 497 1256 600 1321; x_wconf 86' lang='lat' dir='ltr'>quam</span> <span class='ocrx_word' id='word_1_51' title='bbox 614 1237 800 1304; x_wconf 85' lang='lat' dir='ltr'>illicitatem</span> <span class='ocrx_word' id='word_1_52' title='bbox 813 1240 989 1305; x_wconf 91' lang='lat' dir='ltr'>inducunt.</span> <span class='ocrx_word' id='word_1_53' title='bbox 1003 1241 1100 1306; x_wconf 81' lang='lat' dir='ltr'>Ratio</span> <span class='ocrx_word' id='word_1_54' title='bbox 1110 1245 1172 1319; x_wconf 86' lang='lat' dir='ltr'>est,</span> <span class='ocrx_word' id='word_1_55' title='bbox 1183 1243 1400 1326; x_wconf 86' lang='lat' dir='ltr'>quiairregu-</span> 
     </span>
     <span class='ocr_line' id='line_1_8' title="bbox 217 1344 1401 1432; baseline 0.007 -25"><span class='ocrx_word' id='word_1_56' title='bbox 217 1344 298 1409; x_wconf 86' lang='lat' dir='ltr'>laris</span> <span class='ocrx_word' id='word_1_57' title='bbox 310 1345 468 1410; x_wconf 82' lang='lat' dir='ltr'>exclusus</span> <span class='ocrx_word' id='word_1_58' title='bbox 479 1348 583 1410; x_wconf 88' lang='lat' dir='ltr'>estab</span> <span class='ocrx_word' id='word_1_59' title='bbox 594 1347 712 1412; x_wconf 84' lang='lat' dir='ltr'>ordine</span> <span class='ocrx_word' id='word_1_60' title='bbox 728 1350 872 1432; x_wconf 86' lang='lat' dir='ltr'>ejusque</span> <span class='ocrx_word' id='word_1_61' title='bbox 887 1349 1047 1413; x_wconf 86' lang='lat' dir='ltr'>exercitio</span> <span class='ocrx_word' id='word_1_62' title='bbox 1061 1369 1068 1426; x_wconf 91' lang='lat'>;</span> <span class='ocrx_word' id='word_1_63' title='bbox 1083 1368 1165 1432; x_wconf 89' lang='lat' dir='ltr'>ergo</span> <span class='ocrx_word' id='word_1_64' title='bbox 1177 1350 1335 1416; x_wconf 81' lang='lat' dir='ltr'>exclusus</span> <span class='ocrx_word' id='word_1_65' title='bbox 1349 1357 1401 1418; x_wconf 89' lang='lat' dir='ltr'>est</span> 
     </span>
     <span class='ocr_line' id='line_1_9' title="bbox 220 1435 1400 1538; baseline 0.006 -22"><span class='ocrx_word' id='word_1_66' title='bbox 220 1451 323 1516; x_wconf 87' lang='lat' dir='ltr'>eliam</span> <span class='ocrx_word' id='word_1_67' title='bbox 338 1435 381 1515; x_wconf 82' lang='lat' dir='ltr'>ab</span> <span class='ocrx_word' id='word_1_68' title='bbox 397 1471 437 1516; x_wconf 92' lang='lat' dir='ltr'>eo</span> <span class='ocrx_word' id='word_1_69' title='bbox 453 1452 544 1536; x_wconf 87' lang='lat' dir='ltr'>quod</span> <span class='ocrx_word' id='word_1_70' title='bbox 555 1453 712 1520; x_wconf 87' lang='lat' dir='ltr'>ordinem</span> <span class='ocrx_word' id='word_1_71' title='bbox 724 1456 917 1520; x_wconf 84' lang='lat' dir='ltr'>necessario</span> <span class='ocrx_word' id='word_1_72' title='bbox 927 1456 1079 1538; x_wconf 88' lang='lat' dir='ltr'>requirit,</span> <span class='ocrx_word' id='word_1_73' title='bbox 1094 1460 1128 1521; x_wconf 91' lang='lat' dir='ltr'>et</span> <span class='ocrx_word' id='word_1_74' title='bbox 1139 1457 1259 1523; x_wconf 87' lang='lat' dir='ltr'>eodem</span> <span class='ocrx_word' id='word_1_75' title='bbox 1269 1460 1400 1523; x_wconf 86' lang='lat' dir='ltr'>ratione</span> 
     </span>
     <span class='ocr_line' id='line_1_10' title="bbox 220 1558 1401 1643; baseline 0.006 -20"><span class='ocrx_word' id='word_1_76' title='bbox 220 1558 379 1624; x_wconf 85' lang='lat' dir='ltr'>exclusus</span> <span class='ocrx_word' id='word_1_77' title='bbox 394 1563 456 1636; x_wconf 89' lang='lat' dir='ltr'>est,</span> <span class='ocrx_word' id='word_1_78' title='bbox 470 1577 531 1624; x_wconf 90' lang='lat' dir='ltr'>seu</span> <span class='ocrx_word' id='word_1_79' title='bbox 545 1560 619 1643; x_wconf 91' lang='lat' dir='ltr'>ipso</span> <span class='ocrx_word' id='word_1_80' title='bbox 631 1563 709 1642; x_wconf 86' lang='lat' dir='ltr'>jure</span> <span class='ocrx_word' id='word_1_81' title='bbox 723 1581 729 1624; x_wconf 93' lang='lat'><strong>:</strong></span> <span class='ocrx_word' id='word_1_82' title='bbox 744 1562 864 1627; x_wconf 90' lang='lat' dir='ltr'>eadem</span> <span class='ocrx_word' id='word_1_83' title='bbox 878 1562 969 1627; x_wconf 90' lang='lat' dir='ltr'>enim</span> <span class='ocrx_word' id='word_1_84' title='bbox 981 1567 1033 1627; x_wconf 91' lang='lat' dir='ltr'>est</span> <span class='ocrx_word' id='word_1_85' title='bbox 1043 1563 1234 1629; x_wconf 85' lang='lat' dir='ltr'>inhabilitas</span> <span class='ocrx_word' id='word_1_86' title='bbox 1248 1565 1290 1629; x_wconf 88' lang='lat' dir='ltr'>ad</span> <span class='ocrx_word' id='word_1_87' title='bbox 1300 1566 1401 1630; x_wconf 90' lang='lat' dir='ltr'>hene·</span> 
     </span>
     <span class='ocr_line' id='line_1_11' title="bbox 219 1666 1401 1756; baseline 0.004 -24"><span class='ocrx_word' id='word_1_88' title='bbox 219 1667 295 1732; x_wconf 84' lang='lat' dir='ltr'>ficia</span> <span class='ocrx_word' id='word_1_89' title='bbox 314 1671 348 1732; x_wconf 88' lang='lat' dir='ltr'>et</span> <span class='ocrx_word' id='word_1_90' title='bbox 368 1666 516 1731; x_wconf 81' lang='lat' dir='ltr'>ordines,</span> <span class='ocrx_word' id='word_1_91' title='bbox 538 1667 741 1732; x_wconf 83' lang='lat' dir='ltr'>Addendum</span> <span class='ocrx_word' id='word_1_92' title='bbox 760 1673 813 1733; x_wconf 87' lang='lat' dir='ltr'>est</span> <span class='ocrx_word' id='word_1_93' title='bbox 832 1669 947 1746; x_wconf 90' lang='lat' dir='ltr'>etiam,</span> <span class='ocrx_word' id='word_1_94' title='bbox 970 1675 1009 1734; x_wconf 91' lang='lat' dir='ltr'>ut</span> <span class='ocrx_word' id='word_1_95' title='bbox 1022 1675 1141 1752; x_wconf 88' lang='lat' dir='ltr'>monet</span> <span class='ocrx_word' id='word_1_96' title='bbox 1155 1671 1290 1750; x_wconf 86' lang='lat' dir='ltr'>Suarez,</span> <span class='ocrx_word' id='word_1_97' title='bbox 1309 1669 1401 1756; x_wconf 88' lang='lat' dir='ltr'>quod</span> 
     </span>
     <span class='ocr_line' id='line_1_12' title="bbox 218 1775 1401 1862; baseline 0.003 -22"><span class='ocrx_word' id='word_1_98' title='bbox 218 1777 273 1840; x_wconf 92' lang='lat' dir='ltr'>hic</span> <span class='ocrx_word' id='word_1_99' title='bbox 290 1775 475 1840; x_wconf 86' lang='lat' dir='ltr'>intervenit</span> <span class='ocrx_word' id='word_1_100' title='bbox 496 1776 647 1841; x_wconf 88' lang='lat' dir='ltr'>defectus</span> <span class='ocrx_word' id='word_1_101' title='bbox 668 1795 857 1842; x_wconf 79' lang='lat' dir='ltr'>consensus</span> <span class='ocrx_word' id='word_1_102' title='bbox 877 1784 1029 1862; x_wconf 84' lang='lat' dir='ltr'>exparte</span> <span class='ocrx_word' id='word_1_103' title='bbox 1044 1780 1253 1846; x_wconf 89' lang='lat' dir='ltr'>conferentis</span> <span class='ocrx_word' id='word_1_104' title='bbox 1273 1781 1401 1845; x_wconf 87' lang='lat' dir='ltr'>benefl-</span> 
     </span>
     <span class='ocr_line' id='line_1_13' title="bbox 220 1871 763 1966; baseline 0.004 -18"><span class='ocrx_word' id='word_1_105' title='bbox 220 1886 311 1949; x_wconf 88' lang='lat' dir='ltr'>cium</span> <span class='ocrx_word' id='word_1_106' title='bbox 325 1905 332 1961; x_wconf 88' lang='lat'>;</span> <span class='ocrx_word' id='word_1_107' title='bbox 350 1903 432 1966; x_wconf 88' lang='lat' dir='ltr'>ergo</span> <span class='ocrx_word' id='word_1_108' title='bbox 445 1883 580 1950; x_wconf 89' lang='lat' dir='ltr'>collatio</span> <span class='ocrx_word' id='word_1_109' title='bbox 595 1889 647 1948; x_wconf 83' lang='lat' dir='ltr'>est</span> <span class='ocrx_word' id='word_1_110' title='bbox 660 1871 763 1950; x_wconf 86' lang='lat' dir='ltr'>nulla.</span> 
     </span>
    </p>

    <p class='ocr_par' dir='ltr' id='par_1_5' title="bbox 218 1993 1401 2189">
     <span class='ocr_line' id='line_1_14' title="bbox 258 1993 1401 2080; baseline 0.003 -23"><span class='ocrx_word' id='word_1_111' title='bbox 258 1995 384 2058; x_wconf 87' lang='lat' dir='ltr'>Verum</span> <span class='ocrx_word' id='word_1_112' title='bbox 399 1993 506 2060; x_wconf 87' lang='lat' dir='ltr'>altera</span> <span class='ocrx_word' id='word_1_113' title='bbox 526 1995 705 2072; x_wconf 86' lang='lat' dir='ltr'>sententie,</span> <span class='ocrx_word' id='word_1_114' title='bbox 727 2014 797 2062; x_wconf 90' lang='lat' dir='ltr'>non</span> <span class='ocrx_word' id='word_1_115' title='bbox 817 1997 1060 2080; x_wconf 86' lang='lat' dir='ltr'>improbabilis,</span> <span class='ocrx_word' id='word_1_116' title='bbox 1083 2003 1188 2079; x_wconf 84' lang='lat' dir='ltr'>neget</span> <span class='ocrx_word' id='word_1_117' title='bbox 1202 1996 1401 2080; x_wconf 89' lang='lat' dir='ltr'>hujusmodi</span> 
     </span>
     <span class='ocr_line' id='line_1_15' title="bbox 218 2101 1400 2189; baseline 0.003 -22"><span class='ocrx_word' id='word_1_118' title='bbox 218 2101 435 2167; x_wconf 88' lang='lat' dir='ltr'>collationem</span> <span class='ocrx_word' id='word_1_119' title='bbox 451 2121 526 2168; x_wconf 93' lang='lat' dir='ltr'>esse</span> <span class='ocrx_word' id='word_1_120' title='bbox 541 2103 681 2169; x_wconf 89' lang='lat' dir='ltr'>nullam.</span> <span class='ocrx_word' id='word_1_121' title='bbox 698 2104 747 2170; x_wconf 85' lang='lat' dir='ltr'>Ita</span> <span class='ocrx_word' id='word_1_122' title='bbox 763 2104 866 2188; x_wconf 89' lang='lat' dir='ltr'>Sylv.,</span> <span class='ocrx_word' id='word_1_123' title='bbox 884 2107 1010 2189; x_wconf 83' lang='lat' dir='ltr'>Leym,</span> <span class='ocrx_word' id='word_1_124' title='bbox 1033 2105 1194 2182; x_wconf 85' lang='lat' dir='ltr'>Goninck,</span> <span class='ocrx_word' id='word_1_125' title='bbox 1212 2110 1288 2182; x_wconf 84' lang='lat' dir='ltr'>etc,</span> <span class='ocrx_word' id='word_1_126' title='bbox 1311 2106 1400 2189; x_wconf 87' lang='lat' dir='ltr'>apud</span> 
     </span>
    </p>
   </div>
   <div class='ocr_carea' id='block_1_5' title="bbox 220 2209 1603 2303">
    <p class='ocr_par' dir='ltr' id='par_1_6' title="bbox 220 2209 1603 2303">
     <span class='ocr_line' id='line_1_16' title="bbox 220 2209 1603 2303; baseline 0.006 -30"><span class='ocrx_word' id='word_1_127' title='bbox 220 2209 530 2292; x_wconf 84' lang='lat' dir='ltr'>Schmalzgrueher,</span> <span class='ocrx_word' id='word_1_128' title='bbox 542 2231 576 2275; x_wconf 93' lang='lat' dir='ltr'>n.</span> <span class='ocrx_word' id='word_1_129' title='bbox 589 2213 640 2276; x_wconf 79' lang='lat'>94.</span> <span class='ocrx_word' id='word_1_130' title='bbox 653 2212 827 2290; x_wconf 77' lang='lat' dir='ltr'>Probatur,</span> <span class='ocrx_word' id='word_1_131' title='bbox 840 2215 920 2297; x_wconf 83' lang='lat' dir='ltr'>quia</span> <span class='ocrx_word' id='word_1_132' title='bbox 930 2215 967 2277; x_wconf 92' lang='lat' dir='ltr'>in</span> <span class='ocrx_word' id='word_1_133' title='bbox 981 2232 1009 2278; x_wconf 94' lang='lat' dir='ltr'>c.</span> <span class='ocrx_word' id='word_1_134' title='bbox 1023 2215 1053 2290; x_wconf 82' lang='lat'>6,</span> <span class='ocrx_word' id='word_1_135' title='bbox 1063 2213 1103 2278; x_wconf 86' lang='lat' dir='ltr'>de</span> <span class='ocrx_word' id='word_1_136' title='bbox 1120 2213 1271 2279; x_wconf 83' lang='lat' dir='ltr'>Concess.</span> <span class='ocrx_word' id='word_1_137' title='bbox 1281 2215 1400 2298; x_wconf 67' lang='lat' dir='ltr'>praed„</span> <span class='ocrx_word' id='word_1_138' title='bbox 1508 2297 1511 2303; x_wconf 19' lang='grc' dir='ltr'><strong><em>Ι</em></strong></span> <span class='ocrx_word' id='word_1_139' title='bbox 1601 2293 1603 2297; x_wconf 40' lang='grc'><strong>,</strong></span> 
     </span>
    </p>
   </div>
   <div class='ocr_carea' id='block_1_6' title="bbox 220 2313 1408 4354">
    <p class='ocr_par' dir='ltr' id='par_1_7' title="bbox 220 2313 1404 2735">
     <span class='ocr_line' id='line_1_17' title="bbox 220 2313 1404 2401; baseline 0.004 -20"><span class='ocrx_word' id='word_1_140' title='bbox 220 2319 255 2382; x_wconf 94' lang='lat' dir='ltr'>in</span> <span class='ocrx_word' id='word_1_141' title='bbox 275 2319 317 2394; x_wconf 78' lang='lat'>6⁰,</span> <span class='ocrx_word' id='word_1_142' title='bbox 338 2319 459 2383; x_wconf 90' lang='lat' dir='ltr'>dicitur</span> <span class='ocrx_word' id='word_1_143' title='bbox 473 2319 737 2401; x_wconf 87' lang='lat' dir='ltr'>prohibitionem</span> <span class='ocrx_word' id='word_1_144' title='bbox 750 2321 921 2386; x_wconf 85' lang='lat' dir='ltr'>Pontificis</span> <span class='ocrx_word' id='word_1_145' title='bbox 936 2340 1007 2386; x_wconf 92' lang='lat' dir='ltr'>non</span> <span class='ocrx_word' id='word_1_146' title='bbox 1021 2322 1153 2387; x_wconf 86' lang='lat' dir='ltr'>irritare</span> <span class='ocrx_word' id='word_1_147' title='bbox 1169 2313 1404 2399; x_wconf 84' lang='lat' dir='ltr'>collationem,</span> 
     </span>
     <span class='ocr_line' id='line_1_18' title="bbox 221 2427 1401 2512; baseline 0.003 -22"><span class='ocrx_word' id='word_1_148' title='bbox 221 2427 287 2491; x_wconf 91' lang='lat' dir='ltr'>nisi</span> <span class='ocrx_word' id='word_1_149' title='bbox 309 2428 517 2510; x_wconf 86' lang='lat' dir='ltr'>adjungatur</span> <span class='ocrx_word' id='word_1_150' title='bbox 538 2429 569 2492; x_wconf 91' lang='lat' dir='ltr'>ei</span> <span class='ocrx_word' id='word_1_151' title='bbox 590 2428 765 2494; x_wconf 87' lang='lat' dir='ltr'>decretum</span> <span class='ocrx_word' id='word_1_152' title='bbox 789 2429 943 2506; x_wconf 88' lang='lat' dir='ltr'>irritans;</span> <span class='ocrx_word' id='word_1_153' title='bbox 969 2431 1062 2512; x_wconf 86' lang='lat' dir='ltr'>atqui</span> <span class='ocrx_word' id='word_1_154' title='bbox 1083 2431 1118 2494; x_wconf 89' lang='lat' dir='ltr'>in</span> <span class='ocrx_word' id='word_1_155' title='bbox 1142 2430 1207 2495; x_wconf 92' lang='lat' dir='ltr'>hoc</span> <span class='ocrx_word' id='word_1_156' title='bbox 1228 2447 1307 2496; x_wconf 88' lang='lat' dir='ltr'>casu</span> <span class='ocrx_word' id='word_1_157' title='bbox 1331 2448 1401 2494; x_wconf 91' lang='lat' dir='ltr'>non</span> 
     </span>
     <span class='ocr_line' id='line_1_19' title="bbox 221 2536 1402 2620; baseline 0.005 -22"><span class='ocrx_word' id='word_1_158' title='bbox 221 2536 387 2619; x_wconf 88' lang='lat' dir='ltr'>reperitur</span> <span class='ocrx_word' id='word_1_159' title='bbox 401 2536 576 2602; x_wconf 90' lang='lat' dir='ltr'>decretum</span> <span class='ocrx_word' id='word_1_160' title='bbox 590 2536 738 2603; x_wconf 86' lang='lat' dir='ltr'>irritans.</span> <span class='ocrx_word' id='word_1_161' title='bbox 755 2539 842 2620; x_wconf 87' lang='lat' dir='ltr'>Ergo</span> <span class='ocrx_word' id='word_1_162' title='bbox 859 2544 1053 2604; x_wconf 85' lang='lat' dir='ltr'>remaneret</span> <span class='ocrx_word' id='word_1_163' title='bbox 1068 2544 1105 2602; x_wconf 90' lang='lat' dir='ltr'>ut</span> <span class='ocrx_word' id='word_1_164' title='bbox 1121 2539 1256 2604; x_wconf 83' lang='lat' dir='ltr'>collatio</span> <span class='ocrx_word' id='word_1_165' title='bbox 1271 2539 1315 2603; x_wconf 88' lang='lat' dir='ltr'>sit</span> <span class='ocrx_word' id='word_1_166' title='bbox 1329 2543 1402 2604; x_wconf 85' lang='lat' dir='ltr'>tan-</span> 
     </span>
     <span class='ocr_line' id='line_1_20' title="bbox 224 2647 1219 2735; baseline 0.005 -24"><span class='ocrx_word' id='word_1_167' title='bbox 224 2653 295 2712; x_wconf 88' lang='lat' dir='ltr'>tum</span> <span class='ocrx_word' id='word_1_168' title='bbox 309 2647 434 2726; x_wconf 89' lang='lat' dir='ltr'>illicita,</span> <span class='ocrx_word' id='word_1_169' title='bbox 450 2668 520 2714; x_wconf 95' lang='lat' dir='ltr'>non</span> <span class='ocrx_word' id='word_1_170' title='bbox 535 2655 648 2715; x_wconf 86' lang='lat' dir='ltr'>autem</span> <span class='ocrx_word' id='word_1_171' title='bbox 667 2649 827 2716; x_wconf 84' lang='lat' dir='ltr'>invalida.</span> <span class='ocrx_word' id='word_1_172' title='bbox 847 2650 895 2714; x_wconf 81' lang='lat' dir='ltr'>Ex</span> <span class='ocrx_word' id='word_1_173' title='bbox 909 2652 1019 2735; x_wconf 88' lang='lat' dir='ltr'>prima</span> <span class='ocrx_word' id='word_1_174' title='bbox 1038 2652 1219 2727; x_wconf 86' lang='lat' dir='ltr'>sententia,</span> 
     </span>
    </p>

    <p class='ocr_par' dir='ltr' id='par_1_8' title="bbox 222 2757 1408 4354">
     <span class='ocr_line' id='line_1_21' title="bbox 261 2757 1403 2843; baseline 0.005 -22"><span class='ocrx_word' id='word_1_175' title='bbox 261 2759 293 2821; x_wconf 79' lang='lat'>3⁰</span> <span class='ocrx_word' id='word_1_176' title='bbox 307 2758 466 2842; x_wconf 78' lang='lat' dir='ltr'>Sequitur</span> <span class='ocrx_word' id='word_1_177' title='bbox 479 2757 714 2840; x_wconf 78' lang='lat' dir='ltr'>irregularem,</span> <span class='ocrx_word' id='word_1_178' title='bbox 731 2760 778 2824; x_wconf 88' lang='lat' dir='ltr'>sic</span> <span class='ocrx_word' id='word_1_179' title='bbox 792 2759 980 2843; x_wconf 84' lang='lat' dir='ltr'>provisum,</span> <span class='ocrx_word' id='word_1_180' title='bbox 1005 2778 1085 2824; x_wconf 89' lang='lat' dir='ltr'>suos</span> <span class='ocrx_word' id='word_1_181' title='bbox 1100 2779 1170 2825; x_wconf 91' lang='lat' dir='ltr'>non</span> <span class='ocrx_word' id='word_1_182' title='bbox 1185 2761 1298 2826; x_wconf 84' lang='lat' dir='ltr'>iecere</span> <span class='ocrx_word' id='word_1_183' title='bbox 1317 2763 1403 2828; x_wconf 79' lang='lat' dir='ltr'>fruc</span> 
     </span>
     <span class='ocr_line' id='line_1_22' title="bbox 223 2865 1403 2949; baseline 0.003 -21"><span class='ocrx_word' id='word_1_184' title='bbox 223 2872 277 2930; x_wconf 86' lang='lat' dir='ltr'>tus</span> <span class='ocrx_word' id='word_1_185' title='bbox 296 2865 452 2931; x_wconf 87' lang='lat' dir='ltr'>beneficii</span> <span class='ocrx_word' id='word_1_186' title='bbox 473 2865 614 2940; x_wconf 90' lang='lat' dir='ltr'>obtenti,</span> <span class='ocrx_word' id='word_1_187' title='bbox 640 2869 674 2930; x_wconf 90' lang='lat' dir='ltr'>et</span> <span class='ocrx_word' id='word_1_188' title='bbox 692 2866 890 2948; x_wconf 90' lang='lat' dir='ltr'>incapacem</span> <span class='ocrx_word' id='word_1_189' title='bbox 912 2885 987 2931; x_wconf 85' lang='lat' dir='ltr'>esse</span> <span class='ocrx_word' id='word_1_190' title='bbox 1007 2866 1265 2949; x_wconf 68' lang='lat' dir='ltr'>jurisdictionis</span> <span class='ocrx_word' id='word_1_191' title='bbox 1281 2867 1403 2932; x_wconf 86' lang='lat' dir='ltr'>saltem</span> 
     </span>
     <span class='ocr_line' id='line_1_23' title="bbox 223 2973 1403 3056; baseline 0 -16"><span class='ocrx_word' id='word_1_192' title='bbox 223 2973 424 3040; x_wconf 74' lang='lat' dir='ltr'>ordinarie:</span> <span class='ocrx_word' id='word_1_193' title='bbox 442 2991 522 3037; x_wconf 91' lang='lat' dir='ltr'>nam</span> <span class='ocrx_word' id='word_1_194' title='bbox 538 2973 651 3056; x_wconf 85' lang='lat' dir='ltr'>quoad</span> <span class='ocrx_word' id='word_1_195' title='bbox 664 2973 824 3055; x_wconf 88' lang='lat' dir='ltr'>primum,</span> <span class='ocrx_word' id='word_1_196' title='bbox 841 2991 921 3037; x_wconf 92' lang='lat' dir='ltr'>cum</span> <span class='ocrx_word' id='word_1_197' title='bbox 931 2973 1079 3038; x_wconf 80' lang='lat' dir='ltr'>invalide</span> <span class='ocrx_word' id='word_1_198' title='bbox 1093 2974 1299 3040; x_wconf 79' lang='lat' dir='ltr'>heneficium</span> <span class='ocrx_word' id='word_1_199' title='bbox 1309 2993 1403 3040; x_wconf 88' lang='lat' dir='ltr'>acce-</span> 
     </span>
     <span class='ocr_line' id='line_1_24' title="bbox 222 3079 1402 3166; baseline 0.003 -19"><span class='ocrx_word' id='word_1_200' title='bbox 222 3082 320 3166; x_wconf 89' lang='lat' dir='ltr'>perit,</span> <span class='ocrx_word' id='word_1_201' title='bbox 344 3085 402 3165; x_wconf 89' lang='lat' dir='ltr'>jus</span> <span class='ocrx_word' id='word_1_202' title='bbox 430 3081 473 3145; x_wconf 85' lang='lat' dir='ltr'>ad</span> <span class='ocrx_word' id='word_1_203' title='bbox 497 3079 572 3145; x_wconf 90' lang='lat' dir='ltr'>illos</span> <span class='ocrx_word' id='word_1_204' title='bbox 593 3081 719 3145; x_wconf 90' lang='lat' dir='ltr'>hahere</span> <span class='ocrx_word' id='word_1_205' title='bbox 742 3081 878 3165; x_wconf 90' lang='lat' dir='ltr'>nequit;</span> <span class='ocrx_word' id='word_1_206' title='bbox 905 3091 1026 3146; x_wconf 81' lang='lat' dir='ltr'>verum</span> <span class='ocrx_word' id='word_1_207' title='bbox 1049 3083 1252 3165; x_wconf 82' lang='lat' dir='ltr'>pensionem</span> <span class='ocrx_word' id='word_1_208' title='bbox 1275 3083 1402 3150; x_wconf 88' lang='lat' dir='ltr'>hahere</span> 
     </span>
     <span class='ocr_line' id='line_1_25' title="bbox 223 3188 1405 3273; baseline 0 -18"><span class='ocrx_word' id='word_1_209' title='bbox 223 3194 346 3273; x_wconf 86' lang='lat' dir='ltr'>potest,</span> <span class='ocrx_word' id='word_1_210' title='bbox 367 3207 446 3253; x_wconf 90' lang='lat' dir='ltr'>cum</span> <span class='ocrx_word' id='word_1_211' title='bbox 460 3189 496 3253; x_wconf 91' lang='lat' dir='ltr'>in</span> <span class='ocrx_word' id='word_1_212' title='bbox 515 3191 593 3272; x_wconf 91' lang='lat' dir='ltr'>jure</span> <span class='ocrx_word' id='word_1_213' title='bbox 613 3188 818 3270; x_wconf 88' lang='lat' dir='ltr'>pensionum</span> <span class='ocrx_word' id='word_1_214' title='bbox 836 3189 980 3272; x_wconf 82' lang='lat' dir='ltr'>privatio</span> <span class='ocrx_word' id='word_1_215' title='bbox 996 3188 1174 3272; x_wconf 74' lang='lat' dir='ltr'>irregulari</span> <span class='ocrx_word' id='word_1_216' title='bbox 1188 3190 1315 3256; x_wconf 90' lang='lat' dir='ltr'>indicta</span> <span class='ocrx_word' id='word_1_217' title='bbox 1335 3208 1405 3256; x_wconf 91' lang='lat' dir='ltr'>non</span> 
     </span>
     <span class='ocr_line' id='line_1_26' title="bbox 225 3295 1406 3382; baseline 0.003 -20"><span class='ocrx_word' id='word_1_218' title='bbox 225 3299 277 3362; x_wconf 90' lang='lat' dir='ltr'>sit.</span> <span class='ocrx_word' id='word_1_219' title='bbox 289 3297 407 3374; x_wconf 80' lang='lat' dir='ltr'>Quoad</span> <span class='ocrx_word' id='word_1_220' title='bbox 418 3298 617 3372; x_wconf 88' lang='lat' dir='ltr'>secundum,</span> <span class='ocrx_word' id='word_1_221' title='bbox 627 3297 674 3360; x_wconf 90' lang='lat' dir='ltr'>sic</span> <span class='ocrx_word' id='word_1_222' title='bbox 683 3295 826 3378; x_wconf 82' lang='lat' dir='ltr'>explicat</span> <span class='ocrx_word' id='word_1_223' title='bbox 835 3295 1004 3361; x_wconf 84' lang='lat' dir='ltr'>Bonacina</span> <span class='ocrx_word' id='word_1_224' title='bbox 1014 3317 1021 3359; x_wconf 94' lang='lat'><strong>:</strong></span> <span class='ocrx_word' id='word_1_225' title='bbox 1032 3296 1253 3378; x_wconf 88' lang='lat' dir='ltr'>«Irregularis</span> <span class='ocrx_word' id='word_1_226' title='bbox 1263 3298 1406 3382; x_wconf 83' lang='lat' dir='ltr'>incapax</span> 
     </span>
     <span class='ocr_line' id='line_1_27' title="bbox 224 3402 1406 3489; baseline 0.001 -21"><span class='ocrx_word' id='word_1_227' title='bbox 224 3405 361 3470; x_wconf 86' lang='lat' dir='ltr'>videtur</span> <span class='ocrx_word' id='word_1_228' title='bbox 372 3403 617 3488; x_wconf 77' lang='lat' dir='ltr'>Jurisdictionis</span> <span class='ocrx_word' id='word_1_229' title='bbox 633 3402 822 3479; x_wconf 80' lang='lat' dir='ltr'>ordinariae,</span> <span class='ocrx_word' id='word_1_230' title='bbox 835 3421 906 3468; x_wconf 92' lang='lat' dir='ltr'>non</span> <span class='ocrx_word' id='word_1_231' title='bbox 921 3421 1003 3468; x_wconf 89' lang='lat' dir='ltr'>vero</span> <span class='ocrx_word' id='word_1_232' title='bbox 1020 3403 1197 3486; x_wconf 76' lang='lat' dir='ltr'>delegatae,</span> <span class='ocrx_word' id='word_1_233' title='bbox 1215 3405 1295 3488; x_wconf 87' lang='lat' dir='ltr'>quia</span> <span class='ocrx_word' id='word_1_234' title='bbox 1305 3406 1406 3489; x_wconf 87' lang='lat' dir='ltr'>juris-</span> 
     </span>
     <span class='ocr_line' id='line_1_28' title="bbox 227 3509 1403 3596; baseline 0.002 -20"><span class='ocrx_word' id='word_1_235' title='bbox 227 3512 328 3576; x_wconf 91' lang='lat' dir='ltr'>dictio</span> <span class='ocrx_word' id='word_1_236' title='bbox 358 3512 528 3577; x_wconf 83' lang='lat' dir='ltr'>ordinaria</span> <span class='ocrx_word' id='word_1_237' title='bbox 554 3511 642 3576; x_wconf 88' lang='lat' dir='ltr'>solet</span> <span class='ocrx_word' id='word_1_238' title='bbox 670 3509 769 3575; x_wconf 87' lang='lat' dir='ltr'>alicui</span> <span class='ocrx_word' id='word_1_239' title='bbox 800 3515 995 3594; x_wconf 80' lang='lat' dir='ltr'>competere</span> <span class='ocrx_word' id='word_1_240' title='bbox 1021 3515 1161 3596; x_wconf 83' lang='lat' dir='ltr'>propter</span> <span class='ocrx_word' id='word_1_241' title='bbox 1187 3512 1403 3590; x_wconf 85' lang='lat' dir='ltr'>beneficium,</span> 
     </span>
     <span class='ocr_line' id='line_1_29' title="bbox 227 3620 1406 3704; baseline 0.002 -20"><span class='ocrx_word' id='word_1_242' title='bbox 227 3622 378 3686; x_wconf 80' lang='lat' dir='ltr'>cilicium</span> <span class='ocrx_word' id='word_1_243' title='bbox 393 3639 431 3686; x_wconf 91' lang='lat' dir='ltr'>ac</span> <span class='ocrx_word' id='word_1_244' title='bbox 446 3621 583 3685; x_wconf 84' lang='lat' dir='ltr'>titulum</span> <span class='ocrx_word' id='word_1_245' title='bbox 604 3620 815 3704; x_wconf 86' lang='lat' dir='ltr'>spiritualem</span> <span class='ocrx_word' id='word_1_246' title='bbox 833 3621 1028 3686; x_wconf 85' lang='lat' dir='ltr'>ordinatum</span> <span class='ocrx_word' id='word_1_247' title='bbox 1047 3622 1089 3686; x_wconf 85' lang='lat' dir='ltr'>ad</span> <span class='ocrx_word' id='word_1_248' title='bbox 1109 3622 1302 3688; x_wconf 77' lang='lat' dir='ltr'>functiones</span> <span class='ocrx_word' id='word_1_249' title='bbox 1319 3622 1406 3688; x_wconf 91' lang='lat' dir='ltr'>ordi-</span> 
     </span>
     <span class='ocr_line' id='line_1_30' title="bbox 229 3728 1407 3812; baseline 0.003 -19"><span class='ocrx_word' id='word_1_250' title='bbox 229 3748 333 3806; x_wconf 89' lang='lat' dir='ltr'>num;</span> <span class='ocrx_word' id='word_1_251' title='bbox 351 3730 412 3794; x_wconf 87' lang='lat' dir='ltr'>sed</span> <span class='ocrx_word' id='word_1_252' title='bbox 430 3728 625 3810; x_wconf 83' lang='lat' dir='ltr'>irregularis</span> <span class='ocrx_word' id='word_1_253' title='bbox 642 3731 694 3792; x_wconf 88' lang='lat' dir='ltr'>est</span> <span class='ocrx_word' id='word_1_254' title='bbox 707 3728 850 3811; x_wconf 84' lang='lat' dir='ltr'>incapax</span> <span class='ocrx_word' id='word_1_255' title='bbox 863 3729 1038 3806; x_wconf 87' lang='lat' dir='ltr'>heneficii;</span> <span class='ocrx_word' id='word_1_256' title='bbox 1063 3747 1146 3812; x_wconf 89' lang='lat' dir='ltr'>ergo</span> <span class='ocrx_word' id='word_1_257' title='bbox 1165 3731 1301 3796; x_wconf 87' lang='lat' dir='ltr'>videtur</span> <span class='ocrx_word' id='word_1_258' title='bbox 1317 3732 1407 3798; x_wconf 85' lang='lat' dir='ltr'>inca-</span> 
     </span>
     <span class='ocr_line' id='line_1_31' title="bbox 229 3836 1407 3922; baseline 0 -20"><span class='ocrx_word' id='word_1_259' title='bbox 229 3857 296 3921; x_wconf 86' lang='lat' dir='ltr'>pax</span> <span class='ocrx_word' id='word_1_260' title='bbox 309 3837 412 3902; x_wconf 86' lang='lat' dir='ltr'>etiam</span> <span class='ocrx_word' id='word_1_261' title='bbox 422 3836 668 3919; x_wconf 72' lang='lat' dir='ltr'>Jurisdictionis</span> <span class='ocrx_word' id='word_1_262' title='bbox 685 3837 864 3901; x_wconf 71' lang='lat' dir='ltr'>ordinariae</span> <span class='ocrx_word' id='word_1_263' title='bbox 881 3855 955 3920; x_wconf 81' lang='lat' dir='ltr'>quae</span> <span class='ocrx_word' id='word_1_264' title='bbox 970 3837 1192 3922; x_wconf 82' lang='lat' dir='ltr'>consequitur</span> <span class='ocrx_word' id='word_1_265' title='bbox 1206 3839 1357 3905; x_wconf 86' lang='lat' dir='ltr'>oiflcium</span> <span class='ocrx_word' id='word_1_266' title='bbox 1372 3843 1407 3904; x_wconf 89' lang='lat' dir='ltr'>et</span> 
     </span>
     <span class='ocr_line' id='line_1_32' title="bbox 230 3945 1405 4030; baseline 0.002 -20"><span class='ocrx_word' id='word_1_267' title='bbox 230 3946 444 4011; x_wconf 88' lang='lat' dir='ltr'>beneficium.</span> <span class='ocrx_word' id='word_1_268' title='bbox 460 3945 534 4010; x_wconf 91' lang='lat' dir='ltr'>Non</span> <span class='ocrx_word' id='word_1_269' title='bbox 551 3951 604 4010; x_wconf 89' lang='lat' dir='ltr'>est</span> <span class='ocrx_word' id='word_1_270' title='bbox 621 3950 737 4010; x_wconf 84' lang='lat' dir='ltr'>tamen</span> <span class='ocrx_word' id='word_1_271' title='bbox 752 3946 895 4030; x_wconf 83' lang='lat' dir='ltr'>incapax</span> <span class='ocrx_word' id='word_1_272' title='bbox 910 3946 1155 4029; x_wconf 87' lang='lat' dir='ltr'>jurisdictionis</span> <span class='ocrx_word' id='word_1_273' title='bbox 1171 3947 1346 4028; x_wconf 86' lang='lat' dir='ltr'>delegatae,</span> <span class='ocrx_word' id='word_1_274' title='bbox 1364 3965 1405 4012; x_wconf 92' lang='lat' dir='ltr'>eo</span> 
     </span>
     <span class='ocr_line' id='line_1_33' title="bbox 232 4053 1408 4137; baseline 0 -19"><span class='ocrx_word' id='word_1_275' title='bbox 232 4054 323 4137; x_wconf 88' lang='lat' dir='ltr'>quod</span> <span class='ocrx_word' id='word_1_276' title='bbox 339 4055 412 4118; x_wconf 74' lang='lat' dir='ltr'>hoec</span> <span class='ocrx_word' id='word_1_277' title='bbox 423 4053 613 4136; x_wconf 86' lang='lat' dir='ltr'>jurisdictio</span> <span class='ocrx_word' id='word_1_278' title='bbox 626 4071 696 4118; x_wconf 90' lang='lat' dir='ltr'>non</span> <span class='ocrx_word' id='word_1_279' title='bbox 710 4054 874 4118; x_wconf 82' lang='lat' dir='ltr'>tundetur</span> <span class='ocrx_word' id='word_1_280' title='bbox 888 4055 924 4118; x_wconf 93' lang='lat' dir='ltr'>in</span> <span class='ocrx_word' id='word_1_281' title='bbox 939 4055 1115 4132; x_wconf 87' lang='lat' dir='ltr'>beneflcio,</span> <span class='ocrx_word' id='word_1_282' title='bbox 1132 4074 1196 4120; x_wconf 91' lang='lat' dir='ltr'>nec</span> <span class='ocrx_word' id='word_1_283' title='bbox 1214 4055 1408 4120; x_wconf 86' lang='lat' dir='ltr'>conferatur</span> 
     </span>
     <span class='ocr_line' id='line_1_34' title="bbox 230 4161 1408 4247; baseline 0.002 -21"><span class='ocrx_word' id='word_1_284' title='bbox 230 4161 362 4227; x_wconf 85' lang='lat' dir='ltr'>ratione</span> <span class='ocrx_word' id='word_1_285' title='bbox 376 4161 542 4237; x_wconf 81' lang='lat' dir='ltr'>beneficii,</span> <span class='ocrx_word' id='word_1_286' title='bbox 562 4180 624 4226; x_wconf 89' lang='lat' dir='ltr'>nec</span> <span class='ocrx_word' id='word_1_287' title='bbox 638 4161 804 4243; x_wconf 87' lang='lat' dir='ltr'>dirigetur</span> <span class='ocrx_word' id='word_1_288' title='bbox 818 4163 861 4226; x_wconf 83' lang='lat' dir='ltr'>ad</span> <span class='ocrx_word' id='word_1_289' title='bbox 878 4164 1078 4228; x_wconf 86' lang='lat' dir='ltr'>exercitium</span> <span class='ocrx_word' id='word_1_290' title='bbox 1094 4163 1264 4240; x_wconf 90' lang='lat' dir='ltr'>ordinum,</span> <span class='ocrx_word' id='word_1_291' title='bbox 1277 4168 1316 4228; x_wconf 88' lang='lat' dir='ltr'>ut</span> <span class='ocrx_word' id='word_1_292' title='bbox 1329 4182 1408 4247; x_wconf 86' lang='lat' dir='ltr'>sup-</span> 
     </span>
     <span class='ocr_line' id='line_1_35' title="bbox 231 4269 1030 4354; baseline -0.001 -20"><span class='ocrx_word' id='word_1_293' title='bbox 231 4288 345 4354; x_wconf 82' lang='lat' dir='ltr'>pono»</span> <span class='ocrx_word' id='word_1_294' title='bbox 360 4269 461 4352; x_wconf 79' lang='lat' dir='ltr'>(llisp.</span> <span class='ocrx_word' id='word_1_295' title='bbox 479 4271 509 4346; x_wconf 83' lang='lat'>7,</span> <span class='ocrx_word' id='word_1_296' title='bbox 526 4274 645 4353; x_wconf 85' lang='lat' dir='ltr'>quaest.</span> <span class='ocrx_word' id='word_1_297' title='bbox 664 4270 693 4344; x_wconf 87' lang='lat' dir='ltr'>l,</span> <span class='ocrx_word' id='word_1_298' title='bbox 708 4273 822 4352; x_wconf 88' lang='lat' dir='ltr'>punct.</span> <span class='ocrx_word' id='word_1_299' title='bbox 840 4269 870 4344; x_wconf 80' lang='lat' dir='ltr'>d,</span> <span class='ocrx_word' id='word_1_300' title='bbox 887 4289 920 4332; x_wconf 96' lang='lat' dir='ltr'>n.</span> <span class='ocrx_word' id='word_1_301' title='bbox 939 4270 999 4352; x_wconf 81' lang='lat' dir='ltr'>m).</span> <span class='ocrx_word' id='word_1_302' title='bbox 1028 4329 1030 4336; x_wconf 47' lang='lat'>,</span> 
     </span>
    </p>
   </div>
   <div class='ocr_carea' id='block_1_7' title="bbox 633 4447 1005 4514">
    <p class='ocr_par' dir='ltr' id='par_1_9' title="bbox 633 4447 1005 4514">
     <span class='ocr_line' id='line_1_36' title="bbox 633 4447 1005 4514; baseline -0.003 -15"><span class='ocrx_word' id='word_1_303' title='bbox 633 4449 675 4499; x_wconf 89' lang='lat' dir='ltr'>lli.</span> <span class='ocrx_word' id='word_1_304' title='bbox 691 4449 804 4500; x_wconf 78' lang='lat' dir='ltr'>Privatic</span> <span class='ocrx_word' id='word_1_305' title='bbox 818 4447 1005 4514; x_wconf 78' lang='lat' dir='ltr'>beneficiorum.</span> 
     </span>
    </p>
   </div>
   <div class='ocr_carea' id='block_1_8' title="bbox 234 4581 1408 4791">
    <p class='ocr_par' dir='ltr' id='par_1_10' title="bbox 234 4581 1408 4791">
     <span class='ocr_line' id='line_1_37' title="bbox 272 4581 1408 4679; baseline -0.001 -21"><span class='ocrx_word' id='word_1_306' title='bbox 272 4595 403 4662; x_wconf 84' lang='lat' dir='ltr'>Tertius</span> <span class='ocrx_word' id='word_1_307' title='bbox 415 4595 556 4660; x_wconf 79' lang='lat' dir='ltr'>effectus</span> <span class='ocrx_word' id='word_1_308' title='bbox 565 4599 618 4659; x_wconf 91' lang='lat' dir='ltr'>est</span> <span class='ocrx_word' id='word_1_309' title='bbox 624 4581 773 4679; x_wconf 74' lang='lat' dir='ltr'>privatio</span> <span class='ocrx_word' id='word_1_310' title='bbox 786 4594 1111 4658; x_wconf 84' lang='lat' dir='ltr'>beneficiorumante</span> <span class='ocrx_word' id='word_1_311' title='bbox 1123 4592 1408 4676; x_wconf 83' lang='lat' dir='ltr'>irregularitatem</span> 
     </span>
     <span class='ocr_line' id='line_1_38' title="bbox 234 4704 487 4791; baseline -0.028 -20"><span class='ocrx_word' id='word_1_312' title='bbox 234 4704 487 4791; x_wconf 86' lang='lat' dir='ltr'>acquisitorum.</span> 
     </span>
    </p>
   </div>
   <div class='ocr_carea' id='block_1_9' title="bbox 0 0 1769 5552">
    <p class='ocr_par' dir='ltr' id='par_1_11' title="bbox 0 0 1769 5552">
     <span class='ocr_line' id='line_1_39' title="bbox 0 0 1769 5552; baseline 0 0"><span class='ocrx_word' id='word_1_313' title='bbox 0 0 1769 5552; x_wconf 95' lang='lat' dir='ltr'> </span> 
     </span>
    </p>
   </div>
  </div>
 </body>
</html>
