3412 5570
320 591 381 656 438
779 609 830 657 rus
850 609 1029 656 canonicus.

321 725 449 811 aliquid
462 743 664 810 prosperum
682 726 738 794 vel
757 728 940 795 adversum
959 733 1181 813 exspectatur.
1196 727 1246 794 lta
1265 727 1401 814 quaudo
1418 729 1493 813 quis

321 836 358 899 in
369 835 450 900 ludo
464 839 575 900 mutat
588 834 702 902 locum
711 836 767 902 vel
780 838 926 916 chartas,
944 843 1020 915 etc,
1034 837 1090 902 vel
1102 857 1172 903 nou
1185 837 1260 904 vult
1273 837 1366 903 adire
1381 837 1495 902 convi-

321 945 418 1009 vium
432 945 468 1010 in
481 962 549 1029 quo
564 949 644 1009 sunt
658 946 696 1009 13
710 947 874 1011 convivae.
892 947 1042 1012 Tandem
1055 947 1088 1010 4⁶
1102 947 1319 1013 observantia
1338 945 1495 1030 reliquia-

323 1071 411 1130 rum,
430 1053 565 1138 quando
582 1054 656 1138 quis
679 1058 790 1136 gestet
802 1054 973 1139 reliquias,
995 1075 1103 1137 agnos
1116 1055 1187 1131 Dei,
1204 1055 1260 1120 vel
1277 1055 1407 1138 aliquas
1422 1073 1496 1120 ora-

323 1162 446 1238 tiones,
470 1167 509 1226 ut
529 1161 745 1244 evangelium
768 1162 799 1228 S.
821 1164 972 1241 loannis,
993 1168 1085 1230 certo
1111 1164 1225 1241 modo,
1248 1169 1382 1228 etcum
1404 1170 1496 1228 certa

323 1270 588 1348 circumstantia,
617 1271 748 1336 ratione
776 1274 875 1355 cujus
901 1275 999 1356 putat
1027 1271 1083 1336 illa
1111 1291 1187 1337 esse
1209 1270 1308 1336 valde
1333 1269 1428 1338 utilia
1452 1271 1495 1337 ad

325 1377 410 1444 tales
429 1379 526 1444 flues.
544 1408 583 1426 -1
597 1379 721 1444 Rectus
735 1385 787 1445 est
802 1400 885 1444 usus
901 1382 1064 1459 crucium,
1081 1381 1312 1466 reliquiarum,
1328 1399 1497 1463 agnorum

325 1485 396 1564 Dei,
412 1490 515 1563 etc...,
535 1486 670 1571 quando
689 1506 768 1552 oum
782 1489 905 1557 fiducia
921 1489 1136 1567 adhibentur,
1160 1489 1220 1558 sed
1235 1489 1309 1558 sine
1319 1493 1498 1575 ,exspecta-

324 1595 417 1662 tione
433 1595 616 1663 infallibilis
632 1598 783 1666 effectus.

367 1845 432 1922 §lt
449 1845 490 1908 lte
502 1846 656 1925 rortttccio
670 1848 702 1907 tn
718 1848 1049 2008 ερεοίεάἒὶρὲἶιρράαρι
1063 1849 1135 1910 auu
1149 1849 1265 1911 delictit
1284 1848 1455 1910 distinctius

872 1949 891 1992 o
963 1949 1000 1996 ts.

367 2141 391 2206 l.
408 2141 637 2226 sortilegium,
654 2145 802 2228 specifice
817 2153 1001 2229 sumptum,
1019 2150 1071 2210 est
1094 2144 1256 2210 divinatio
1280 2163 1341 2228 per
1369 2147 1500 2218 sortes;

327 2251 484 2333 generice
499 2258 686 2336 acceptum,
702 2272 830 2318 nomen
849 2254 1011 2336 sortilegii
1027 2255 1188 2319 convenit
1207 2253 1366 2318 omnibus
1386 2271 1503 2336 super-

328 2359 533 2436 stitionibus,
551 2361 815 2428 divinationibus
828 2365 863 2427 et
876 2363 1010 2443 magiis,
1027 2368 1067 2426 ut
1076 2365 1150 2445 jam
1167 2379 1270 2445 supra
1293 2362 1498 2425 dictumest.

328 2466 367 2530 ln
386 2469 547 2550 praesenti
570 2469 679 2546 titulo,
701 2470 856 2553 specifice
880 2471 1069 2553 praesertim
1085 2471 1240 2546 sumitur,
1257 2469 1336 2534 lieet
1356 2467 1459 2534 latius
1479 2486 1503 2531 a

329 2578 427 2643 nobis
437 2580 541 2644 fuerit
552 2586 739 2664 acceptum.
750 2580 935 2645 Definitur:
951 2581 1142 2647 «Divinatio
1155 2600 1221 2667 qna
1230 2599 1292 2663 per
1302 2579 1504 2644 sortesdivi·

329 2685 479 2751 natoriae
492 2692 527 2751 et
539 2687 624 2753 ialsa
639 2689 747 2770 signa,
764 2707 828 2771 ope
839 2687 1016 2766 daemonis,
1029 2690 1145 2753 futura
1155 2694 1189 2752 et
1201 2687 1332 2753 occulta
1343 2686 1504 2751 manifes-

332 2797 456 2858 tantur.
471 2819 486 2854 s
504 2795 618 2860 Sortes
635 2801 715 2860 sunt
728 2795 783 2861 vel
796 2797 975 2876 divz'soriae,
990 2796 1045 2860 vel
1065 2796 1285 2871 eoostcltoriar,
1302 2793 1358 2859 vel
1372 2795 1504 2858 dioz'na-

330 2903 436 2966 torisa.
470 2905 502 2967 1ο
528 2904 700 2969 Divisoriae
730 2910 839 2970 sortes
870 2910 960 2982 sunt,
991 2905 1114 2988 quihus
1143 2907 1200 2988 Jus
1231 2903 1417 2968 indivisum
1443 2907 1529 2966 aut·

331 3012 472 3077 dubium
484 3011 636 3095 pluribus
651 3017 859 3096 competens,
876 3013 965 3076 inter
980 3030 1038 3077 eos
1049 3011 1211 3076 dividitur
1224 3016 1283 3074 aut
1304 3009 1501 3093 applicatur.

330 3123 362 3184 2⁰
372 3121 486 3186 Sortes
499 3121 714 3186 consultoris}
729 3127 818 3198 sunt,
832 3141 907 3206 qum
921 3123 1124 3187 adhibentur
1134 3126 1172 3185 ut
1186 3121 1275 3184 Deus
1286 3138 1411 3202 anceps
1425 3137 1505 3184 con-

332 3230 446 3294 silium
459 3230 592 3312 dirigat.
608 3231 640 3294 3⁰
652 3230 802 3295 Tandem
817 3237 925 3295 sortes
942 3231 1151 3296 divinatoriae
1167 3235 1258 3308 sunt,
1280 3245 1424 3313 quarum
1438 3245 1504 3310 ope

332 3338 463 3403 occulta
476 3337 532 3404 vel
545 3339 660 3403 lutura
675 3339 907 3420 contingentia
918 3339 1180 3420 investigantur.

372 3444 411 3509 ll.
439 3446 488 3510 De
501 3448 629 3530 mopt'o.
647 3447 754 3528 Magia
766 3451 818 3510 est
832 3464 886 3510 ars
906 3445 1068 3528 operandi
1088 3445 1176 3509 mira
1196 3451 1230 3510 et
1252 3443 1398 3508 insolita.
1415 3443 1507 3506 Divi-

335 3553 425 3617 ditur
439 3553 475 3617 in
488 3553 682 3618 naturalem
697 3558 732 3618 et
744 3555 1010 3638 superstitiosam
1030 3571 1091 3616 seu
1107 3552 1318 3617 diabolicam.
1338 3548 1506 3616 Naturalis

334 3665 396 3739 est,
410 3661 437 3725 si
449 3661 604 3745 quaedam
619 3667 803 3745 operantur
811 3663 898 3726 mira
908 3680 969 3744 per
982 3679 1101 3726 causas
1113 3659 1285 3725 naturales
1293 3661 1365 3724 sine
1381 3658 1508 3723 daemo-

333 3769 387 3831 nis
406 3786 489 3852 ope;
510 3769 745 3851 superstitiosa
766 3773 828 3844 est,
855 3786 930 3852 quae
952 3767 1108 3851 producit
1127 3768 1214 3833 mira
1228 3771 1263 3832 et
1285 3767 1422 3832 insolita
1440 3784 1514 3848 ope

335 3876 510 3953 daemonis,
524 3895 586 3959 per
601 3876 699 3958 signa
717 3877 759 3940 ab
780 3895 821 3942 eo
835 3877 1000 3952 instituta,
1022 3893 1097 3959 quae
1118 3875 1255 3959 quidem
1275 3874 1373 3949 mira,
1393 3875 1421 3938 si
1436 3891 1507 3937 non

333 3983 503 4062 excedunt
518 3987 722 4067 potestatem
737 3989 772 4048 et
784 3984 947 4048 virtutem
962 3982 1138 4058 daemonis,
1154 3987 1298 4064 possunt
1310 3983 1352 4046 ab
1363 4000 1404 4046 eo
1419 3981 1506 4056 lieri,

334 4094 382 4157 sic
402 4093 472 4157 llao
486 4093 722 4176 permittente;
749 4093 878 4158 sivero
898 4092 1077 4170 excedunt,
1098 4090 1154 4155 vel
1176 4091 1310 4155 dmmou
1329 4091 1505 4164 mentitur,

334 4199 391 4265 vel
405 4200 528 4285 decipit
541 4201 713 4267 illudendo
729 4219 849 4266 sensus
868 4201 1049 4265 humanos.
1070 4200 1147 4264 llaec
1168 4199 1282 4280 magia
1302 4199 1439 4262 tacitam
1451 4196 1509 4261 vel

337 4327 533 4392 expressam
547 4309 712 4374 daemonis
722 4309 974 4374 invocationem
985 4309 1146 4384 continet,
1159 4325 1198 4372 ac
1208 4305 1348 4390 proinde
1359 4305 1510 4388 aliquam

334 4417 608 4481 benevolentiam
622 4436 703 4499 erga
717 4418 839 4500 ipsum,
857 4417 926 4481 imo
942 4416 1139 4482 societatem
1154 4433 1232 4478 cum
1250 4413 1325 4496 ipso
1339 4411 1507 4476 damone.

376 4522 430 4586 Ill.
453 4523 501 4587 De
518 4525 695 4606 maleficio.
712 4524 924 4598 Maiellcium,
942 4541 962 4587 a
983 4521 1098 4587 «male
1112 4547 1127 4578 u
1151 4525 1185 4586 et
1204 4521 1316 4585 «facio
1328 4545 1343 4579 »
1367 4519 1506 4593 dictum,

337 4630 451 4695 differt
465 4651 485 4700 a
497 4633 612 4714 magia
622 4632 757 4715 proprie
770 4630 868 4707 dicta,
886 4631 965 4714 quia
978 4629 1043 4694 ista
1059 4629 1148 4693 sistit
1165 4629 1200 4691 in
1216 4628 1289 4694 sola
1311 4625 1509 4692 ostensione

338 4739 515 4822 signorum
530 4743 564 4806 et
583 4739 767 4806 effectuum
788 4737 1014 4816 mirabilium
1039 4735 1245 4809 maleficium
1266 4740 1382 4802 autem
1401 4730 1511 4798 tendit
