3514 5564
560 581 646 626 uranu
667 582 801 634 ouaarus
822 581 1042 629 nacusrunruu.
1333 562 1392 626 185

222 697 345 756 Nomine
366 695 507 767 dotalitii,
533 697 564 754 iu
583 712 648 770 cap.
672 701 690 756 1
713 698 742 756 lr.
766 705 799 769 t.,
823 699 905 756 venit
924 699 971 756 vel
991 697 1114 757 donatio
1135 701 1255 770 propter
1270 695 1392 770 nuptias

223 786 460 860 (sancierant),
473 786 518 844 vel
534 786 727 846 ususfructus
746 787 825 846 dotis
840 791 906 848 loco
925 787 1120 856 constitutus,
1142 784 1188 844 vel
1203 785 1347 859 pretium,
1364 789 1393 844 et
1510 805 1513 812 ·

223 874 380 934 aestimatio
402 874 481 932 dotis
499 874 575 932 datae
595 875 624 931 in
648 874 738 934 rebus
754 875 858 934 eodem
882 890 1018 947 numero,
1042 874 1172 948 pondere
1196 881 1226 933 et
1250 888 1392 933 mensura

223 963 443 1024 constantibus.

258 1055 346 1126 Resp.
359 1059 385 1111 2.
402 1053 636 1112 cessaramissic
649 1053 728 1112 dotis
740 1055 787 1112 rel
798 1053 970 1113 donationis
981 1057 1100 1126 propter
1116 1051 1238 1125 nuptias
1251 1051 1282 1110 lu
1297 1051 1391 1110 casib.

223 1157 287 1216 seq.
304 1161 311 1199 :
328 1146 356 1198 1ο
371 1141 396 1200 si
413 1143 529 1201 adulter
539 1141 747 1202 reconcilietur
759 1143 921 1212 innocenti,
936 1141 999 1202 sire
1012 1148 1092 1210 aute,
1107 1142 1170 1202 sire
1186 1147 1254 1214 post
1272 1147 1393 1200 senten·

223 1231 294 1290 tiam
309 1231 426 1289 divortii
442 1231 645 1291 reconciliatio
664 1232 741 1292 lacta
759 1234 813 1303 sit;
836 1231 986 1306 siquidem
1006 1247 1033 1290 c.
1053 1231 1115 1289 lh.
1140 1238 1161 1290 t.
1179 1246 1270 1290 casus
1289 1245 1392 1290 recon-

224 1320 385 1380 ciliationis
410 1336 553 1394 expresse
573 1327 602 1380 et
621 1323 795 1382 indistincte
817 1323 982 1395 excipitur3
1012 1325 1042 1380 2⁰
1059 1322 1087 1380 si
1113 1327 1237 1394 uterque
1260 1320 1299 1380 sit
1324 1334 1394 1380 rcus

224 1410 371 1482 adulterii,
384 1412 455 1484 quia
464 1415 632 1484 tuncpoena
642 1419 744 1472 mutua
754 1414 996 1486 compensatione
1004 1413 1119 1471 tollitur
1129 1413 1202 1486 (cap.
1215 1417 1230 1468 5
1241 1417 1271 1468 ot
1282 1410 1346 1480 lin,
1359 1411 1394 1468 de

223 1498 334 1568 Adida,
355 1500 374 1557 l.
399 1503 507 1558 llillllll
529 1508 559 1560 et
574 1505 678 1574 XLVII,
694 1503 723 1562 ll.
740 1503 832 1562 Solet.
848 1504 966 1574 mata),
991 1508 1020 1561 3·
1039 1504 1064 1562 si
1090 1503 1215 1561 maritus
1240 1501 1394 1559 consensit

224 1589 439 1650 inadulterium
454 1591 567 1662 uxoris,
584 1592 703 1650 rolleno
714 1593 836 1662 luiticit.
848 1592 927 1666 lib.);
941 1590 1227 1651 4⁰sierstentliheri
1242 1605 1279 1648 ex
1289 1590 1394 1648 eodem

224 1678 270 1738 rel
280 1680 370 1754 priori
381 1681 585 1751 matrim0n103
600 1687 671 1741 tunc
686 1683 766 1742 enirn
782 1683 948 1756 proprietas
957 1683 1036 1742 dotis
1045 1683 1089 1740 eis
1104 1681 1183 1740 cedit
1196 1683 1225 1738 et
1240 1679 1394 1739 ususlruc

224 1775 274 1827 tus
289 1775 491 1844 manetpenes
505 1771 707 1844 innocentem,
727 1773 861 1846 quandiu
883 1773 955 1832 vivit
974 1773 1137 1847 (Nuntii,
1158 1787 1185 1828 c.
1208 1774 1235 1840 8,
1258 1784 1337 1828 vers.
1360 1769 1394 1828 st

224 1859 305 1918 enirn
318 1859 416 1932 filios).

657 2255 841 2332 TITULUS
867 2257 962 2330 xxi.

593 2441 635 2486 DE
669 2441 840 2486 SECUNDIS
871 2442 1023 2488 auarus.

265 2731 380 2796 Soluto
397 2731 527 2832 'quoad
567 2731 741 2796 vinculum
778 2732 1015 2811 matrimonio,
1057 2732 1191 2798 transiri
1231 2731 1318 2797 solet
1353 2729 1395 2796 sd

227 2838 395 2904 secundas
419 2839 565 2922 nuptias,
593 2858 737 2922 quarum
760 2842 899 2905 nomine
926 2839 1069 2905 veniunt
1095 2841 1199 2905 etiem
1226 2839 1332 2904 tertiae
1362 2844 1398 2903 et

227 2946 425 3022 ulteriores;
453 2952 599 3030 suntque
620 2965 682 3030 per
701 2965 737 3011 se
762 2966 832 3013 nou
856 2953 988 3012 tantum
1004 2947 1132 3024 validae,
1157 2948 1216 3013 aed
1237 2952 1272 3012 et
1296 2947 1396 3012 licitae

182 3141 188 3150 Ι
229 3054 322 3120 omni
341 3057 419 3135 jure
442 3073 449 3116 ε
477 3054 640 3132 naturali,
662 3055 740 3138 quia
763 3054 876 3120 soluto
900 3055 1036 3120 vinculo
1057 3059 1091 3120 ct
1110 3058 1187 3137 jure
1212 3053 1395 3137 conjugali,

228 3163 361 3228 nullum
374 3162 587 3258 obstaculum
604 3169 655 3227 est
669 3181 792 3246 corpus
814 3181 914 3228 suum
928 3164 1033 3228 alteri
1049 3163 1211 3247 'tradendi
1231 3163 1274 3228 ad
1295 3180 1397 3226 usum

228 3271 459 3354 conjugalem;
483 3271 608 3345 diuino,
627 3269 719 3354 quod
730 3271 881 3336 insinuat
892 3271 1075 3355 Apostolus
1099 3271 1123 3354 (1
1147 3271 1233 3348 Con,
1258 3291 1310 3348 vu,
1333 3271 1396 3353 39),

230 3403 245 3436 u
262 3379 294 3442 Si
310 3378 484 3444 dormierit
506 3379 559 3441 vir
587 3380 673 3460 ejus,
695 3377 839 3444 liberata
863 3385 925 3456 est,
945 3379 999 3444 oui
1020 3379 1094 3445 vult
1111 3381 1240 3456 nubat3.
1259 3404 1274 3438 u
1298 3379 1396 3444 ecclc-

228 3489 371 3567 stacteo,
385 3506 428 3550 ex
443 3493 514 3553 tuto
529 3489 562 3552 h.
581 3493 617 3564 t.,
633 3506 708 3571 quse
720 3489 800 3569 jura
813 3487 1010 3572 quotidiana
1031 3489 1127 3572 praxi
1151 3489 1285 3554 firmata
1306 3492 1396 3552 sunt.

230 3597 361 3662 illustre
377 3600 429 3660 est
443 3595 637 3678 exemplum
653 3596 694 3662 de
709 3613 778 3679 quo
792 3597 948 3661 meminit
969 3598 1118 3663 Menoch.
1136 3597 1228 3682 quod
1243 3595 1399 3681 quadem

230 3703 368 3780 lemine,
389 3707 541 3787 tempore
553 3703 687 3768 Damasi
701 3721 809 3786 papae,
827 3705 1017 3770 successive
1039 3705 1205 3787 vigesimo
1220 3704 1294 3769 viro
1314 3722 1400 3786 nup-

231 3813 323 3887 serit,
338 3811 395 3893 qui
410 3814 510 3874 antee
524 3810 644 3891 viginti
661 3811 810 3896 quinque
825 3831 950 3877 uxores
965 3813 1154 3897 sepelierat.
1169 3812 1271 3878 Erant
1285 3817 1399 3878 tamen

231 3923 266 3984 in
281 3919 427 3984 Ecclesia
447 3917 603 3984 orientali
625 3925 725 3984 eertae
740 3937 851 3986 causae
871 3921 914 3986 ob
934 3939 1017 4005 quaa
1035 3921 1143 3998 tertiae
1169 3926 1204 3986 et
1222 3920 1400 3984 ulteriores
1420 3991 1423 3998 ,

233 4027 358 4108 nuptie
372 4044 442 4090 non
457 4025 551 4090 lacile
567 4026 845 4106 admittebantur,
862 4033 964 4112 prout
977 4032 1073 4095 notet
1091 4029 1263 4111 Sponden.
1289 4033 1324 4092 et
1344 4025 1401 4092 elii

233 4153 275 4198 ex
288 4151 362 4198 can.
378 4133 397 4196 8
412 4138 446 4196 et
460 4150 543 4217 seq,
556 4133 607 4210 31,
625 4155 656 4218 q.
674 4135 703 4211 i,
721 4140 783 4200 eto.

314 4320 333 4369 1.
351 4317 423 4378 Quid
437 4317 597 4382 requiratur
609 4316 643 4370 ad
657 4318 710 4371 troc
723 4319 755 4372 ut
768 4321 900 4374 secunde
914 4321 1020 4386 nuptlae
1036 4321 1089 4373 rite
1104 4319 1328 4376 conuehenturt
1364 4348 1367 4356 ·

273 4462 371 4546 Resp.
385 4464 414 4526 1.
424 4461 727 4530 Notitiamoraliter
736 4472 828 4532 certa
842 4466 883 4532 de
892 4467 984 4533 obitu
994 4467 1278 4551 priorisconjugis
1290 4489 1297 4531 :
1308 4485 1337 4532 o.
1350 4468 1400 4545 19,
1462 4427 1465 4432 ¹

166 4647 169 4652 ¹
235 4570 276 4633 dc
301 4570 471 4654 Sporrsol„
492 4572 547 4636 uhi
567 4573 750 4656 requiritur
772 4576 935 4640 nuncium
955 4580 1097 4654 certum,
1122 4579 1205 4658 puta
1222 4577 1258 4639 in
1277 4593 1403 4657 genere

236 4685 369 4748 neutro,
387 4699 447 4744 seu
464 4679 581 4750 relatio
594 4686 686 4749 certa
699 4683 740 4750 de
756 4687 866 4750 morte
882 4685 1040 4768 conjugis
1054 4685 1187 4772 prioris,
1206 4688 1280 4750 etc.
1296 4684 1361 4752 th.
1380 4690 1402 4750 t.
