3500 5552
398 467 458 534 orl
857 489 907 538 rus
928 489 1107 537 crromcuu.

399 607 552 689 specialis
575 610 798 674 contumacia.
817 610 900 674 Nam
928 611 956 674 si
980 609 1150 675 secundus
1166 610 1321 694 superior
1333 629 1402 676 non
1419 611 1577 677 intendat

399 733 478 778 uere
494 733 618 779 novam
633 735 771 799 poeuam
785 717 972 800 imponere,
998 717 1148 782 secunda
1167 735 1312 782 censura
1331 720 1515 784 haberetur
1537 726 1577 784 ut

397 823 571 889 innovatio
585 843 645 890 seu
660 825 842 908 publicatio
856 827 986 909 primae,
1005 832 1043 890 ut
1056 826 1180 892 docent
1190 830 1423 914 communitur
1433 830 1499 892 Du.

614 1065 630 1137 §
644 1067 689 1124 lV.
705 1065 746 1124 De
760 1081 854 1125 carisa
868 1065 903 1124 oi
917 1081 1007 1142 quom
1019 1065 1098 1139 ferri
1109 1072 1207 1140 potest
1221 1083 1358 1127 censura.

438 1267 471 1349 u)
485 1263 531 1330 Ex
555 1267 780 1332 communiori
804 1265 983 1332 doctorum
1009 1270 1190 1344 sententia,
1215 1287 1359 1334 censura
1378 1287 1447 1334 non
1462 1274 1577 1360 potest

396 1375 487 1450 ferri,
510 1374 575 1439 nisi
597 1375 640 1439 oh
663 1374 798 1458 culpam
813 1381 847 1440 et
867 1376 1004 1459 quidem
1028 1381 1217 1454 artemam,
1242 1395 1281 1441 ac
1305 1377 1341 1441 in
1362 1395 1424 1442 suo
1446 1396 1575 1458 genere

397 1483 582 1563 perlectam
597 1488 631 1546 et
644 1483 936 1566 proportionatum
958 1503 1123 1561 censurae,
1140 1491 1241 1568 atque
1262 1488 1481 1568 coniunctam
1495 1502 1576 1550 cum

396 1591 618 1655 contumacia.
634 1591 703 1655 Hoc
717 1591 832 1655 heberi
848 1596 961 1674 potest
975 1597 1012 1656 ut
1026 1593 1145 1673 regulo
1156 1593 1337 1674 generalis,
1355 1612 1430 1678 quae
1444 1595 1577 1658 eruitur

397 1703 469 1761 tum
484 1698 707 1762 excaudicet
723 1717 794 1783 seq.
814 1699 864 1776 ll,
877 1719 908 1783 q.
925 1700 955 1774 3,
970 1705 1044 1764 tum
1058 1699 1219 1778 Trident,
1232 1719 1315 1766 sess.
1331 1703 1381 1779 25,
1398 1721 1471 1768 can.
1489 1701 1519 1779 3,
1533 1701 1577 1766 de

393 1803 708 1888 Reform.,et(llem.
722 1807 752 1870 l·
767 1856 774 1882 ,
787 1807 829 1870 de
841 1806 962 1871 Haeret.
971 1806 1258 1890 Colligituretiam
1269 1815 1573 1892 exnaturapoenae,

394 1933 469 1998 quae
493 1920 545 1978 est
569 1917 694 1996 gravis,
721 1915 933 1981 medicinalis
960 1921 994 1980 et
1018 1917 1059 1980 ad
1083 1917 1197 1982 iorum
1220 1917 1395 2001 publicum
1418 1916 1575 1982 Ecclesia

336 2016 339 2025 '
393 2029 560 2106 spectans.
591 2025 632 2087 m
662 2025 735 2088 haec
751 2023 870 2105 regula
892 2029 945 2088 est
965 2024 1157 2089 distinctius
1182 2031 1217 2089 et
1243 2045 1305 2108 per
1330 2031 1443 2111 partes
1469 2025 1576 2108 expli-

394 2130 513 2196 canda.

432 2239 464 2302 1⁰
474 2241 525 2302 An
541 2240 584 2304 ob
603 2239 739 2323 culpam
754 2241 925 2306 venialem
936 2259 1082 2306 censura
1093 2241 1200 2324 inlligi
1211 2243 1341 2326 possit?
1355 2241 1573 2308 Conveniunt

391 2365 511 2412 omnes
525 2347 590 2411 DD.
609 2348 700 2432 quod
713 2368 859 2415 censura
872 2351 995 2432 gravis,
1009 2356 1048 2415 ut
1063 2357 1116 2416 est
1128 2351 1436 2418 excommunicatio
1447 2354 1570 2434 major,

391 2457 570 2540 suspensio
584 2463 619 2522 et
633 2458 852 2522 interdictum
868 2458 911 2523 ad
920 2458 1064 2541 longum
1075 2466 1222 2544 tempus,
1237 2478 1307 2525 non
1317 2459 1426 2542 possit
1436 2459 1572 2541 injungi
1622 2542 1629 2555 υ

392 2565 435 2629 ob
458 2563 592 2648 culpam
611 2563 791 2631 venialem.
815 2566 989 2650 Colligitur
1011 2587 1053 2632 ex
1076 2587 1150 2633 can.
1173 2569 1223 2644 ll,
1246 2568 1296 2643 la,
1320 2572 1395 2643 etc,
1420 2567 1569 2644 causat,

392 2692 423 2756 q,
440 2673 470 2752 3,
488 2677 520 2738 et
531 2691 625 2738 conc.
641 2660 740 2750 Trid,
756 2693 839 2740 sess.
856 2675 906 2753 lt,
921 2695 950 2740 c.
967 2676 997 2753 3,
1015 2677 1057 2740 de
1070 2677 1220 2758 Reform.
1237 2675 1334 2740 Ratio
1350 2679 1412 2751 est,
1431 2673 1570 2759 quiade

386 2781 466 2863 jure
483 2781 640 2846 eruturuli
656 2788 690 2846 et
709 2782 823 2848 divino
841 2803 944 2867 poena
959 2783 1060 2848 dehet
1078 2802 1153 2848 esse
1174 2783 1281 2867 culpae
1297 2783 1568 2866 proportionata.

391 2890 550 2974 Sequitur
565 2909 644 2956 eum
657 2890 713 2974 qui
727 2911 748 2956 a
763 2890 861 2974 culpa
875 2893 983 2973 gravi,
1002 2893 1056 2956 oui
1077 2910 1222 2956 censura
1241 2897 1294 2954 est
1307 2909 1452 2967 annexa,
1470 2909 1571 2954 excu-

392 3004 533 3076 saretur‚
548 3001 591 3064 ob
604 2999 842 3082 ignorantiam,
864 2997 1149 3065 inadvertontiam
1164 2999 1218 3063 vel
1230 2999 1332 3064 aliam
1345 3016 1496 3074 causam,
1511 3016 1571 3062 ex-

391 3107 500 3173 cusari
519 3107 654 3172 etiama
672 3125 826 3172 censura.
844 3105 1001 3184 infertur,
1021 3106 1112 3191 quod
1125 3105 1272 3171 invalide
1286 3111 1405 3188 ageret
1418 3106 1476 3189 qui
1491 3123 1571 3170 cen-

391 3233 506 3281 suram
520 3231 662 3296 gravem
679 3213 783 3279 ferret
802 3214 845 3278 ob
864 3215 1000 3297 culpam
1016 3219 1150 3279 tantum
1163 3213 1345 3279 venialem.
1363 3216 1406 3276 At
1424 3232 1571 3278 censura

389 3323 486 3400 levis,
504 3330 542 3387 ut
556 3322 863 3388 excommunicatio
876 3325 1000 3400 minor,
1017 3323 1235 3386 interdictum
1257 3322 1299 3387 ad
1314 3322 1417 3388 breve
1433 3327 1568 3404 tempus

391 3441 425 3500 et
442 3437 581 3520 privans
605 3435 718 3520 aliquo
742 3440 876 3500 tantum
900 3456 964 3500 usu
987 3442 1089 3521 atque
1115 3454 1185 3500 non
1207 3441 1431 3511 reservatum,
1451 3439 1570 3517 posset

389 3544 497 3625 infligi
515 3548 655 3628 propter
672 3549 850 3626 peccatum
868 3545 1011 3620 veniale,
1036 3546 1116 3628 quia
1136 3544 1326 3609 minoribus
1342 3543 1442 3611 bouis
1456 3541 1570 3625 privat

391 3656 425 3716 et
439 3651 536 3717 facile
551 3651 623 3716 tolli
638 3657 761 3736 potest.
779 3651 896 3736 ltaque
906 3653 1097 3734 generatim
1111 3651 1396 3728 concludendum,
1409 3657 1462 3714 est
1476 3648 1569 3733 quod

389 3778 534 3826 censura
550 3761 632 3826 ferri
651 3766 800 3844 nequeat
818 3763 884 3826 nisi
903 3764 947 3827 ob
965 3763 1112 3846 culpam,
1129 3761 1318 3826 mortalem.
1337 3759 1409 3824 lmo
1427 3758 1569 3823 comsit

390 3887 491 3950 poena
505 3867 725 3946 medicinalis,
740 3888 810 3935 non
826 3870 927 3936 dehet
940 3871 1046 3951 iulligi
1056 3889 1117 3954 pro
1132 3871 1254 3954 quovis
1268 3867 1415 3945 mortali,
1428 3865 1488 3930 sed
1504 3883 1567 3948 pro

389 3977 603 4058 gravioribus
617 3963 760 4055 tantum,
777 3997 821 4043 ne
835 3998 988 4044 censurae
1003 3983 1278 4055 contemnantur,
1287 3982 1326 4042 ut
1340 3981 1459 4040 monet
1469 3991 1564 4038 conc.

389 4084 476 4149 Trid.
495 4086 686 4151 Notandum
702 4093 882 4152 esttamen
897 4089 988 4173 quod
1002 4087 1146 4174 materia
1157 4089 1191 4151 in
1203 4106 1239 4152 se
1252 4085 1337 4149 levis
1347 4088 1461 4168 potest
1471 4080 1568 4146 reddi

388 4193 503 4275 gravis
527 4213 571 4259 ex
593 4194 762 4280 adjunctis
787 4197 1050 4261 circumstantiis
1079 4194 1228 4260 scandali
1250 4198 1310 4259 aut
1325 4191 1478 4275 periculi,
1507 4195 1568 4253 aut

388 4303 467 4365 fluis
481 4303 603 4366 intenti
618 4308 653 4367 et
664 4303 842 4380 similium;
856 4303 935 4368 hinc
946 4305 1041 4387 juste
1055 4309 1172 4388 posset
1184 4304 1266 4368 ferri
1280 4320 1435 4367 censura.
1447 4301 1510 4376 Sic,
1529 4305 1568 4361 ut

389 4411 534 4475 advertit
548 4413 581 4476 S.
598 4413 667 4494 Lig.
688 4411 796 4496 (l.Vll,
820 4413 882 4495 31),
906 4439 921 4470 «
941 4413 1101 4496 praelatus
1119 4418 1230 4498 potest
1247 4414 1426 4496 imponere
1445 4425 1568 4474 censu·

389 4537 463 4583 ram
483 4538 625 4601 gravem
645 4521 687 4584 iis
709 4521 766 4604 qui
783 4539 853 4584 nou
875 4521 1107 4585 interveniunt
1120 4522 1263 4605 publicat
1281 4517 1489 4604 processioni
1503 4534 1566 4598 pro
1651 4603 1655 4610 Ι
1737 4532 1738 4600 j

389 4627 552 4711 aliquare
567 4631 660 4711 gravi
673 4630 866 4694 ordinataeu.
881 4629 977 4699 item,
994 4649 1036 4694 ex
1050 4629 1267 4714 canSiqm‘s,
1277 4631 1328 4705 ᾗ,
1339 4630 1416 4693 dist.
1431 4628 1481 4704 23,
1493 4644 1521 4689 c.
1531 4625 1562 4700 l,
