3418 5566
378 507 439 580 350
462 543 463 548 ¹
833 527 885 579 tus
905 525 1083 580 canonicus.

416 651 449 714 Ψ
470 649 586 715 Proles
604 649 758 734 exposita
780 649 987 715 remittenda
1008 653 1070 725 est,
1094 647 1123 712 si
1144 646 1294 713 sciantur
1315 651 1484 733 parentes,
1507 645 1553 716 ad

378 758 492 824 locum
502 757 643 840 originis
665 762 699 822 et
718 757 878 824 domicilii
896 759 932 822 in
950 760 1191 844 quoperantes
1212 755 1368 822 stabilem
1384 755 1498 824 locum
1518 762 1554 823 et

379 867 497 932 sedem
517 867 655 942 habent,
678 871 712 931 et
736 865 782 930 ihi
807 865 960 930 alenda:
985 867 1032 930 sic
1052 868 1110 948 jus
1127 865 1336 942 Romanum3
1356 884 1436 930 nam
1455 865 1552 932 locus

379 975 519 1056 originis
534 978 569 1038 et
578 973 763 1039 nativitatis
777 973 888 1038 civem
902 974 991 1038 lacit.
1006 973 1049 1037 dt
1060 973 1088 1036 si
1098 973 1210 1038 inians
1220 977 1321 1038 natus
1334 973 1378 1037 sit
1390 993 1433 1040 ex
1442 979 1552 1039 matre

378 1081 591 1164 vagabunda,
607 1081 654 1146 ibi
668 1081 713 1146 ali
729 1082 830 1147 dehet
846 1082 904 1146 uhi
918 1079 1093 1164 expositus
1108 1085 1175 1158 est;
1191 1098 1272 1146 nam
1287 1082 1366 1165 vagi
1382 1081 1440 1146 ubi
1458 1085 1550 1159 sunt,

377 1173 551 1254 ihilorur'n
565 1193 599 1253 et
612 1190 784 1255 civitatem
798 1191 997 1260 sortiuntur.

416 1297 449 1362 3⁰
463 1297 598 1362 Domini
612 1303 773 1364 tenentur
786 1297 922 1365 ramulis
935 1299 1072 1380 egrotis
1085 1315 1281 1364 succurrere
1297 1303 1330 1363 et
1345 1315 1404 1364 ecs
1418 1317 1550 1374 curare,

379 1405 500 1472 saltem
512 1407 672 1472 tenuibus
682 1407 856 1491 expensio
868 1407 896 1471 si
909 1411 1096 1490 nequeunt,
1108 1405 1254 1472 charitas
1266 1407 1371 1472 dictat
1380 1411 1418 1472 ut
1428 1407 1551 1473 divites

378 1519 576 1580 succurrant
585 1521 714 1598 aegroto
728 1515 764 1579 in
776 1515 840 1580 hac
852 1515 949 1596 gravi
962 1515 1177 1580 necessitate.

418 1623 448 1705 b)
469 1624 518 1688 De
535 1624 615 1704 jure
639 1624 828 1709 remittentis
848 1630 881 1686 et
901 1623 1023 1688 olentis
1044 1624 1220 1708 expositos.
1244 1625 1275 1687 l⁸
1299 1623 1493 1708 Suscipiens
1515 1631 1551 1691 et

378 1730 473 1798 alens
488 1733 680 1816 expositum
694 1735 807 1815 potest
816 1735 970 1814 repetere
983 1748 1152 1813 expensas
1160 1731 1202 1795 ab
1210 1729 1275 1794 illis
1286 1731 1345 1816 qui
1359 1733 1552 1816 expositum

378 1845 569 1905 sustentare
585 1841 799 1917 tenebantur,
816 1840 845 1904 si
858 1839 915 1904 isti
930 1838 1012 1904 satis
1025 1839 1174 1905 habeant
1187 1839 1327 1904 adhunc
1342 1841 1552 1906 refusionem

379 1965 617 2031 expensarum.
634 1949 667 2012 Si
681 1954 841 2032 parentes
856 1967 917 2012 seu
939 1953 1151 2031 exponentes
1170 1947 1238 2012 sint
1255 1966 1434 2032 pauperes,
1449 1950 1552 2014 susci-

376 2057 475 2140 piens
488 2057 572 2123 nihil
586 2061 740 2140 repetere
754 2058 877 2140 potest,
895 2056 976 2140 q'uia
993 2056 1220 2139 eleemosynae
1237 2057 1443 2140 pauperihus
1463 2056 1551 2122 date

377 2183 448 2231 non
460 2170 671 2249 repetuntur.
688 2166 832 2231 attens
846 2165 1041 2248 expositum
1054 2163 1138 2228 nihil
1156 2163 1243 2248 juris
1263 2166 1406 2250 acquirit
1420 2167 1455 2229 in
1476 2168 1551 2248 ejus

377 2289 570 2358 personam,
586 2279 670 2359 puta
687 2275 833 2358 petriam
846 2277 1052 2357 potestatem
1075 2275 1157 2358 (cap.
1179 2291 1238 2336 un.
1254 2274 1358 2356 hujus
1374 2273 1447 2356 tit).
1466 2273 1551 2338 Nam

377 2383 579 2449 sustentatio
593 2400 663 2447 non
675 2383 755 2447 facit
767 2381 998 2465 adoptionem,
1015 2399 1094 2459 ¹cum
1106 2381 1172 2446 hoc
1186 2389 1261 2445 e'ssc
1273 2381 1381 2465 possit
1395 2381 1551 2464 exposito

376 2489 662 2576 praejudieiosum.

418 2599 596 2676 Quaentnr,
608 2617 652 2666 an
663 2599 808 2684 expositi
821 2605 1073 2684 praesumantur
1083 2595 1196 2684 potius
1210 2595 1353 2680 legitimi
1369 2615 1471 2683 quam
1481 2593 1550 2661 ille·

377 2699 507 2790 gitimi?

417 2817 498 2882 Duae
513 2822 593 2882 sunt
607 2816 796 2883 sententies.
811 2815 923 2883 Prima
937 2817 1106 2884 sententia
1122 2817 1221 2882 docet
1234 2815 1407 2899 expositos
1422 2831 1550 2898 praesu‘·

377 2927 521 2992 mondos
538 2945 613 2992 esse
632 2927 745 3011 potius
762 2927 934 3010 legitimos
956 2947 1058 3012 quam
1075 2926 1288 3008 illegitimcs;
1310 2944 1392 2990 nam
1411 2925 1446 2987 in
1467 2942 1549 2988 casu

377 3033 480 3101 dubio
495 3035 659 3119 capienda
673 3039 726 3101 est
739 3036 958 3119 praesumptio
974 3040 1008 3099 et
1022 3035 1170 3100 conditio
1185 3031 1270 3117 proli
1285 3033 1498 3108 lavorabilis;
1514 3037 1550 3097 at

376 3163 476 3210 casus
489 3133 712 3226 legitimitatis
724 3143 919 3220 estduhius,
933 3161 1013 3207 cum
1023 3143 1126 3207 etiam
1136 3141 1290 3223 legitimi,
1304 3141 1347 3207 ob
1358 3145 1547 3222 egestatem

378 3245 434 3319 vel
448 3252 551 3319 aliam
564 3239 713 3328 causam,
731 3269 800 3316 ncn
815 3269 891 3316 raro
907 3253 1133 3333 exponantur.

417 3362 576 3434 Secunda
586 3361 755 3426 sententia
766 3365 870 3442 negat
883 3359 1055 3442 expositos
1069 3353 1186 3423 haberi
1200 3375 1301 3442 posse
1315 3359 1354 3422 ut
1362 3352 1545 3439 legitimos,

356 3451 452 3537 'tr'tm
467 3473 545 3556 quis
560 3471 601 3536 de
619 3472 705 3554 stylo
720 3463 863 3536 Datariae
881 3460 1064 3550 legitimari
1081 3469 1207 3534 dehent
1226 3468 1268 3533 ad
1287 3468 1423 3532 ordinas
1444 3469 1547 3532 susci·

376 3581 520 3664 piandos
535 3581 620 3645 tales
635 3580 790 3664 expositi,
814 3585 888 3644 tum
909 3579 1071 3663 quianon
1085 3577 1197 3642 solent
1211 3576 1335 3660 exponi
1360 3575 1425 3640 nisi
1439 3571 1547 3657 illegi·

357 3687 360 3692 ’
379 3689 461 3754 timi.
476 3689 514 3753 ln
528 3689 623 3771 praxi
639 3688 786 3754 tenenda
801 3692 854 3752 est
870 3688 942 3752 haec
962 3683 1133 3752 sententia
1147 3683 1259 3770 quoad
1282 3683 1419 3750 ordines
1441 3681 1547 3748 susci-

377 3798 531 3883 piendos,
546 3817 626 3864 cum
646 3799 837 3883 requiratur
851 3797 1006 3881 probatio
1019 3795 1243 3878 legitimitatis
1259 3799 1294 3859 et
1310 3811 1380 3859 non
1400 3793 1546 3858 suitlciat

377 3907 615 3991 praesumpd03
644 3911 703 3972 aut
729 3906 850 3971 saltem
880 3903 1016 3988 expedit
1043 3907 1081 3967 ut
1107 3906 1241 3986 petatur
1264 3901 1472 3984 dispensatio
1504 3900 1547 3965 ad

377 4016 555 4084 cautelam.
