3388 5582
487 647 576 698 risun
596 650 725 706 comeus
745 647 964 698 oscannum.
1257 633 1316 698 603

182 765 269 837 Item
294 768 352 854 qui
374 767 418 833 ad
445 768 680 836 defensionem
702 770 754 834 sui
775 769 831 835 vel
853 769 955 835 alieni
980 768 1132 845 honoris,
1152 771 1314 856 eorporis,

128 871 252 956 ¹famae,
272 881 443 944 bonorum
462 878 619 956 fortunae,
642 878 803 944 clericum
816 896 1031 961 agressorem
1047 880 1204 961 percutit,
1220 879 1316 944 dum-

140 988 245 1054 modo
260 1004 331 1051 nou
343 984 527 1051 excedatur
540 986 761 1053 moderamen
771 987 951 1072 inculpate
961 987 1088 1053 tutelae.
1101 986 1195 1051 Idem
1204 986 1316 1052 dicen-

141 1097 225 1161 dum
244 1097 272 1160 si
292 1095 463 1160 inveniret
484 1095 645 1160 clericum
668 1098 811 1180 turpiter
833 1101 994 1180 agentem
1016 1115 1095 1178 cum
1115 1094 1315 1162 mulieribus

140 1204 331 1288 conjunctis
345 1204 382 1267 in
395 1203 505 1287 primo
522 1208 556 1267 et
570 1203 720 1269 secundo
734 1205 854 1287 gradu.

181 1317 208 1394 c)
222 1313 274 1376 An
288 1315 386 1396 pater
399 1317 434 1376 et
447 1311 503 1376 alii
511 1313 691 1397 propinqui
701 1312 946 1378 ecclesiasticos
960 1313 1023 1378 sihi
1032 1313 1185 1379 subditos
1194 1314 1315 1396 punire

139 1423 274 1506 possint
287 1426 302 1486 ‘l
315 1420 494 1485 Affirmant
504 1422 731 1486 communiter
745 1420 810 1484 DI).
825 1423 853 1486 si
867 1421 978 1488 elerici
991 1423 1059 1486 sint
1072 1423 1109 1486 in
1124 1421 1314 1487 minoribus
1430 1419 1434 1432 '

140 1535 275 1597 tantum
289 1530 465 1596 constituti
479 1535 513 1594 et
525 1531 699 1615 percussio
712 1532 755 1596 sit
766 1531 953 1609 moderata,
964 1549 1007 1596 ex
1018 1549 1047 1596 c.
1063 1531 1146 1596 eth.
1158 1537 1182 1594 t.
1196 1530 1316 1608 Quoad

141 1639 281 1704 clericos
305 1639 409 1720 sacris
424 1639 586 1716 initiatos,
602 1639 728 1722 duplex
742 1643 795 1704 est
817 1641 987 1704 sententie
1003 1659 1011 1702 τ
1030 1641 1140 1723 prima
1153 1639 1311 1730 adfirmat,

141 1748 221 1831 quia
234 1765 296 1830 per
309 1747 561 1830 susceptionem
575 1746 702 1812 ordinis
717 1748 804 1812 sacri
814 1746 905 1811 tilius
919 1765 989 1812 non
1003 1747 1164 1810 eximitur
1178 1764 1200 1811 a
1213 1745 1311 1810 disci-

140 1855 233 1938 plina
245 1854 362 1939 patris,
380 1872 444 1920 nec
463 1854 606 1920 solvitur
616 1859 673 1939 jus
688 1856 842 1921 naturale
861 1873 928 1939 quo
945 1854 1187 1939 paterfamilias
1201 1858 1315 1938 potest

140 1963 310 2044 corrigere
326 1962 562 2046 delinquentes
578 1981 621 2027 ex
645 1982 707 2028 sua
726 1962 854 2028 familia
868 1984 876 2026 ι
892 1965 940 2029 ita
954 1964 986 2027 S.
1003 1965 1142 2033 Anien..
1161 1963 1315 2036 Navem,

140 2070 277 2146 Bonan,
293 2075 355 2134 etc.
374 2069 529 2135 Secunda
542 2070 713 2135 sententia
735 2074 850 2154 negat,
866 2075 940 2135 tum
954 2071 1033 2155 quie
1047 2088 1160 2135 canon
1179 2069 1221 2136 st
1241 2070 1317 2152 quis

140 2176 304 2242 suadente
321 2183 374 2242 est
384 2179 523 2244 omnino
535 2178 716 2260 generalis,
727 2183 802 2244 tum
817 2197 861 2244 ex
872 2180 1017 2263 paritate
1031 2197 1110 2244 cum
1125 2178 1317 2242 senioribus

140 2284 270 2351 clericis
298 2286 365 2370 qui,
391 2303 435 2350 ex
455 2287 567 2351 olflcio
589 2286 751 2371 deputati,
767 2291 914 2372 possunt
934 2288 1104 2369 corrigere
1119 2287 1261 2351 clericos
1280 2286 1316 2348 in

139 2393 329 2458 minorihus
346 2395 552 2494 constitutos
572 2396 629 2479 qui
648 2413 744 2461 secra
767 2397 915 2474 turbant,
935 2413 1006 2460 non
1026 2400 1146 2464 ⁴autern
1160 2394 1197 2457 in
1212 2393 1315 2459 sacris

140 2502 343 2566 constitutos
360 2522 367 2565 :
384 2503 432 2567 ita
443 2503 576 2580 Melina,
592 2483 751 2580 Barbosa,
771 2507 833 2568 etc.
852 2503 943 2585 (Vide
958 2503 1009 2567 tit.
1025 2501 1132 2585 XXV).

181 2609 232 2673 lv,
251 2609 332 2690 (luis
345 2611 515 2674 absolvere
523 2612 632 2695 possit
646 2612 688 2674 ab
701 2611 1052 2676 excommunicatione
1066 2610 1227 2676 canonis?

180 2719 212 2800 a)
228 2717 369 2800 Oportet
381 2719 417 2782 in
431 2719 550 2802 primis
565 2718 773 2800 distinguere
788 2719 878 2782 inter
891 2718 1162 2801 diversagenera
1176 2737 1315 2802 percus-

143 2827 299 2903 sionum;
319 2843 400 2892 nam
414 2826 480 2891 alia
497 2831 550 2890 est
560 2827 733 2910 percussio
751 2826 901 2891 enormis
921 2844 983 2892 seu
994 2830 1103 2901 atrox,
1119 2824 1185 2890 alie
1202 2829 1316 2908 gravis

141 2951 203 2997 seu
216 2933 407 3011 mediocris,
423 2933 490 2998 alia
504 2932 600 3010 levis,
618 2933 666 2997 sic
681 2932 781 3008 dicta,
798 2951 869 2997 non
884 2933 963 3016 quie
977 2932 1113 3016 culpam
1135 2933 1317 2999 mortalem

140 3058 211 3104 non
224 3040 379 3122 attingat,
395 3059 477 3106 nam
496 3041 802 3106 excommunicatio
817 3040 960 3125 requirit
975 3039 1110 3124 culpam
1123 3041 1314 3119 mortalem,

142 3147 204 3212 sed
216 3149 470 3230 comparatione
484 3148 629 3213 aliarum
640 3149 913 3230 percussionum.

181 3256 239 3320 Est
252 3257 397 3320 enormis
412 3276 472 3322 seu
487 3261 596 3334 atrox,
613 3257 749 3342 quando
769 3263 822 3323 est
836 3258 878 3324 ad
892 3261 1051 3334 mortem,
1066 3256 1317 3324 mutilationem

140 3365 297 3441 membri,
325 3383 429 3446 grave
447 3364 584 3440 vulnus,
609 3383 772 3446 magnam
804 3364 980 3448 sanguinis
1007 3365 1223 3442 effusionem,
1245 3383 1316 3430 non

140 3477 256 3538 temen
271 3492 289 3537 e
304 3472 454 3550 naribus,
468 3478 531 3538 etc.
544 3472 664 3538 Posset
678 3473 782 3538 etiam
796 3493 871 3538 esse
888 3475 1038 3540 enormis
1058 3473 1190 3539 ratione
1208 3473 1317 3555 digni-

139 3582 252 3661 gnatis
265 3599 431 3664 personae,
446 3581 606 3659 scandali,
622 3586 686 3646 etc.
704 3587 743 3644 ut
761 3582 849 3646 inira
869 3581 1008 3646 dicetur.

179 3687 313 3768 Gravis,
322 3707 397 3774 quae
410 3689 629 3754 contusiones
644 3688 811 3772 producit,
823 3695 883 3753 aut
897 3689 1023 3754 vulnus
1038 3689 1115 3755 lave
1128 3706 1209 3754 cum
1220 3694 1317 3756 nota-

138 3796 196 3860 bili
211 3797 387 3878 sanguinis
408 3798 587 3875 effusione,
612 3797 668 3862 vel
692 3816 760 3882 qua
782 3797 866 3863 dens
890 3799 1090 3876 extrahitur,
1114 3798 1314 3883 capillorum

138 3907 235 3990 copia
248 3906 415 3984 evellitur,
437 3911 500 3972 etc.

178 4013 287 4094 Levis,
304 4033 380 4100 quae
403 4017 443 4079 fit
462 4034 591 4100 pugno,
611 4017 726 4100 palma
752 4035 886 4094 manus,
905 4018 1003 4100 pede,
1025 4035 1095 4082 non
1113 4018 1316 4083 iacientibus

138 4120 264 4185 vulnus
278 4139 341 4187 neo
353 4121 627 4206 relinquentibus
638 4124 807 4189 maculam
824 4123 880 4188 vel
896 4123 1137 4205 sigillationem
1148 4124 1315 4200 carnium,

139 4229 194 4294 vel
208 4229 442 4296 effractionem
454 4231 620 4308 dentium,
643 4237 706 4296 etc.
723 4231 815 4316 (Vide
832 4230 865 4295 S.
887 4232 971 4313 lig,
991 4231 1012 4296 l.
1029 4251 1070 4312 a,
1089 4251 1123 4296 n.
1139 4233 1221 4316 til).

178 4335 305 4402 Tamen
323 4338 497 4421 percussio
518 4357 593 4423 qum
615 4345 773 4423 respectu
791 4339 892 4404 unius
912 4343 965 4404 est
986 4339 1084 4418 levis,
1106 4344 1220 4424 potest
1241 4359 1316 4408 esse

137 4441 252 4526 gravis
267 4450 423 4527 respectu
439 4444 578 4510 alterius
593 4465 601 4510 ι
614 4447 662 4510 sic
673 4451 850 4531 percutere
867 4447 1074 4530 episcopum,
1092 4449 1315 4532 superiorem,

136 4553 298 4638 judicem,
315 4559 375 4618 aut
388 4553 493 4618 elium
505 4553 541 4618 in
555 4553 719 4636 dignitate
734 4555 971 4630 constitutum,
986 4559 1038 4619 est
1049 4555 1174 4638 injuria
1187 4559 1313 4637 gravis.

137 4660 219 4725 lude
233 4662 407 4745 percussio
420 4660 541 4726 eadem
551 4667 665 4745 potest
679 4663 783 4727 etiam
797 4681 874 4728 esse
888 4662 1002 4742 gravis
1016 4661 1179 4739 velleris,
1188 4669 1315 4746 specta-

138 4769 181 4831 tis
192 4769 454 4836 circumstantiis
468 4767 544 4846 loci,
554 4771 729 4853 temporis,
743 4775 805 4835 etc.
816 4791 824 4834 ε
837 4771 884 4834 sio
896 4773 1073 4854 percutere
1085 4768 1206 4836 inlooo
1219 4789 1315 4839 sacro
