3482 5560
361 591 421 658 190
820 609 873 658 rus
894 609 1075 659 saronicus.

359 815 403 867 iv.
419 811 492 875 Quid
514 811 655 878 agendum
677 811 848 865 confessario
870 812 1095 878 reprehendenti
1113 813 1273 866 nuiiitatam
1287 810 1481 876 matrimonii,
1505 811 1537 863 ut

391 893 415 944 si
440 891 592 957 coniugata
616 893 645 944 in
669 893 795 958 generali
820 894 997 948 confessione
1023 893 1099 950 dicat
1121 907 1152 948 so
1176 893 1343 947 fornicatam
1369 893 1456 946 inissa
1472 903 1537 946 oum

375 973 480 1028 ·tratre
500 972 545 1024 eut
561 973 657 1039 sponsi
674 973 740 1028 anto
757 976 890 1040 nuptias?

402 1118 501 1202 Resp.
514 1118 543 1181 1.
561 1116 793 1185 Goniessarius
804 1120 973 1186 subtiliter
982 1121 1121 1202 indaget
1130 1139 1174 1185 an
1183 1119 1406 1202 personaista
1415 1119 1538 1182 habeat

361 1225 591 1306 ignorantiam
602 1227 833 1294 invincibilem
846 1231 950 1312 hujus
965 1228 1198 1311 impedimenti
1211 1248 1218 1303 ;
1236 1228 1264 1290 si
1276 1227 1333 1302 ita,
1346 1225 1538 1310 relinquere

361 1331 454 1399 illam
477 1337 590 1416 potest
603 1335 639 1398 in
661 1335 853 1415 ignorantia
871 1337 936 1400 ista
949 1354 1010 1419 pro
1033 1353 1115 1402 casu
1135 1353 1201 1419 quo
1220 1333 1319 1400 valde
1344 1331 1488 1397 diiiicilis
1505 1338 1539 1398 et

361 1439 551 1525 periculosa
563 1441 700 1505 videtur
713 1441 908 1508 revelidatio
922 1443 1141 1507 matrimonii.

403 1547 466 1632 (lta
480 1549 583 1613 etiam
607 1549 796 1635 disponitur
807 1551 843 1615 in
859 1570 888 1615 c.
905 1551 993 1632 Quia
1006 1553 1105 1629 circo,
1123 1551 1153 1626 6,
1171 1548 1212 1614 de
1224 1549 1350 1630 bigam.
1366 1567 1436 1612 non
1452 1548 1537 1624 ord,

286 1696 291 1714 .,
362 1654 420 1718 uhi
446 1653 561 1718 lnnoc.
578 1655 632 1731 ΙΙΙ,
663 1657 838 1723 consultus
859 1677 962 1742 super
984 1657 1085 1722 simili
1110 1659 1188 1723 facti
1215 1657 1339 1740 specie,
1367 1655 1541 1738 rescripsit

362 1763 463 1828 nonis
477 1763 605 1828 octobr.
622 1765 701 1830 iiii
716 1765 886 1844 Absaloni,
903 1768 1098 1850 archiepisc.
1112 1763 1537 1848 Lundensi,Apcsiol.Sed.

359 1869 474 1952 legato
487 1871 534 1934 ibi
551 1891 558 1935 :
575 1894 591 1930 «
606 1872 824 1940 Dissimulare
837 1876 977 1959 poteris,
994 1879 1032 1938 ut
1045 1875 1228 1939 maneatin
1248 1872 1371 1955 copula
1393 1871 1440 1934 sic
1461 1888 1540 1935 con·
1615 1911 1618 1919 ·

362 1984 479 2054 tracta,
497 1997 576 2044 cum
593 1998 634 2044 ex
650 1982 873 2065 separatione,
895 1983 982 2047 sicut
996 1983 1131 2058 asseris,
1148 2000 1252 2062 grave
1266 1980 1383 2046 videas
1404 1978 1541 2044 scanda-

361 2085 436 2150 lum
451 2086 641 2152 imminere.
661 2113 676 2147 ι
692 2077 770 2154 ittae
797 2091 918 2156 cadem
943 2110 972 2156 c.
996 2107 1074 2174 pars
1098 2089 1298 2174 repetitura
1318 2086 1538 2170 compilatore

363 2193 399 2260 in
415 2213 444 2258 c.
463 2195 493 2272 6,
510 2194 551 2260 de
574 2193 742 2280 Conscnp.
760 2205 795 2262 et
810 2199 961 2282 officit(
982 2200 1016 2282 ).)

341 2349 345 2358 .
405 2300 437 2367 Si
450 2319 533 2368 vero
547 2321 695 2386 persona
706 2305 910 2372 istaduhitat
922 2307 963 2372 de
978 2325 1039 2372 suo
1054 2304 1272 2370 matrimonio
1287 2301 1342 2368 vel
1355 2301 1540 2386 quamdam

363 2497 498 2535 recurrere
515 2485 549 2535 ad
562 2485 700 2539 Summum
721 2489 875 2540 Pontificem
898 2493 928 2540 ut
952 2488 1103 2541 convalidet
1122 2487 1229 2552 nuptias
1252 2497 1300 2549 per
1324 2483 1489 2534 sanationem
1512 2482 1542 2532 tra

362 2559 472 2611 radice:
498 2560 596 2625 duplex
621 2562 691 2612 enim
716 2563 877 2629 dispensatio
894 2565 971 2616 datur
986 2568 1048 2630 post
1061 2567 1226 2614 contractum
1244 2559 1442 2630 matrimonium
1463 2571 1538 2609 :una

364 2639 475 2686 vocatur
489 2637 650 2702 dispensatio
663 2639 784 2705 simplae,
794 2641 827 2692 de
841 2655 894 2705 qna
904 2645 993 2692 actum
1011 2645 1067 2704 est;
1081 2640 1164 2691 altera
1179 2637 1340 2703 dispensatio
1353 2649 1400 2685 seu
1411 2635 1512 2685 canutio
1527 2647 1543 2682 o

365 2711 462 2773 radice,
482 2713 544 2776 quia
560 2727 631 2765 unus
653 2715 696 2766 vel
716 2720 828 2782 umque
853 2717 953 2782 conjux
975 2716 1043 2767 liber
1072 2720 1113 2766 eet
1142 2730 1158 2766 a
1187 2711 1360 2765 renovatione
1387 2723 1542 2761 consensus.

367 2787 428 2837 llaec
439 2787 599 2852 dispensatio
613 2791 709 2842 dicitur
724 2793 826 2842 sanatio
841 2792 868 2842 in
882 2792 979 2853 radice,
997 2795 1054 2842 tum
1069 2792 1132 2855 quia
1146 2793 1222 2840 senat
1236 2799 1397 2839 consensum
1417 2785 1543 2848 (redirem

366 2862 542 2928 matrimonii)
566 2865 751 2918 vitiatum'seu
770 2868 888 2918 efficacia
907 2868 1071 2928 destitutum,
1086 2871 1144 2918 tum
1158 2866 1221 2930 quia
1236 2865 1273 2914 iia
1284 2862 1354 2913 tollit
1369 2860 1544 2925 impedimen·

366 2944 433 3001 tum,
447 2953 478 2990 ac
498 2941 520 2990 si
541 2941 671 3004 abluitio,
683 2958 731 2995 sen
744 2944 808 2995 dum
827 2945 1025 2996 matrimonium
1047 2945 1213 2994 contractum
1235 2939 1301 2999 init,
1324 2951 1380 2988 noa
1403 2937 1544 2988 exstitisset

365 3015 433 3066 illud
452 3015 698 3082 impedimentum:
719 3019 780 3070 ideo
800 3033 893 3074 omues
913 3020 1023 3072 allectus
1038 3019 1109 3070 tollit
1124 3019 1171 3084 qui
1187 3032 1220 3068 ex
1243 3013 1412 3066 matrimonio
1427 3011 1543 3064 invalido

371 3091 455 3141 secuti
470 3096 541 3144 sunt.

397 3167 465 3218 ilinc
480 3171 507 3218 1ο
522 3168 609 3220 differt
625 3170 764 3236 asimplici
778 3173 985 3237 dispensatione,
998 3173 1061 3238 quia
1074 3185 1130 3224 non
1144 3170 1254 3236 requirit
1261 3169 1464 3220 renovationem
1479 3177 1543 3216 con·

273 3301 276 3308 Ι
366 3257 460 3293 sensus
477 3243 512 3294 ab
527 3249 639 3309 utreque
652 3249 737 3311 parte,
751 3252 778 3298 at
791 3247 872 3300 hahet
884 3249 939 3300 rim
957 3247 1141 3310 retroactivam
1162 3246 1252 3313 quoad
1269 3243 1379 3296 edoctus
1392 3244 1497 3292 secutos
1510 3252 1544 3290 ex

361 3313 484 3370 ,in'valido
497 3321 678 3372 matrimonio.

396 3396 425 3444 2⁰
436 3395 537 3448 Petitur
554 3397 710 3460 generatim,
725 3400 983 3464 qnandorenoratio
1000 3413 1146 3452 consensus
1160 3399 1190 3450 dt
1203 3395 1383 3463 impossibilis,
1396 3397 1427 3444 ut
1439 3394 1468 3445 in
1482 3405 1543 3444 ceso

367 3485 447 3535 supra
472 3472 600 3536 exposito.
626 3473 708 3538 igitur
732 3475 787 3525 sire
808 3490 862 3527 una
880 3481 984 3528 tontum
1007 3490 1068 3542 pars
1093 3475 1127 3526 sit
1150 3475 1256 3527 conscia
1270 3471 1463 3537 impedimenti,
1487 3470 1542 3520 sire

367 3550 479 3610 utraque
489 3561 550 3612 pars
561 3549 864 3613 ignoretinvaliditatcm
877 3553 1049 3613 matrimonii,
1065 3555 1151 3618 potest
1163 3552 1219 3616 peti
1225 3547 1387 3615 dispensatio
1399 3547 1427 3596 iu
1435 3546 1537 3608 radice3

367 3636 392 3673 r.
407 3635 433 3686 g.
453 3623 475 3672 si
493 3623 571 3688 culpa
592 3625 706 3689 parochi
720 3626 763 3677 rel
785 3626 938 3680 confessarii
962 3629 1123 3692 dispensatio
1145 3631 1223 3678 antea
1243 3627 1382 3690 impetrata
1395 3620 1488 3674 inisset
1503 3621 1544 3671 in·

367 3696 455 3748 valide
472 3698 611 3762 applicata.

399 3773 571 3825 conditiones
586 3789 652 3840 quas
665 3781 776 3844 requirit
790 3783 891 3833 sanatio
904 3783 932 3832 in
947 3781 1054 3832 radico:

402 3849 428 3899 t·
440 3849 473 3900 Ut
482 3851 680 3905 matrimonium
690 3856 769 3907 iaedi
777 3859 827 3908 rite
839 3871 927 3909 coram
938 3857 1053 3909 Ecclesia
1064 3857 1181 3909 exterius
1191 3855 1363 3918 celebratum,
1373 3867 1421 3904 seu
1431 3851 1542 3918 liguram

369 3925 544 3976 extrinsecam
559 3929 615 3980 veri
625 3933 786 3983 matrimonii
797 3933 934 3996 habuerit;

399 4001 427 4050 2⁰
441 4001 475 4051 Ut
486 4015 633 4054 consensus
645 4007 725 4058 inerit
735 4009 796 4074 jura
810 4011 925 4061 naturali
938 4010 1040 4062 validus
1052 4015 1078 4061 et
1091 4025 1147 4061 non
1158 4012 1331 4070 retractatum

400 4078 428 4126 3ο
438 4077 684 4142 Utmairimonium,
696 4088 877 4152 temporeque
888 4087 1257 4150 contrahebatur,invaiidum
1265 4085 1345 4136 inerit
1353 4083 1545 4146 impedimento

370 4153 524 4218 soliusjuris
536 4157 714 4221 ecclesiastici,
722 4175 783 4211 cum
794 4162 909 4214 Ecclesia
916 4177 971 4214 non
981 4163 1116 4227 dispenset
1126 4163 1154 4214 in
1164 4163 1361 4228 impedimentis
1366 4160 1435 4226 juris
1445 4156 1544 4217 (Ιίνιιις

402 4233 429 4279 1ο
445 4231 478 4282 ΙΙΙ
491 4233 647 4297 gravissima
667 4249 747 4288 causa
766 4238 876 4290 suadeat
889 4240 1042 4306 dispensare
1056 4239 1085 4290 iu
1097 4239 1196 4302 radice,
1211 4243 1237 4290 ei
1257 4251 1313 4290 non
1327 4241 1431 4288 tantum
1444 4233 1545 4300 simpli·

370 4305 443 4356 citer.

401 4381 499 4434 Eadem
514 4390 577 4436 sunt
595 4389 769 4452 exprimenda
791 4392 820 4441 in
844 4391 962 4457 supplice
979 4391 1287 4457 libeliodispensationis
1308 4393 1336 4442 in
1353 4389 1450 4450 radice,
1470 4401 1501 4438 ao
1517 4387 1544 4436 in

371 4458 465 4510 litteris
480 4460 684 4526 dispensationis
702 4466 837 4532 simplicis,
853 4472 948 4532 preater
964 4481 1070 4520 causam
1086 4482 1145 4533 quse
1169 4469 1251 4534 exigit
1273 4467 1498 4533 dispensationem
1516 4463 1545 4512 in

370 4534 459 4586 radice
473 4539 499 4586 et
510 4539 677 4592 conditiones
695 4557 776 4606 supra
791 4544 934 4596 recensitae
948 4559 1008 4609 quas
1023 4545 1188 4595 sanationem
1203 4545 1320 4595 reddunt
1334 4541 1498 4608 possibilem.

404 4613 438 4676 (i)
459 4613 520 4663 lloec
536 4617 618 4666 rerba
631 4619 763 4669 Pontificio
778 4632 833 4669 non
846 4618 979 4672 habentur
995 4623 1023 4671 in
1046 4637 1069 4672 c.
1085 4625 1108 4682 6,
1123 4621 1186 4682 (laio
1201 4621 1277 4683 circo,
1298 4621 1331 4670 da
1350 4615 1475 4683 bigamis5
1499 4613 1546 4664 ssd

373 4701 397 4739 c.
411 4690 435 4748 6,
450 4688 515 4750 Oeta
531 4691 608 4754 circo,
625 4693 657 4744 de
672 4695 911 4760 consanguinitate,
928 4697 975 4747 ubi
993 4710 1049 4747 non
1068 4695 1260 4760 impedimenti,
1276 4696 1325 4746 sed
1337 4693 1469 4746 arrorlsin
1483 4704 1546 4754 sup-

372 4763 514 4828 plicatione
528 4768 661 4819 commissi
675 4769 869 4822 intimationem
885 4772 970 4822 cmitti
984 4786 1062 4836 posse
1072 4775 1172 4822 monet.
