<?xml version="1.0" encoding="UTF-8"?>
<!DOCTYPE html PUBLIC "-//W3C//DTD XHTML 1.0 Transitional//EN"
    "http://www.w3.org/TR/xhtml1/DTD/xhtml1-transitional.dtd">
<html xmlns="http://www.w3.org/1999/xhtml" xml:lang="en" lang="en">
 <head>
  <title>
</title>
<meta http-equiv="Content-Type" content="text/html;charset=utf-8" />
  <meta name='ocr-system' content='tesseract 3.04.00' />
  <meta name='ocr-capabilities' content='ocr_page ocr_carea ocr_par ocr_line ocrx_word'/>
</head>
<body>
  <div class='ocr_page' id='page_1' title='image "./juscanonicumjux01grangoog/juscanonicumjux01grangoog_0121.png"; bbox 0 0 3514 5564; ppageno 0'>
   <div class='ocr_carea' id='block_1_1' title="bbox 558 523 1385 598">
    <p class='ocr_par' dir='ltr' id='par_1_1' title="bbox 558 523 1385 598">
     <span class='ocr_line' id='line_1_1' title="bbox 558 523 1385 598; baseline 0.002 -10"><span class='ocrx_word' id='word_1_1' title='bbox 558 539 646 590; x_wconf 80' lang='lat' dir='ltr'><strong>steno</strong></span> <span class='ocrx_word' id='word_1_2' title='bbox 667 540 804 598; x_wconf 82' lang='lat' dir='ltr'><strong>ausuros</strong></span> <span class='ocrx_word' id='word_1_3' title='bbox 824 539 1045 592; x_wconf 79' lang='lat' dir='ltr'><strong>oscanramuls.</strong></span> <span class='ocrx_word' id='word_1_4' title='bbox 1329 523 1385 590; x_wconf 94' lang='grc'><strong>111</strong></span> 
     </span>
    </p>
   </div>
   <div class='ocr_carea' id='block_1_2' title="bbox 104 658 1386 748">
    <p class='ocr_par' dir='ltr' id='par_1_2' title="bbox 104 658 1386 748">
     <span class='ocr_line' id='line_1_2' title="bbox 104 658 1386 748; baseline 0.003 -24"><span class='ocrx_word' id='word_1_5' title='bbox 104 717 108 724; x_wconf 95' lang='grc'>.</span> <span class='ocrx_word' id='word_1_6' title='bbox 218 658 424 744; x_wconf 62' lang='lat' dir='ltr'><strong>spiritualem</strong></span> <span class='ocrx_word' id='word_1_7' title='bbox 441 677 480 726; x_wconf 88' lang='lat' dir='ltr'><strong>ac</strong></span> <span class='ocrx_word' id='word_1_8' title='bbox 494 660 636 744; x_wconf 83' lang='lat' dir='ltr'>proinde</span> <span class='ocrx_word' id='word_1_9' title='bbox 649 662 739 727; x_wconf 86' lang='lat' dir='ltr'><strong>inter</strong></span> <span class='ocrx_word' id='word_1_10' title='bbox 753 680 789 727; x_wconf 88' lang='lat' dir='ltr'><strong>sa</strong></span> <span class='ocrx_word' id='word_1_11' title='bbox 807 667 888 726; x_wconf 90' lang='lat' dir='ltr'><strong>sunt</strong></span> <span class='ocrx_word' id='word_1_12' title='bbox 902 669 1087 746; x_wconf 82' lang='lat' dir='ltr'><strong>compatres</strong></span> <span class='ocrx_word' id='word_1_13' title='bbox 1101 660 1158 726; x_wconf 86' lang='lat' dir='ltr'><strong>val</strong></span> <span class='ocrx_word' id='word_1_14' title='bbox 1176 671 1386 748; x_wconf 76' lang='lat' dir='ltr'><strong><em>commatres.</em></strong></span> 
     </span>
    </p>
   </div>
   <div class='ocr_carea' id='block_1_3' title="bbox 217 767 1390 1829">
    <p class='ocr_par' dir='ltr' id='par_1_3' title="bbox 217 767 1390 1611">
     <span class='ocr_line' id='line_1_3' title="bbox 217 767 1389 854; baseline 0.003 -20"><span class='ocrx_word' id='word_1_15' title='bbox 217 767 283 834; x_wconf 86' lang='lat' dir='ltr'><strong>Nec</strong></span> <span class='ocrx_word' id='word_1_16' title='bbox 296 768 384 835; x_wconf 88' lang='lat' dir='ltr'><strong>ultra</strong></span> <span class='ocrx_word' id='word_1_17' title='bbox 397 768 440 834; x_wconf 90' lang='lat' dir='ltr'><strong>ad</strong></span> <span class='ocrx_word' id='word_1_18' title='bbox 455 787 609 848; x_wconf 85' lang='lat' dir='ltr'><strong>uxorem,</strong></span> <span class='ocrx_word' id='word_1_19' title='bbox 634 771 690 835; x_wconf 91' lang='lat' dir='ltr'><strong>vol</strong></span> <span class='ocrx_word' id='word_1_20' title='bbox 711 769 838 838; x_wconf 88' lang='lat' dir='ltr'><strong>liberos</strong></span> <span class='ocrx_word' id='word_1_21' title='bbox 857 771 1058 854; x_wconf 79' lang='lat' dir='ltr'><strong>baptizantis</strong></span> <span class='ocrx_word' id='word_1_22' title='bbox 1076 777 1136 836; x_wconf 89' lang='lat' dir='ltr'><strong>ant</strong></span> <span class='ocrx_word' id='word_1_23' title='bbox 1155 769 1312 848; x_wconf 90' lang='lat' dir='ltr'><strong>levantis,</strong></span> <span class='ocrx_word' id='word_1_24' title='bbox 1335 789 1389 837; x_wconf 94' lang='lat' dir='ltr'><strong>co-</strong></span> 
     </span>
     <span class='ocr_line' id='line_1_4' title="bbox 218 879 1387 964; baseline 0 -20"><span class='ocrx_word' id='word_1_25' title='bbox 218 879 335 961; x_wconf 88' lang='lat' dir='ltr'><strong>gnatio</strong></span> <span class='ocrx_word' id='word_1_26' title='bbox 359 879 542 963; x_wconf 90' lang='lat' dir='ltr'><strong>spiritualis</strong></span> <span class='ocrx_word' id='word_1_27' title='bbox 564 881 786 945; x_wconf 77' lang='lat' dir='ltr'><strong>extenditur:</strong></span> <span class='ocrx_word' id='word_1_28' title='bbox 815 881 905 944; x_wconf 90' lang='lat' dir='ltr'><strong>unde</strong></span> <span class='ocrx_word' id='word_1_29' title='bbox 931 885 1029 964; x_wconf 91' lang='lat' dir='ltr'><strong>pater</strong></span> <span class='ocrx_word' id='word_1_30' title='bbox 1053 880 1196 946; x_wconf 87' lang='lat' dir='ltr'><strong>carnalis</strong></span> <span class='ocrx_word' id='word_1_31' title='bbox 1219 879 1387 964; x_wconf 88' lang='lat' dir='ltr'><strong>baptizati,</strong></span> 
     </span>
     <span class='ocr_line' id='line_1_5' title="bbox 220 987 1389 1072; baseline 0.001 -22"><span class='ocrx_word' id='word_1_32' title='bbox 220 987 352 1052; x_wconf 90' lang='lat' dir='ltr'><strong>sublato</strong></span> <span class='ocrx_word' id='word_1_33' title='bbox 366 987 611 1070; x_wconf 89' lang='lat' dir='ltr'><strong>impedimento</strong></span> <span class='ocrx_word' id='word_1_34' title='bbox 626 987 807 1069; x_wconf 82' lang='lat' dir='ltr'><strong>ligaminis,</strong></span> <span class='ocrx_word' id='word_1_35' title='bbox 820 992 934 1072; x_wconf 83' lang='lat' dir='ltr'><strong>potest</strong></span> <span class='ocrx_word' id='word_1_36' title='bbox 948 989 1071 1054; x_wconf 89' lang='lat' dir='ltr'><strong>ducere</strong></span> <span class='ocrx_word' id='word_1_37' title='bbox 1087 1007 1230 1054; x_wconf 86' lang='lat' dir='ltr'><strong>uxorem</strong></span> <span class='ocrx_word' id='word_1_38' title='bbox 1244 988 1389 1054; x_wconf 89' lang='lat' dir='ltr'><strong>levantis</strong></span> 
     </span>
     <span class='ocr_line' id='line_1_6' title="bbox 218 1096 1388 1180; baseline 0.001 -20"><span class='ocrx_word' id='word_1_39' title='bbox 218 1100 278 1160; x_wconf 89' lang='lat' dir='ltr'><strong>aut</strong></span> <span class='ocrx_word' id='word_1_40' title='bbox 296 1096 505 1179; x_wconf 80' lang='lat' dir='ltr'><strong>baptizantis.</strong></span> <span class='ocrx_word' id='word_1_41' title='bbox 529 1096 606 1162; x_wconf 85' lang='lat' dir='ltr'><strong>llaec</strong></span> <span class='ocrx_word' id='word_1_42' title='bbox 628 1098 748 1162; x_wconf 89' lang='lat' dir='ltr'><strong>eadem</strong></span> <span class='ocrx_word' id='word_1_43' title='bbox 772 1097 925 1163; x_wconf 90' lang='lat' dir='ltr'><strong>doctrina</strong></span> <span class='ocrx_word' id='word_1_44' title='bbox 946 1103 1102 1163; x_wconf 89' lang='lat' dir='ltr'><strong>servatur</strong></span> <span class='ocrx_word' id='word_1_45' title='bbox 1124 1099 1160 1162; x_wconf 91' lang='lat' dir='ltr'><strong>in</strong></span> <span class='ocrx_word' id='word_1_46' title='bbox 1186 1098 1388 1180; x_wconf 80' lang='lat' dir='ltr'><strong>cognatione</strong></span> 
     </span>
     <span class='ocr_line' id='line_1_7' title="bbox 219 1206 1390 1291; baseline 0 -21"><span class='ocrx_word' id='word_1_47' title='bbox 219 1209 294 1270; x_wconf 87' lang='lat' dir='ltr'><strong>orta</strong></span> <span class='ocrx_word' id='word_1_48' title='bbox 306 1221 350 1268; x_wconf 79' lang='lat' dir='ltr'><strong>ex</strong></span> <span class='ocrx_word' id='word_1_49' title='bbox 363 1206 631 1272; x_wconf 80' lang='lat' dir='ltr'><strong>confirmatione.</strong></span> <span class='ocrx_word' id='word_1_50' title='bbox 648 1206 740 1272; x_wconf 91' lang='lat' dir='ltr'><strong>lnter</strong></span> <span class='ocrx_word' id='word_1_51' title='bbox 753 1207 866 1291; x_wconf 88' lang='lat' dir='ltr'><strong>ipsum</strong></span> <span class='ocrx_word' id='word_1_52' title='bbox 884 1225 966 1273; x_wconf 89' lang='lat' dir='ltr'><strong>vero</strong></span> <span class='ocrx_word' id='word_1_53' title='bbox 988 1206 1215 1291; x_wconf 78' lang='lat' dir='ltr'><strong>baptizantem</strong></span> <span class='ocrx_word' id='word_1_54' title='bbox 1236 1211 1270 1270; x_wconf 89' lang='lat' dir='ltr'><strong>at</strong></span> <span class='ocrx_word' id='word_1_55' title='bbox 1290 1206 1390 1290; x_wconf 89' lang='lat' dir='ltr'><strong>patri·</strong></span> 
     </span>
     <span class='ocr_line' id='line_1_8' title="bbox 219 1311 1389 1398; baseline 0 -20"><span class='ocrx_word' id='word_1_56' title='bbox 219 1329 314 1388; x_wconf 87' lang='lat' dir='ltr'><strong>num,</strong></span> <span class='ocrx_word' id='word_1_57' title='bbox 329 1311 383 1378; x_wconf 84' lang='lat' dir='ltr'><strong>vel</strong></span> <span class='ocrx_word' id='word_1_58' title='bbox 402 1314 492 1378; x_wconf 89' lang='lat' dir='ltr'><strong>inter</strong></span> <span class='ocrx_word' id='word_1_59' title='bbox 510 1313 602 1397; x_wconf 90' lang='lat' dir='ltr'><strong>ipsos</strong></span> <span class='ocrx_word' id='word_1_60' title='bbox 619 1315 772 1397; x_wconf 88' lang='lat' dir='ltr'><strong>patrinos</strong></span> <span class='ocrx_word' id='word_1_61' title='bbox 788 1315 877 1382; x_wconf 88' lang='lat' dir='ltr'><strong>inter</strong></span> <span class='ocrx_word' id='word_1_62' title='bbox 890 1333 939 1394; x_wconf 89' lang='lat' dir='ltr'><strong>sa,</strong></span> <span class='ocrx_word' id='word_1_63' title='bbox 959 1333 1022 1381; x_wconf 89' lang='lat' dir='ltr'><strong>nec</strong></span> <span class='ocrx_word' id='word_1_64' title='bbox 1043 1316 1193 1398; x_wconf 88' lang='lat' dir='ltr'><strong>antiquo,</strong></span> <span class='ocrx_word' id='word_1_65' title='bbox 1216 1331 1280 1377; x_wconf 93' lang='lat' dir='ltr'><strong>nec</strong></span> <span class='ocrx_word' id='word_1_66' title='bbox 1299 1331 1389 1378; x_wconf 92' lang='lat' dir='ltr'><strong>novo</strong></span> 
     </span>
     <span class='ocr_line' id='line_1_9' title="bbox 217 1419 1388 1504; baseline 0.001 -20"><span class='ocrx_word' id='word_1_67' title='bbox 217 1420 293 1502; x_wconf 90' lang='lat' dir='ltr'><strong>juro</strong></span> <span class='ocrx_word' id='word_1_68' title='bbox 306 1419 419 1503; x_wconf 89' lang='lat' dir='ltr'><strong>aliqua</strong></span> <span class='ocrx_word' id='word_1_69' title='bbox 431 1421 590 1502; x_wconf 81' lang='lat' dir='ltr'><strong>cognatio</strong></span> <span class='ocrx_word' id='word_1_70' title='bbox 605 1422 721 1486; x_wconf 87' lang='lat' dir='ltr'><strong>oritur.</strong></span> <span class='ocrx_word' id='word_1_71' title='bbox 739 1420 896 1488; x_wconf 87' lang='lat' dir='ltr'><strong>Personae</strong></span> <span class='ocrx_word' id='word_1_72' title='bbox 911 1423 985 1487; x_wconf 85' lang='lat' dir='ltr'><strong>istae</strong></span> <span class='ocrx_word' id='word_1_73' title='bbox 1003 1419 1222 1504; x_wconf 79' lang='lat' dir='ltr'><strong>spiritualiter</strong></span> <span class='ocrx_word' id='word_1_74' title='bbox 1233 1425 1388 1502; x_wconf 79' lang='lat' dir='ltr'><strong>cognatas</strong></span> 
     </span>
     <span class='ocr_line' id='line_1_10' title="bbox 220 1528 713 1611; baseline -0.004 -17"><span class='ocrx_word' id='word_1_75' title='bbox 220 1528 456 1611; x_wconf 84' lang='lat' dir='ltr'><strong>exprimuntur</strong></span> <span class='ocrx_word' id='word_1_76' title='bbox 466 1528 519 1592; x_wconf 92' lang='lat' dir='ltr'><strong>his</strong></span> <span class='ocrx_word' id='word_1_77' title='bbox 533 1528 689 1594; x_wconf 88' lang='lat' dir='ltr'><strong>versibus</strong></span> <span class='ocrx_word' id='word_1_78' title='bbox 706 1550 713 1592; x_wconf 96' lang='lat'>:</span> 
     </span>
    </p>

    <p class='ocr_par' dir='ltr' id='par_1_4' title="bbox 434 1681 1100 1762">
     <span class='ocr_line' id='line_1_11' title="bbox 434 1681 1100 1762; baseline 0.003 -30"><span class='ocrx_word' id='word_1_79' title='bbox 434 1681 580 1747; x_wconf 79' lang='lat' dir='ltr'><strong>baptizans,</strong></span> <span class='ocrx_word' id='word_1_80' title='bbox 598 1681 752 1747; x_wconf 84' lang='lat' dir='ltr'><strong>baptizalus,</strong></span> <span class='ocrx_word' id='word_1_81' title='bbox 767 1683 944 1748; x_wconf 84' lang='lat' dir='ltr'><strong>baptizatiqus</strong></span> <span class='ocrx_word' id='word_1_82' title='bbox 958 1687 1100 1762; x_wconf 78' lang='lat' dir='ltr'><strong>parantes,</strong></span> 
     </span>
    </p>

    <p class='ocr_par' dir='ltr' id='par_1_5' title="bbox 434 1761 970 1829">
     <span class='ocr_line' id='line_1_12' title="bbox 434 1761 970 1829; baseline 0.007 -17"><span class='ocrx_word' id='word_1_83' title='bbox 434 1763 546 1822; x_wconf 63' lang='lat' dir='ltr'><strong>urana,</strong></span> <span class='ocrx_word' id='word_1_84' title='bbox 564 1761 676 1824; x_wconf 80' lang='lat' dir='ltr'><strong>levatos,</strong></span> <span class='ocrx_word' id='word_1_85' title='bbox 691 1762 823 1828; x_wconf 80' lang='lat' dir='ltr'><strong>levatique</strong></span> <span class='ocrx_word' id='word_1_86' title='bbox 836 1767 970 1829; x_wconf 83' lang='lat' dir='ltr'><strong>parentas,</strong></span> 
     </span>
    </p>
   </div>
   <div class='ocr_carea' id='block_1_4' title="bbox 432 1842 1165 1992">
    <p class='ocr_par' dir='ltr' id='par_1_6' title="bbox 432 1842 1165 1992">
     <span class='ocr_line' id='line_1_13' title="bbox 434 1842 1165 1912; baseline 0.005 -18"><span class='ocrx_word' id='word_1_87' title='bbox 434 1842 608 1906; x_wconf 86' lang='lat' dir='ltr'><strong>Confirmans,</strong></span> <span class='ocrx_word' id='word_1_88' title='bbox 622 1842 802 1908; x_wconf 83' lang='lat' dir='ltr'><strong>confirmatus,</strong></span> <span class='ocrx_word' id='word_1_89' title='bbox 819 1845 1019 1912; x_wconf 75' lang='lat' dir='ltr'><strong>confirmations</strong></span> <span class='ocrx_word' id='word_1_90' title='bbox 1033 1849 1165 1911; x_wconf 86' lang='lat' dir='ltr'><strong>parentes,</strong></span> 
     </span>
     <span class='ocr_line' id='line_1_14' title="bbox 432 1923 1116 1992; baseline 0.004 -18"><span class='ocrx_word' id='word_1_91' title='bbox 432 1923 563 1986; x_wconf 78' lang='lat' dir='ltr'><strong>Petrinus,</strong></span> <span class='ocrx_word' id='word_1_92' title='bbox 575 1924 755 1990; x_wconf 81' lang='lat' dir='ltr'><strong>confirmatus,</strong></span> <span class='ocrx_word' id='word_1_93' title='bbox 772 1926 973 1992; x_wconf 74' lang='lat' dir='ltr'><strong>confirmations</strong></span> <span class='ocrx_word' id='word_1_94' title='bbox 986 1932 1116 1992; x_wconf 85' lang='lat' dir='ltr'><strong>parentas.</strong></span> 
     </span>
    </p>
   </div>
   <div class='ocr_carea' id='block_1_5' title="bbox 428 2095 1174 2162">
    <p class='ocr_par' dir='ltr' id='par_1_7' title="bbox 428 2095 1174 2162">
     <span class='ocr_line' id='line_1_15' title="bbox 428 2095 1174 2162; baseline 0 -14"><span class='ocrx_word' id='word_1_95' title='bbox 428 2098 470 2148; x_wconf 86' lang='lat'>111.</span> <span class='ocrx_word' id='word_1_96' title='bbox 487 2095 567 2157; x_wconf 84' lang='lat' dir='ltr'><strong>Quod</strong></span> <span class='ocrx_word' id='word_1_97' title='bbox 582 2095 619 2150; x_wconf 87' lang='lat' dir='ltr'><strong>sit</strong></span> <span class='ocrx_word' id='word_1_98' title='bbox 632 2095 793 2162; x_wconf 84' lang='lat' dir='ltr'><strong>subjectum</strong></span> <span class='ocrx_word' id='word_1_99' title='bbox 807 2097 984 2162; x_wconf 80' lang='lat' dir='ltr'><strong>cognationis</strong></span> <span class='ocrx_word' id='word_1_100' title='bbox 997 2097 1174 2162; x_wconf 81' lang='lat' dir='ltr'><strong>spirltualisr</strong></span> 
     </span>
    </p>
   </div>
   <div class='ocr_carea' id='block_1_6' title="bbox 153 2219 1390 3518">
    <p class='ocr_par' dir='ltr' id='par_1_8' title="bbox 153 2219 1390 3518">
     <span class='ocr_line' id='line_1_16' title="bbox 153 2219 1390 2332; baseline 0.002 -24"><span class='ocrx_word' id='word_1_101' title='bbox 153 2239 157 2246; x_wconf 84' lang='lat'>&#39;</span> <span class='ocrx_word' id='word_1_102' title='bbox 254 2243 353 2328; x_wconf 90' lang='lat' dir='ltr'><strong>Resp.</strong></span> <span class='ocrx_word' id='word_1_103' title='bbox 379 2245 407 2307; x_wconf 92' lang='lat' dir='ltr'><strong>l.</strong></span> <span class='ocrx_word' id='word_1_104' title='bbox 426 2243 495 2310; x_wconf 88' lang='lat' dir='ltr'><strong>Soli</strong></span> <span class='ocrx_word' id='word_1_105' title='bbox 520 2244 638 2310; x_wconf 88' lang='lat' dir='ltr'><strong>lldeles</strong></span> <span class='ocrx_word' id='word_1_106' title='bbox 661 2264 723 2310; x_wconf 91' lang='lat' dir='ltr'><strong>seu</strong></span> <span class='ocrx_word' id='word_1_107' title='bbox 741 2246 919 2332; x_wconf 89' lang='lat' dir='ltr'><strong>baptizati,</strong></span> <span class='ocrx_word' id='word_1_108' title='bbox 945 2265 1023 2312; x_wconf 89' lang='lat' dir='ltr'><strong>cum</strong></span> <span class='ocrx_word' id='word_1_109' title='bbox 1047 2247 1081 2310; x_wconf 93' lang='lat' dir='ltr'><strong>hi</strong></span> <span class='ocrx_word' id='word_1_110' title='bbox 1105 2245 1168 2311; x_wconf 91' lang='lat' dir='ltr'><strong>soli</strong></span> <span class='ocrx_word' id='word_1_111' title='bbox 1191 2219 1390 2328; x_wconf 72' lang='lat' dir='ltr'><strong>subjaceant</strong></span> 
     </span>
     <span class='ocr_line' id='line_1_17' title="bbox 211 2351 1388 2436; baseline 0.002 -20"><span class='ocrx_word' id='word_1_112' title='bbox 211 2353 280 2434; x_wconf 89' lang='lat' dir='ltr'><strong>juri</strong></span> <span class='ocrx_word' id='word_1_113' title='bbox 291 2351 517 2417; x_wconf 89' lang='lat' dir='ltr'><strong>ecclesiastico</strong></span> <span class='ocrx_word' id='word_1_114' title='bbox 529 2353 613 2434; x_wconf 88' lang='lat' dir='ltr'><strong>(can.</strong></span> <span class='ocrx_word' id='word_1_115' title='bbox 630 2353 700 2428; x_wconf 67' lang='lat'><strong>302,</strong></span> <span class='ocrx_word' id='word_1_116' title='bbox 718 2351 760 2418; x_wconf 82' lang='lat' dir='ltr'><strong>de&#39;</strong></span> <span class='ocrx_word' id='word_1_117' title='bbox 776 2353 942 2432; x_wconf 69' lang='lat' dir='ltr'><strong>Consecr,</strong></span> <span class='ocrx_word' id='word_1_118' title='bbox 956 2353 989 2418; x_wconf 90' lang='lat' dir='ltr'><strong>d.</strong></span> <span class='ocrx_word' id='word_1_119' title='bbox 1000 2354 1042 2436; x_wconf 81' lang='grc'><strong>1);</strong></span> <span class='ocrx_word' id='word_1_120' title='bbox 1059 2354 1149 2418; x_wconf 89' lang='lat' dir='ltr'><strong>unda</strong></span> <span class='ocrx_word' id='word_1_121' title='bbox 1160 2353 1306 2418; x_wconf 89' lang='lat' dir='ltr'><strong>inlidelis</strong></span> <span class='ocrx_word' id='word_1_122' title='bbox 1318 2373 1388 2418; x_wconf 91' lang='lat' dir='ltr'><strong>non</strong></span> 
     </span>
     <span class='ocr_line' id='line_1_18' title="bbox 215 2461 1390 2546; baseline 0.003 -22"><span class='ocrx_word' id='word_1_123' title='bbox 215 2465 267 2525; x_wconf 88' lang='lat' dir='ltr'><strong>est</strong></span> <span class='ocrx_word' id='word_1_124' title='bbox 284 2479 390 2543; x_wconf 80' lang='lat' dir='ltr'><strong>capax</strong></span> <span class='ocrx_word' id='word_1_125' title='bbox 411 2461 624 2542; x_wconf 80' lang='lat' dir='ltr'><strong>cognationis</strong></span> <span class='ocrx_word' id='word_1_126' title='bbox 650 2461 832 2545; x_wconf 91' lang='lat' dir='ltr'><strong>spiritualis</strong></span> <span class='ocrx_word' id='word_1_127' title='bbox 851 2465 986 2540; x_wconf 79' lang='lat' dir='ltr'><strong>uotiua,</strong></span> <span class='ocrx_word' id='word_1_128' title='bbox 1008 2482 1040 2526; x_wconf 91' lang='lat' dir='ltr'><strong>v.</strong></span> <span class='ocrx_word' id='word_1_129' title='bbox 1062 2481 1095 2544; x_wconf 91' lang='lat' dir='ltr'><strong>g.</strong></span> <span class='ocrx_word' id='word_1_130' title='bbox 1117 2463 1145 2526; x_wconf 89' lang='lat' dir='ltr'><strong>si</strong></span> <span class='ocrx_word' id='word_1_131' title='bbox 1167 2462 1313 2546; x_wconf 90' lang='lat' dir='ltr'><strong>baptizet</strong></span> <span class='ocrx_word' id='word_1_132' title='bbox 1333 2461 1390 2527; x_wconf 91' lang='lat' dir='ltr'><strong>vel</strong></span> 
     </span>
     <span class='ocr_line' id='line_1_19' title="bbox 213 2567 1387 2656; baseline 0.001 -24"><span class='ocrx_word' id='word_1_133' title='bbox 213 2567 306 2633; x_wconf 88' lang='lat' dir='ltr'><strong>lavet</strong></span> <span class='ocrx_word' id='word_1_134' title='bbox 330 2587 373 2632; x_wconf 84' lang='lat' dir='ltr'><strong>ex</strong></span> <span class='ocrx_word' id='word_1_135' title='bbox 395 2569 582 2651; x_wconf 90' lang='lat' dir='ltr'><strong>baptismo;</strong></span> <span class='ocrx_word' id='word_1_136' title='bbox 607 2587 688 2635; x_wconf 90' lang='lat' dir='ltr'><strong>nam</strong></span> <span class='ocrx_word' id='word_1_137' title='bbox 709 2571 767 2654; x_wconf 88' lang='lat' dir='ltr'><strong>qui</strong></span> <span class='ocrx_word' id='word_1_138' title='bbox 789 2571 1006 2653; x_wconf 81' lang='lat' dir='ltr'><strong>spiritualiter</strong></span> <span class='ocrx_word' id='word_1_139' title='bbox 1026 2589 1096 2634; x_wconf 93' lang='lat' dir='ltr'><strong>non</strong></span> <span class='ocrx_word' id='word_1_140' title='bbox 1123 2575 1176 2634; x_wconf 88' lang='lat' dir='ltr'><strong>est</strong></span> <span class='ocrx_word' id='word_1_141' title='bbox 1200 2576 1301 2635; x_wconf 91' lang='lat' dir='ltr'><strong>natus</strong></span> <span class='ocrx_word' id='word_1_142' title='bbox 1326 2589 1387 2656; x_wconf 87' lang='lat' dir='ltr'><strong>seu</strong></span> 
     </span>
     <span class='ocr_line' id='line_1_20' title="bbox 215 2675 1387 2761; baseline 0.002 -23"><span class='ocrx_word' id='word_1_143' title='bbox 215 2675 304 2739; x_wconf 85' lang='lat' dir='ltr'><strong>illius</strong></span> <span class='ocrx_word' id='word_1_144' title='bbox 324 2693 393 2740; x_wconf 93' lang='lat' dir='ltr'><strong>non</strong></span> <span class='ocrx_word' id='word_1_145' title='bbox 414 2679 621 2758; x_wconf 88' lang='lat' dir='ltr'><strong>potestesse</strong></span> <span class='ocrx_word' id='word_1_146' title='bbox 646 2677 864 2759; x_wconf 88' lang='lat' dir='ltr'><strong>spiritualiter</strong></span> <span class='ocrx_word' id='word_1_147' title='bbox 877 2682 989 2761; x_wconf 89' lang='lat' dir='ltr'><strong>pater;</strong></span> <span class='ocrx_word' id='word_1_148' title='bbox 1016 2677 1103 2742; x_wconf 90' lang='lat' dir='ltr'><strong>sicut</strong></span> <span class='ocrx_word' id='word_1_149' title='bbox 1117 2677 1264 2742; x_wconf 87' lang='lat' dir='ltr'><strong>necdum</strong></span> <span class='ocrx_word' id='word_1_150' title='bbox 1287 2681 1387 2742; x_wconf 90' lang='lat' dir='ltr'><strong>natus</strong></span> 
     </span>
     <span class='ocr_line' id='line_1_21' title="bbox 215 2783 1388 2869; baseline 0 -21"><span class='ocrx_word' id='word_1_151' title='bbox 215 2783 403 2849; x_wconf 92' lang='lat' dir='ltr'><strong>secundum</strong></span> <span class='ocrx_word' id='word_1_152' title='bbox 426 2801 563 2848; x_wconf 88' lang='lat' dir='ltr'><strong>carnem</strong></span> <span class='ocrx_word' id='word_1_153' title='bbox 585 2802 656 2850; x_wconf 90' lang='lat' dir='ltr'><strong>non</strong></span> <span class='ocrx_word' id='word_1_154' title='bbox 675 2789 789 2869; x_wconf 89' lang='lat' dir='ltr'><strong>potest</strong></span> <span class='ocrx_word' id='word_1_155' title='bbox 810 2803 886 2850; x_wconf 87' lang='lat' dir='ltr'><strong>esse</strong></span> <span class='ocrx_word' id='word_1_156' title='bbox 907 2785 1088 2850; x_wconf 88' lang='lat' dir='ltr'><strong>carnaliter</strong></span> <span class='ocrx_word' id='word_1_157' title='bbox 1107 2789 1204 2869; x_wconf 90' lang='lat' dir='ltr'><strong>pater</strong></span> <span class='ocrx_word' id='word_1_158' title='bbox 1225 2783 1271 2867; x_wconf 89' lang='lat' dir='ltr'><strong>(S.</strong></span> <span class='ocrx_word' id='word_1_159' title='bbox 1294 2785 1331 2848; x_wconf 90' lang='lat' dir='ltr'><strong>D.</strong></span> <span class='ocrx_word' id='word_1_160' title='bbox 1354 2789 1388 2849; x_wconf 85' lang='lat' dir='ltr'><strong>ot</strong></span> 
     </span>
     <span class='ocr_line' id='line_1_22' title="bbox 215 2890 1388 2977; baseline 0.001 -21"><span class='ocrx_word' id='word_1_161' title='bbox 215 2891 271 2956; x_wconf 92' lang='lat' dir='ltr'><strong>alii</strong></span> <span class='ocrx_word' id='word_1_162' title='bbox 285 2893 512 2958; x_wconf 86' lang='lat' dir='ltr'><strong>communiter</strong></span> <span class='ocrx_word' id='word_1_163' title='bbox 525 2899 643 2958; x_wconf 89' lang='lat' dir='ltr'><strong>contra</strong></span> <span class='ocrx_word' id='word_1_164' title='bbox 656 2890 822 2976; x_wconf 87' lang='lat' dir='ltr'><strong>llenriq.);</strong></span> <span class='ocrx_word' id='word_1_165' title='bbox 841 2911 951 2977; x_wconf 89' lang='lat' dir='ltr'><strong>neque</strong></span> <span class='ocrx_word' id='word_1_166' title='bbox 965 2892 1068 2958; x_wconf 88' lang='lat' dir='ltr'><strong>etiam</strong></span> <span class='ocrx_word' id='word_1_167' title='bbox 1085 2911 1191 2976; x_wconf 87' lang='lat' dir='ltr'><strong>capax</strong></span> <span class='ocrx_word' id='word_1_168' title='bbox 1205 2897 1257 2958; x_wconf 91' lang='lat' dir='ltr'><strong>est</strong></span> <span class='ocrx_word' id='word_1_169' title='bbox 1266 2909 1388 2973; x_wconf 87' lang='lat' dir='ltr'><strong>cogna-</strong></span> 
     </span>
     <span class='ocr_line' id='line_1_23' title="bbox 216 3001 1388 3086; baseline 0.001 -23"><span class='ocrx_word' id='word_1_170' title='bbox 216 3001 316 3065; x_wconf 86' lang='lat' dir='ltr'><strong>tionis</strong></span> <span class='ocrx_word' id='word_1_171' title='bbox 337 3001 519 3084; x_wconf 90' lang='lat' dir='ltr'><strong>spiritualis</strong></span> <span class='ocrx_word' id='word_1_172' title='bbox 534 3001 679 3084; x_wconf 76' lang='lat' dir='ltr'><strong>passiva</strong></span> <span class='ocrx_word' id='word_1_173' title='bbox 701 3019 761 3066; x_wconf 89' lang='lat' dir='ltr'><strong>seu</strong></span> <span class='ocrx_word' id='word_1_174' title='bbox 777 3001 1084 3086; x_wconf 85' lang='lat' dir='ltr'><strong>compaternitatis,</strong></span> <span class='ocrx_word' id='word_1_175' title='bbox 1102 3001 1130 3065; x_wconf 90' lang='lat' dir='ltr'><strong>si</strong></span> <span class='ocrx_word' id='word_1_176' title='bbox 1151 3001 1261 3066; x_wconf 85' lang='lat' dir='ltr'><strong>fidelis</strong></span> <span class='ocrx_word' id='word_1_177' title='bbox 1281 3001 1388 3084; x_wconf 92' lang='lat' dir='ltr'><strong>bapti-</strong></span> 
     </span>
     <span class='ocr_line' id='line_1_24' title="bbox 215 3108 1388 3194; baseline 0.002 -22"><span class='ocrx_word' id='word_1_178' title='bbox 215 3115 268 3174; x_wconf 88' lang='lat' dir='ltr'><strong>zet</strong></span> <span class='ocrx_word' id='word_1_179' title='bbox 295 3109 350 3176; x_wconf 90' lang='lat' dir='ltr'><strong>vel</strong></span> <span class='ocrx_word' id='word_1_180' title='bbox 371 3108 463 3174; x_wconf 86' lang='lat' dir='ltr'><strong>level</strong></span> <span class='ocrx_word' id='word_1_181' title='bbox 483 3109 615 3193; x_wconf 89' lang='lat' dir='ltr'><strong>prolem</strong></span> <span class='ocrx_word' id='word_1_182' title='bbox 639 3111 788 3194; x_wconf 87' lang='lat' dir='ltr'><strong>parentis</strong></span> <span class='ocrx_word' id='word_1_183' title='bbox 809 3109 956 3174; x_wconf 87' lang='lat' dir='ltr'><strong>inlldelia</strong></span> <span class='ocrx_word' id='word_1_184' title='bbox 981 3110 1112 3194; x_wconf 76' lang='lat' dir='ltr'><strong>(Sanoh.</strong></span> <span class='ocrx_word' id='word_1_185' title='bbox 1136 3114 1171 3174; x_wconf 89' lang='lat' dir='ltr'><strong>et</strong></span> <span class='ocrx_word' id='word_1_186' title='bbox 1193 3110 1249 3174; x_wconf 90' lang='lat' dir='ltr'><strong>olii</strong></span> <span class='ocrx_word' id='word_1_187' title='bbox 1270 3115 1388 3175; x_wconf 89' lang='lat' dir='ltr'><strong>contra</strong></span> 
     </span>
     <span class='ocr_line' id='line_1_25' title="bbox 216 3217 1388 3301; baseline 0.001 -20"><span class='ocrx_word' id='word_1_188' title='bbox 216 3217 318 3301; x_wconf 66' lang='lat' dir='ltr'><strong>sylv„</strong></span> <span class='ocrx_word' id='word_1_189' title='bbox 337 3217 475 3295; x_wconf 89' lang='lat' dir='ltr'><strong>Rosell.,</strong></span> <span class='ocrx_word' id='word_1_190' title='bbox 499 3221 574 3299; x_wconf 87' lang='lat' dir='ltr'><strong>etc.)</strong></span> <span class='ocrx_word' id='word_1_191' title='bbox 589 3239 596 3296; x_wconf 93' lang='lat'>;</span> <span class='ocrx_word' id='word_1_192' title='bbox 612 3237 692 3284; x_wconf 88' lang='lat' dir='ltr'><strong>nam</strong></span> <span class='ocrx_word' id='word_1_193' title='bbox 706 3217 842 3301; x_wconf 89' lang='lat' dir='ltr'><strong>passiva</strong></span> <span class='ocrx_word' id='word_1_194' title='bbox 861 3217 1018 3300; x_wconf 88' lang='lat' dir='ltr'><strong>cognatio</strong></span> <span class='ocrx_word' id='word_1_195' title='bbox 1033 3219 1069 3283; x_wconf 90' lang='lat' dir='ltr'><strong>in</strong></span> <span class='ocrx_word' id='word_1_196' title='bbox 1086 3222 1217 3282; x_wconf 90' lang='lat' dir='ltr'><strong>tantum</strong></span> <span class='ocrx_word' id='word_1_197' title='bbox 1238 3219 1388 3283; x_wconf 85' lang='lat' dir='ltr'><strong>afficeret</strong></span> 
     </span>
     <span class='ocr_line' id='line_1_26' title="bbox 215 3325 1387 3412; baseline 0.003 -25"><span class='ocrx_word' id='word_1_198' title='bbox 215 3325 399 3403; x_wconf 85' lang='lat' dir='ltr'><strong>infidelem,</strong></span> <span class='ocrx_word' id='word_1_199' title='bbox 419 3327 456 3390; x_wconf 94' lang='lat' dir='ltr'><strong>in</strong></span> <span class='ocrx_word' id='word_1_200' title='bbox 470 3333 636 3412; x_wconf 88' lang='lat' dir='ltr'><strong>quantum</strong></span> <span class='ocrx_word' id='word_1_201' title='bbox 654 3327 764 3393; x_wconf 88' lang='lat' dir='ltr'><strong>activa</strong></span> <span class='ocrx_word' id='word_1_202' title='bbox 775 3328 933 3410; x_wconf 88' lang='lat' dir='ltr'><strong>cognatio</strong></span> <span class='ocrx_word' id='word_1_203' title='bbox 949 3326 1170 3410; x_wconf 90' lang='lat' dir='ltr'><strong>abaptizante</strong></span> <span class='ocrx_word' id='word_1_204' title='bbox 1183 3325 1239 3390; x_wconf 90' lang='lat' dir='ltr'><strong>vel</strong></span> <span class='ocrx_word' id='word_1_205' title='bbox 1251 3325 1387 3391; x_wconf 87' lang='lat' dir='ltr'><strong>levante</strong></span> 
     </span>
     <span class='ocr_line' id='line_1_27' title="bbox 217 3431 1387 3518; baseline 0.001 -23"><span class='ocrx_word' id='word_1_206' title='bbox 217 3434 457 3498; x_wconf 88' lang='lat' dir='ltr'><strong>terminaretur</strong></span> <span class='ocrx_word' id='word_1_207' title='bbox 471 3434 514 3499; x_wconf 90' lang='lat' dir='ltr'><strong>ad</strong></span> <span class='ocrx_word' id='word_1_208' title='bbox 527 3434 642 3511; x_wconf 92' lang='lat' dir='ltr'><strong>illum;</strong></span> <span class='ocrx_word' id='word_1_209' title='bbox 660 3435 720 3500; x_wconf 87' lang='lat' dir='ltr'><strong>sed</strong></span> <span class='ocrx_word' id='word_1_210' title='bbox 736 3435 793 3499; x_wconf 90' lang='lat' dir='ltr'><strong>lali</strong></span> <span class='ocrx_word' id='word_1_211' title='bbox 807 3453 899 3510; x_wconf 90' lang='lat' dir='ltr'><strong>casn,</strong></span> <span class='ocrx_word' id='word_1_212' title='bbox 916 3435 981 3500; x_wconf 91' lang='lat' dir='ltr'><strong>boc</strong></span> <span class='ocrx_word' id='word_1_213' title='bbox 1003 3434 1077 3518; x_wconf 92' lang='lat' dir='ltr'><strong>ipso</strong></span> <span class='ocrx_word' id='word_1_214' title='bbox 1093 3434 1184 3517; x_wconf 89' lang='lat' dir='ltr'><strong>quod</strong></span> <span class='ocrx_word' id='word_1_215' title='bbox 1205 3434 1240 3497; x_wconf 92' lang='lat' dir='ltr'><strong>in</strong></span> <span class='ocrx_word' id='word_1_216' title='bbox 1259 3431 1387 3498; x_wconf 89' lang='lat' dir='ltr'><strong>inlldeli</strong></span> 
     </span>
    </p>
   </div>
   <div class='ocr_carea' id='block_1_7' title="bbox 149 3529 1389 4062">
    <p class='ocr_par' dir='ltr' id='par_1_9' title="bbox 149 3529 1389 4062">
     <span class='ocr_line' id='line_1_28' title="bbox 149 3529 1386 3636; baseline 0 -29"><span class='ocrx_word' id='word_1_217' title='bbox 149 3609 154 3618; x_wconf 75' lang='grc'><em>,</em></span> <span class='ocrx_word' id='word_1_218' title='bbox 217 3561 286 3609; x_wconf 94' lang='lat' dir='ltr'><strong>non</strong></span> <span class='ocrx_word' id='word_1_219' title='bbox 304 3529 688 3627; x_wconf 68' lang='lat' dir='ltr'><strong>detur&#39;compaternilas</strong></span> <span class='ocrx_word' id='word_1_220' title='bbox 706 3549 823 3627; x_wconf 91' lang='lat' dir='ltr'><strong>utpote</strong></span> <span class='ocrx_word' id='word_1_221' title='bbox 833 3544 878 3636; x_wconf 91' lang='lat' dir='ltr'><strong>ab</strong></span> <span class='ocrx_word' id='word_1_222' title='bbox 893 3542 1040 3609; x_wconf 89' lang='lat' dir='ltr'><strong>Ecclesia</strong></span> <span class='ocrx_word' id='word_1_223' title='bbox 1053 3543 1260 3619; x_wconf 89' lang='lat' dir='ltr'><strong>introducta,</strong></span> <span class='ocrx_word' id='word_1_224' title='bbox 1275 3561 1386 3626; x_wconf 89' lang='lat' dir='ltr'><strong>neque</strong></span> 
     </span>
     <span class='ocr_line' id='line_1_29' title="bbox 217 3648 1385 3734; baseline -0.002 -18"><span class='ocrx_word' id='word_1_225' title='bbox 217 3651 375 3734; x_wconf 87' lang='lat' dir='ltr'><strong>cognatio</strong></span> <span class='ocrx_word' id='word_1_226' title='bbox 391 3651 680 3734; x_wconf 89' lang='lat' dir='ltr'><strong>compaternitatis</strong></span> <span class='ocrx_word' id='word_1_227' title='bbox 699 3651 800 3716; x_wconf 90' lang='lat' dir='ltr'><strong>datur</strong></span> <span class='ocrx_word' id='word_1_228' title='bbox 816 3649 943 3715; x_wconf 84' lang='lat' dir='ltr'><strong>infideli</strong></span> <span class='ocrx_word' id='word_1_229' title='bbox 960 3650 1144 3734; x_wconf 91' lang='lat' dir='ltr'><strong>baptizanti</strong></span> <span class='ocrx_word' id='word_1_230' title='bbox 1162 3648 1217 3714; x_wconf 90' lang='lat' dir='ltr'><strong>vel</strong></span> <span class='ocrx_word' id='word_1_231' title='bbox 1231 3649 1359 3714; x_wconf 90' lang='lat' dir='ltr'><strong>levanti</strong></span> <span class='ocrx_word' id='word_1_232' title='bbox 1378 3671 1385 3714; x_wconf 94' lang='lat'>:</span> 
     </span>
     <span class='ocr_line' id='line_1_30' title="bbox 219 3757 1387 3844; baseline 0 -22"><span class='ocrx_word' id='word_1_233' title='bbox 219 3776 298 3823; x_wconf 88' lang='lat' dir='ltr'><strong>narn</strong></span> <span class='ocrx_word' id='word_1_234' title='bbox 307 3759 465 3840; x_wconf 88' lang='lat' dir='ltr'><strong>cognatio</strong></span> <span class='ocrx_word' id='word_1_235' title='bbox 480 3759 545 3824; x_wconf 90' lang='lat' dir='ltr'><strong>ista</strong></span> <span class='ocrx_word' id='word_1_236' title='bbox 560 3763 612 3823; x_wconf 91' lang='lat' dir='ltr'><strong>est</strong></span> <span class='ocrx_word' id='word_1_237' title='bbox 625 3761 808 3843; x_wconf 87' lang='lat' dir='ltr'><strong>reciproca,</strong></span> <span class='ocrx_word' id='word_1_238' title='bbox 825 3764 859 3824; x_wconf 90' lang='lat' dir='ltr'><strong>et</strong></span> <span class='ocrx_word' id='word_1_239' title='bbox 873 3778 1009 3844; x_wconf 87' lang='lat' dir='ltr'><strong>conseq.</strong></span> <span class='ocrx_word' id='word_1_240' title='bbox 1028 3760 1056 3823; x_wconf 91' lang='lat' dir='ltr'><strong>si</strong></span> <span class='ocrx_word' id='word_1_241' title='bbox 1072 3778 1141 3824; x_wconf 91' lang='lat' dir='ltr'><strong>non</strong></span> <span class='ocrx_word' id='word_1_242' title='bbox 1153 3757 1253 3824; x_wconf 90' lang='lat' dir='ltr'><strong>datur</strong></span> <span class='ocrx_word' id='word_1_243' title='bbox 1267 3761 1302 3822; x_wconf 94' lang='lat' dir='ltr'><strong>in</strong></span> <span class='ocrx_word' id='word_1_244' title='bbox 1318 3777 1387 3823; x_wconf 93' lang='lat' dir='ltr'><strong>uno</strong></span> 
     </span>
     <span class='ocr_line' id='line_1_31' title="bbox 207 3865 1389 3952; baseline 0.001 -24"><span class='ocrx_word' id='word_1_245' title='bbox 207 3872 382 3943; x_wconf 65' lang='lat' dir='ltr'><strong>⁴entramo¹</strong></span> <span class='ocrx_word' id='word_1_246' title='bbox 399 3885 510 3950; x_wconf 79' lang='lat' dir='ltr'><strong>neque</strong></span> <span class='ocrx_word' id='word_1_247' title='bbox 528 3866 627 3932; x_wconf 89' lang='lat' dir='ltr'><strong>datur</strong></span> <span class='ocrx_word' id='word_1_248' title='bbox 641 3867 677 3931; x_wconf 95' lang='lat' dir='ltr'><strong>in</strong></span> <span class='ocrx_word' id='word_1_249' title='bbox 689 3866 812 3944; x_wconf 86' lang='lat' dir='ltr'><strong>altero;</strong></span> <span class='ocrx_word' id='word_1_250' title='bbox 830 3886 931 3949; x_wconf 87' lang='lat' dir='ltr'><strong>ergo;</strong></span> <span class='ocrx_word' id='word_1_251' title='bbox 947 3872 1021 3931; x_wconf 90' lang='lat' dir='ltr'><strong>tum</strong></span> <span class='ocrx_word' id='word_1_252' title='bbox 1036 3868 1140 3934; x_wconf 88' lang='lat' dir='ltr'><strong>etiam</strong></span> <span class='ocrx_word' id='word_1_253' title='bbox 1155 3869 1235 3952; x_wconf 83' lang='lat' dir='ltr'><strong>quia</strong></span> <span class='ocrx_word' id='word_1_254' title='bbox 1245 3865 1389 3949; x_wconf 88' lang='lat' dir='ltr'><strong>impedi·</strong></span> 
     </span>
     <span class='ocr_line' id='line_1_32' title="bbox 175 3976 1112 4062; baseline 0.003 -24"><span class='ocrx_word' id='word_1_255' title='bbox 175 4031 177 4038; x_wconf 83' lang='lat'>.</span> <span class='ocrx_word' id='word_1_256' title='bbox 216 3980 333 4041; x_wconf 89' lang='lat' dir='ltr'><strong>manta</strong></span> <span class='ocrx_word' id='word_1_257' title='bbox 346 3976 583 4058; x_wconf 85' lang='lat' dir='ltr'><strong>restringenda</strong></span> <span class='ocrx_word' id='word_1_258' title='bbox 603 3977 716 4060; x_wconf 89' lang='lat' dir='ltr'><strong>potius</strong></span> <span class='ocrx_word' id='word_1_259' title='bbox 735 3995 838 4062; x_wconf 88' lang='lat' dir='ltr'><strong>quam</strong></span> <span class='ocrx_word' id='word_1_260' title='bbox 856 3977 1002 4043; x_wconf 87' lang='lat' dir='ltr'><strong>laxanda</strong></span> <span class='ocrx_word' id='word_1_261' title='bbox 1023 3983 1112 4042; x_wconf 89' lang='lat' dir='ltr'><strong>sunt.</strong></span> 
     </span>
    </p>
   </div>
   <div class='ocr_carea' id='block_1_8' title="bbox 160 4118 1389 4736">
    <p class='ocr_par' dir='ltr' id='par_1_10' title="bbox 160 4118 1389 4736">
     <span class='ocr_line' id='line_1_33' title="bbox 252 4118 1388 4198; baseline -0.001 -18"><span class='ocrx_word' id='word_1_262' title='bbox 252 4123 357 4182; x_wconf 87' lang='lat' dir='ltr'><strong>Dices:</strong></span> <span class='ocrx_word' id='word_1_263' title='bbox 373 4128 401 4180; x_wconf 84' lang='lat' dir='ltr'><strong>l⁰</strong></span> <span class='ocrx_word' id='word_1_264' title='bbox 417 4123 525 4182; x_wconf 87' lang='lat' dir='ltr'><strong>Saltem</strong></span> <span class='ocrx_word' id='word_1_265' title='bbox 542 4123 682 4197; x_wconf 88' lang='lat' dir='ltr'><strong>cognatio</strong></span> <span class='ocrx_word' id='word_1_266' title='bbox 697 4124 756 4182; x_wconf 86' lang='lat' dir='ltr'><strong>ista</strong></span> <span class='ocrx_word' id='word_1_267' title='bbox 771 4125 896 4182; x_wconf 86' lang='lat' dir='ltr'><strong>resultat</strong></span> <span class='ocrx_word' id='word_1_268' title='bbox 907 4130 1039 4198; x_wconf 88' lang='lat' dir='ltr'><strong>tempore</strong></span> <span class='ocrx_word' id='word_1_269' title='bbox 1055 4123 1158 4194; x_wconf 88' lang='lat' dir='ltr'><strong>habili,</strong></span> <span class='ocrx_word' id='word_1_270' title='bbox 1171 4123 1242 4182; x_wconf 92' lang='lat' dir='ltr'><strong>dum</strong></span> <span class='ocrx_word' id='word_1_271' title='bbox 1257 4118 1388 4180; x_wconf 86' lang='lat' dir='ltr'><strong>inlldalis</strong></span> 
     </span>
     <span class='ocr_line' id='line_1_34' title="bbox 215 4212 1387 4288; baseline -0.002 -18"><span class='ocrx_word' id='word_1_272' title='bbox 215 4213 397 4272; x_wconf 84' lang='lat' dir='ltr'><strong>convertitur</strong></span> <span class='ocrx_word' id='word_1_273' title='bbox 416 4213 451 4272; x_wconf 89' lang='lat' dir='ltr'><strong>ad</strong></span> <span class='ocrx_word' id='word_1_274' title='bbox 472 4213 673 4284; x_wconf 72' lang='lat' dir='ltr'><strong>boematum</strong></span> <span class='ocrx_word' id='word_1_275' title='bbox 692 4214 913 4288; x_wconf 84' lang='lat' dir='ltr'><strong>irregularitas,</strong></span> <span class='ocrx_word' id='word_1_276' title='bbox 929 4229 957 4272; x_wconf 86' lang='lat' dir='ltr'><strong>v.</strong></span> <span class='ocrx_word' id='word_1_277' title='bbox 974 4229 1003 4288; x_wconf 84' lang='lat' dir='ltr'><strong>g.</strong></span> <span class='ocrx_word' id='word_1_278' title='bbox 1020 4230 1057 4272; x_wconf 82' lang='lat' dir='ltr'><strong>cz</strong></span> <span class='ocrx_word' id='word_1_279' title='bbox 1075 4213 1208 4287; x_wconf 85' lang='lat' dir='ltr'><strong>bigamia</strong></span> <span class='ocrx_word' id='word_1_280' title='bbox 1226 4217 1292 4270; x_wconf 89' lang='lat' dir='ltr'><strong>orta</strong></span> <span class='ocrx_word' id='word_1_281' title='bbox 1310 4212 1387 4284; x_wconf 80' lang='lat' dir='ltr'><strong>toan.</strong></span> 
     </span>
     <span class='ocr_line' id='line_1_35' title="bbox 214 4300 1388 4376; baseline -0.002 -16"><span class='ocrx_word' id='word_1_282' title='bbox 214 4301 349 4374; x_wconf 82' lang='lat' dir='ltr'><strong>Acutitts,</strong></span> <span class='ocrx_word' id='word_1_283' title='bbox 361 4307 405 4373; x_wconf 78' lang='lat'><strong>28,</strong></span> <span class='ocrx_word' id='word_1_284' title='bbox 421 4319 450 4376; x_wconf 88' lang='lat' dir='ltr'><strong>q.</strong></span> <span class='ocrx_word' id='word_1_285' title='bbox 468 4305 505 4375; x_wconf 82' lang='lat'><strong>3).</strong></span> <span class='ocrx_word' id='word_1_286' title='bbox 521 4307 550 4360; x_wconf 79' lang='lat'><strong>2⁰</strong></span> <span class='ocrx_word' id='word_1_287' title='bbox 569 4303 816 4375; x_wconf 85' lang='lat' dir='ltr'><strong>impedimentum</strong></span> <span class='ocrx_word' id='word_1_288' title='bbox 832 4303 968 4364; x_wconf 88' lang='lat' dir='ltr'><strong>criminis</strong></span> <span class='ocrx_word' id='word_1_289' title='bbox 990 4304 1101 4362; x_wconf 90' lang='lat' dir='ltr'><strong>directe</strong></span> <span class='ocrx_word' id='word_1_290' title='bbox 1119 4319 1136 4361; x_wconf 88' lang='lat' dir='ltr'><strong>a</strong></span> <span class='ocrx_word' id='word_1_291' title='bbox 1152 4303 1247 4372; x_wconf 84' lang='lat' dir='ltr'><strong>fideli,</strong></span> <span class='ocrx_word' id='word_1_292' title='bbox 1262 4308 1292 4359; x_wconf 89' lang='lat' dir='ltr'><strong>et</strong></span> <span class='ocrx_word' id='word_1_293' title='bbox 1310 4300 1388 4358; x_wconf 87' lang='lat' dir='ltr'><strong>indi·</strong></span> 
     </span>
     <span class='ocr_line' id='line_1_36' title="bbox 215 4388 1389 4464; baseline -0.002 -16"><span class='ocrx_word' id='word_1_294' title='bbox 215 4397 293 4449; x_wconf 87' lang='lat' dir='ltr'><strong>recte</strong></span> <span class='ocrx_word' id='word_1_295' title='bbox 308 4391 471 4450; x_wconf 89' lang='lat' dir='ltr'><strong>incurritur</strong></span> <span class='ocrx_word' id='word_1_296' title='bbox 485 4389 522 4448; x_wconf 89' lang='lat' dir='ltr'><strong>ab</strong></span> <span class='ocrx_word' id='word_1_297' title='bbox 537 4390 661 4462; x_wconf 86' lang='lat' dir='ltr'><strong>inlidell,</strong></span> <span class='ocrx_word' id='word_1_298' title='bbox 677 4398 706 4448; x_wconf 88' lang='lat' dir='ltr'><strong>ct</strong></span> <span class='ocrx_word' id='word_1_299' title='bbox 719 4392 834 4450; x_wconf 86' lang='lat' dir='ltr'><strong>dirimit</strong></span> <span class='ocrx_word' id='word_1_300' title='bbox 848 4393 927 4450; x_wconf 90' lang='lat' dir='ltr'><strong>inter</strong></span> <span class='ocrx_word' id='word_1_301' title='bbox 943 4407 996 4452; x_wconf 91' lang='lat' dir='ltr'><strong>eos</strong></span> <span class='ocrx_word' id='word_1_302' title='bbox 1015 4391 1240 4450; x_wconf 87' lang='lat' dir='ltr'><strong>matrimonium</strong></span> <span class='ocrx_word' id='word_1_303' title='bbox 1260 4393 1296 4464; x_wconf 80' lang='lat' dir='ltr'><strong>(c.</strong></span> <span class='ocrx_word' id='word_1_304' title='bbox 1312 4395 1338 4460; x_wconf 87' lang='lat' dir='ltr'><strong>l,</strong></span> <span class='ocrx_word' id='word_1_305' title='bbox 1353 4388 1389 4447; x_wconf 82' lang='lat' dir='ltr'><strong>da</strong></span> 
     </span>
     <span class='ocr_line' id='line_1_37' title="bbox 160 4479 1386 4556; baseline -0.005 -15"><span class='ocrx_word' id='word_1_306' title='bbox 160 4485 165 4493; x_wconf 84' lang='grc'>’</span> <span class='ocrx_word' id='word_1_307' title='bbox 216 4482 353 4542; x_wconf 76' lang='lat' dir='ltr'><strong>Cortuosa.</strong></span> <span class='ocrx_word' id='word_1_308' title='bbox 368 4479 476 4555; x_wconf 79' lang='lat' dir='ltr'><strong>tufid.l;</strong></span> <span class='ocrx_word' id='word_1_309' title='bbox 493 4495 564 4556; x_wconf 88' lang='lat' dir='ltr'><strong>ergo</strong></span> <span class='ocrx_word' id='word_1_310' title='bbox 577 4481 655 4540; x_wconf 90' lang='lat' dir='ltr'><strong>idem</strong></span> <span class='ocrx_word' id='word_1_311' title='bbox 670 4481 728 4540; x_wconf 88' lang='lat' dir='ltr'><strong>dic.</strong></span> <span class='ocrx_word' id='word_1_312' title='bbox 741 4481 777 4540; x_wconf 87' lang='lat' dir='ltr'><strong>do</strong></span> <span class='ocrx_word' id='word_1_313' title='bbox 793 4483 971 4556; x_wconf 86' lang='lat' dir='ltr'><strong>cognatione</strong></span> <span class='ocrx_word' id='word_1_314' title='bbox 986 4481 1191 4554; x_wconf 86' lang='lat' dir='ltr'><strong>spirituali.—</strong></span> <span class='ocrx_word' id='word_1_315' title='bbox 1205 4483 1293 4552; x_wconf 82' lang='lat' dir='ltr'><strong>Resp.</strong></span> <span class='ocrx_word' id='word_1_316' title='bbox 1305 4479 1340 4537; x_wconf 88' lang='lat' dir='ltr'><strong>ad</strong></span> <span class='ocrx_word' id='word_1_317' title='bbox 1362 4486 1386 4535; x_wconf 89' lang='lat' dir='ltr'><strong>l.</strong></span> 
     </span>
     <span class='ocr_line' id='line_1_38' title="bbox 202 4569 1387 4646; baseline -0.003 -18"><span class='ocrx_word' id='word_1_318' title='bbox 202 4573 286 4646; x_wconf 70' lang='lat' dir='ltr'><strong>bag.</strong></span> <span class='ocrx_word' id='word_1_319' title='bbox 302 4575 375 4642; x_wconf 64' lang='lat' dir='ltr'><strong>anta</strong></span> <span class='ocrx_word' id='word_1_320' title='bbox 396 4585 466 4628; x_wconf 89' lang='lat' dir='ltr'><strong>nam</strong></span> <span class='ocrx_word' id='word_1_321' title='bbox 481 4569 561 4643; x_wconf 87' lang='lat' dir='ltr'><strong>quod</strong></span> <span class='ocrx_word' id='word_1_322' title='bbox 575 4569 613 4628; x_wconf 90' lang='lat' dir='ltr'><strong>ab</strong></span> <span class='ocrx_word' id='word_1_323' title='bbox 628 4569 714 4628; x_wconf 90' lang='lat' dir='ltr'><strong>initio</strong></span> <span class='ocrx_word' id='word_1_324' title='bbox 730 4585 791 4628; x_wconf 87' lang='lat' dir='ltr'><strong>non</strong></span> <span class='ocrx_word' id='word_1_325' title='bbox 812 4571 963 4640; x_wconf 88' lang='lat' dir='ltr'><strong>subsistit,</strong></span> <span class='ocrx_word' id='word_1_326' title='bbox 978 4577 1074 4630; x_wconf 89' lang='lat' dir='ltr'><strong>tractu</strong></span> <span class='ocrx_word' id='word_1_327' title='bbox 1094 4570 1238 4643; x_wconf 81' lang='lat' dir='ltr'><strong>temporis</strong></span> <span class='ocrx_word' id='word_1_328' title='bbox 1259 4585 1318 4627; x_wconf 90' lang='lat' dir='ltr'><strong>non</strong></span> <span class='ocrx_word' id='word_1_329' title='bbox 1338 4569 1387 4625; x_wconf 89' lang='lat' dir='ltr'><strong>lir-</strong></span> 
     </span>
     <span class='ocr_line' id='line_1_39' title="bbox 216 4659 1388 4736; baseline 0 -18"><span class='ocrx_word' id='word_1_330' title='bbox 216 4666 315 4719; x_wconf 88' lang='lat' dir='ltr'><strong>matur</strong></span> <span class='ocrx_word' id='word_1_331' title='bbox 335 4675 391 4720; x_wconf 87' lang='lat' dir='ltr'><strong>nec</strong></span> <span class='ocrx_word' id='word_1_332' title='bbox 405 4659 597 4732; x_wconf 82' lang='lat' dir='ltr'><strong>convalescit,</strong></span> <span class='ocrx_word' id='word_1_333' title='bbox 613 4675 650 4718; x_wconf 84' lang='lat' dir='ltr'><strong>ex</strong></span> <span class='ocrx_word' id='word_1_334' title='bbox 665 4675 728 4736; x_wconf 86' lang='lat' dir='ltr'><strong>reg.</strong></span> <span class='ocrx_word' id='word_1_335' title='bbox 750 4677 819 4718; x_wconf 48' lang='lat' dir='ltr'><strong>usim</strong></span> <span class='ocrx_word' id='word_1_336' title='bbox 838 4659 869 4718; x_wconf 92' lang='lat' dir='ltr'><strong>in</strong></span> <span class='ocrx_word' id='word_1_337' title='bbox 890 4665 929 4719; x_wconf 83' lang='lat'><strong>6⁰.</strong></span> <span class='ocrx_word' id='word_1_338' title='bbox 946 4660 1151 4736; x_wconf 86' lang='lat' dir='ltr'><strong>lrregularitus</strong></span> <span class='ocrx_word' id='word_1_339' title='bbox 1165 4659 1304 4736; x_wconf 77' lang='lat' dir='ltr'><strong>bigamiae</strong></span> <span class='ocrx_word' id='word_1_340' title='bbox 1319 4665 1388 4734; x_wconf 90' lang='lat' dir='ltr'><strong>post</strong></span> 
     </span>
    </p>
   </div>
   <div class='ocr_carea' id='block_1_9' title="bbox 0 0 1769 5564">
    <p class='ocr_par' dir='ltr' id='par_1_11' title="bbox 0 0 1769 5564">
     <span class='ocr_line' id='line_1_40' title="bbox 0 0 1769 5564; baseline 0 0"><span class='ocrx_word' id='word_1_341' title='bbox 0 0 1769 5564; x_wconf 95' lang='lat' dir='ltr'><strong> </strong></span> 
     </span>
    </p>
   </div>
  </div>
 </body>
</html>
