<?xml version="1.0" encoding="UTF-8"?>
<!DOCTYPE html PUBLIC "-//W3C//DTD XHTML 1.0 Transitional//EN"
    "http://www.w3.org/TR/xhtml1/DTD/xhtml1-transitional.dtd">
<html xmlns="http://www.w3.org/1999/xhtml" xml:lang="en" lang="en">
 <head>
  <title>
</title>
<meta http-equiv="Content-Type" content="text/html;charset=utf-8" />
  <meta name='ocr-system' content='tesseract 3.04.00' />
  <meta name='ocr-capabilities' content='ocr_page ocr_carea ocr_par ocr_line ocrx_word'/>
</head>
<body>
  <div class='ocr_page' id='page_1' title='image "./juscanonicumjux01grangoog/juscanonicumjux01grangoog_0321.png"; bbox 0 0 3418 5566; ppageno 0'>
   <div class='ocr_carea' id='block_1_1' title="bbox 605 617 1424 690">
    <p class='ocr_par' dir='ltr' id='par_1_1' title="bbox 605 617 1424 690">
     <span class='ocr_line' id='line_1_1' title="bbox 605 617 1424 690; baseline 0.009 -12"><span class='ocrx_word' id='word_1_1' title='bbox 605 633 693 680; x_wconf 76' lang='lat' dir='ltr'>arsen</span> <span class='ocrx_word' id='word_1_2' title='bbox 713 633 838 690; x_wconf 81' lang='lat' dir='ltr'>currus</span> <span class='ocrx_word' id='word_1_3' title='bbox 858 635 1076 684; x_wconf 76' lang='lat' dir='ltr'>oscnsreuuu.</span> <span class='ocrx_word' id='word_1_4' title='bbox 1367 617 1424 685; x_wconf 87' lang='grc'>311</span> 
     </span>
    </p>
   </div>
   <div class='ocr_carea' id='block_1_2' title="bbox 177 753 1426 3957">
    <p class='ocr_par' dir='ltr' id='par_1_2' title="bbox 257 753 1426 1274">
     <span class='ocr_line' id='line_1_2' title="bbox 260 753 1426 839; baseline 0.003 -22"><span class='ocrx_word' id='word_1_5' title='bbox 260 753 593 829; x_wconf 88' lang='lat' dir='ltr'>erroribusimhutos,</span> <span class='ocrx_word' id='word_1_6' title='bbox 602 754 645 819; x_wconf 91' lang='lat' dir='ltr'>ad</span> <span class='ocrx_word' id='word_1_7' title='bbox 653 755 784 820; x_wconf 88' lang='lat' dir='ltr'>scholas</span> <span class='ocrx_word' id='word_1_8' title='bbox 791 755 1033 822; x_wconf 89' lang='lat' dir='ltr'>catholicorum</span> <span class='ocrx_word' id='word_1_9' title='bbox 1047 755 1213 839; x_wconf 88' lang='lat' dir='ltr'>recipere;</span> <span class='ocrx_word' id='word_1_10' title='bbox 1230 755 1291 822; x_wconf 89' lang='lat' dir='ltr'>sed</span> <span class='ocrx_word' id='word_1_11' title='bbox 1300 755 1360 820; x_wconf 86' lang='lat' dir='ltr'>lilii</span> <span class='ocrx_word' id='word_1_12' title='bbox 1373 773 1426 821; x_wconf 87' lang='lat' dir='ltr'>ca-</span> 
     </span>
     <span class='ocr_line' id='line_1_3' title="bbox 258 863 1424 948; baseline 0.002 -23"><span class='ocrx_word' id='word_1_13' title='bbox 258 863 460 928; x_wconf 90' lang='lat' dir='ltr'>tholicorum</span> <span class='ocrx_word' id='word_1_14' title='bbox 474 869 648 946; x_wconf 91' lang='lat' dir='ltr'>nequeunt</span> <span class='ocrx_word' id='word_1_15' title='bbox 662 863 705 929; x_wconf 89' lang='lat' dir='ltr'>ad</span> <span class='ocrx_word' id='word_1_16' title='bbox 720 865 851 931; x_wconf 86' lang='lat' dir='ltr'>scholas</span> <span class='ocrx_word' id='word_1_17' title='bbox 863 867 1100 931; x_wconf 72' lang='lat' dir='ltr'>haereticorum</span> <span class='ocrx_word' id='word_1_18' title='bbox 1113 865 1284 940; x_wconf 78' lang='lat' dir='ltr'>accedere,</span> <span class='ocrx_word' id='word_1_19' title='bbox 1297 864 1339 929; x_wconf 92' lang='lat' dir='ltr'>oh</span> <span class='ocrx_word' id='word_1_20' title='bbox 1350 882 1424 948; x_wconf 89' lang='lat' dir='ltr'>per-</span> 
     </span>
     <span class='ocr_line' id='line_1_4' title="bbox 257 971 1421 1055; baseline 0.002 -21"><span class='ocrx_word' id='word_1_21' title='bbox 257 971 425 1036; x_wconf 90' lang='lat' dir='ltr'>versionis</span> <span class='ocrx_word' id='word_1_22' title='bbox 430 972 1210 1055; x_wconf 68' lang='lat' dir='ltr'>periordumetn.Nullustamenlavorhaereticis</span> <span class='ocrx_word' id='word_1_23' title='bbox 1217 972 1421 1048; x_wconf 90' lang='lat' dir='ltr'>conceditur,</span> 
     </span>
     <span class='ocr_line' id='line_1_5' title="bbox 258 1078 1423 1164; baseline 0.002 -22"><span class='ocrx_word' id='word_1_24' title='bbox 258 1079 315 1160; x_wconf 85' lang='lat' dir='ltr'>qui</span> <span class='ocrx_word' id='word_1_25' title='bbox 334 1078 475 1162; x_wconf 92' lang='lat' dir='ltr'>proinde</span> <span class='ocrx_word' id='word_1_26' title='bbox 494 1086 668 1163; x_wconf 89' lang='lat' dir='ltr'>nequeunt</span> <span class='ocrx_word' id='word_1_27' title='bbox 690 1081 941 1146; x_wconf 89' lang='lat' dir='ltr'>communicare</span> <span class='ocrx_word' id='word_1_28' title='bbox 963 1098 1041 1146; x_wconf 91' lang='lat' dir='ltr'>cum</span> <span class='ocrx_word' id='word_1_29' title='bbox 1055 1079 1238 1156; x_wconf 81' lang='lat' dir='ltr'><strong>catholicis,</strong></span> <span class='ocrx_word' id='word_1_30' title='bbox 1260 1080 1339 1144; x_wconf 89' lang='lat' dir='ltr'>licet</span> <span class='ocrx_word' id='word_1_31' title='bbox 1359 1080 1423 1164; x_wconf 92' lang='lat' dir='ltr'>ipsi</span> 
     </span>
     <span class='ocr_line' id='line_1_6' title="bbox 257 1185 1421 1274; baseline 0.004 -26"><span class='ocrx_word' id='word_1_32' title='bbox 257 1185 411 1251; x_wconf 90' lang='lat' dir='ltr'>catholici</span> <span class='ocrx_word' id='word_1_33' title='bbox 425 1189 667 1252; x_wconf 80' lang='lat' dir='ltr'>commercium</span> <span class='ocrx_word' id='word_1_34' title='bbox 684 1190 718 1252; x_wconf 83' lang='lat' dir='ltr'>in</span> <span class='ocrx_word' id='word_1_35' title='bbox 726 1190 886 1274; x_wconf 80' lang='lat' dir='ltr'><em>profanis</em></span> <span class='ocrx_word' id='word_1_36' title='bbox 900 1190 985 1254; x_wconf 88' lang='lat' dir='ltr'>inire</span> <span class='ocrx_word' id='word_1_37' title='bbox 998 1189 1131 1274; x_wconf 85' lang='lat' dir='ltr'><strong>possint</strong></span> <span class='ocrx_word' id='word_1_38' title='bbox 1149 1207 1227 1253; x_wconf 90' lang='lat' dir='ltr'>cum</span> <span class='ocrx_word' id='word_1_39' title='bbox 1243 1187 1421 1254; x_wconf 78' lang='lat' dir='ltr'>haereticis.</span> 
     </span>
    </p>

    <p class='ocr_par' dir='ltr' id='par_1_3' title="bbox 208 1293 1423 2025">
     <span class='ocr_line' id='line_1_7' title="bbox 296 1293 1423 1370; baseline 0.004 -14"><span class='ocrx_word' id='word_1_40' title='bbox 296 1294 328 1356; x_wconf 65' lang='lat'>2⁰</span> <span class='ocrx_word' id='word_1_41' title='bbox 343 1293 428 1370; x_wconf 83' lang='lat' dir='ltr'>Quia</span> <span class='ocrx_word' id='word_1_42' title='bbox 441 1297 701 1361; x_wconf 72' lang='lat' dir='ltr'>communicatio</span> <span class='ocrx_word' id='word_1_43' title='bbox 717 1299 751 1360; x_wconf 81' lang='lat' dir='ltr'>tn</span> <span class='ocrx_word' id='word_1_44' title='bbox 766 1298 888 1362; x_wconf 81' lang='lat' dir='ltr'>divinis</span> <span class='ocrx_word' id='word_1_45' title='bbox 901 1315 962 1362; x_wconf 91' lang='lat' dir='ltr'>seu</span> <span class='ocrx_word' id='word_1_46' title='bbox 981 1299 1018 1360; x_wconf 92' lang='lat' dir='ltr'>in</span> <span class='ocrx_word' id='word_1_47' title='bbox 1032 1297 1134 1360; x_wconf 88' lang='lat' dir='ltr'>rebus</span> <span class='ocrx_word' id='word_1_48' title='bbox 1159 1296 1262 1360; x_wconf 88' lang='lat' dir='ltr'>sacris</span> <span class='ocrx_word' id='word_1_49' title='bbox 1276 1296 1334 1360; x_wconf 84' lang='lat' dir='ltr'>vix</span> <span class='ocrx_word' id='word_1_50' title='bbox 1347 1295 1423 1360; x_wconf 87' lang='lat' dir='ltr'>fieri</span> 
     </span>
     <span class='ocr_line' id='line_1_8' title="bbox 255 1401 1420 1487; baseline 0.003 -23"><span class='ocrx_word' id='word_1_51' title='bbox 255 1405 368 1483; x_wconf 91' lang='lat' dir='ltr'>potest</span> <span class='ocrx_word' id='word_1_52' title='bbox 395 1403 468 1467; x_wconf 89' lang='lat' dir='ltr'>sine</span> <span class='ocrx_word' id='word_1_53' title='bbox 495 1401 710 1468; x_wconf 85' lang='lat' dir='ltr'>scandaloso</span> <span class='ocrx_word' id='word_1_54' title='bbox 734 1402 884 1486; x_wconf 85' lang='lat' dir='ltr'>periculo</span> <span class='ocrx_word' id='word_1_55' title='bbox 905 1405 1133 1486; x_wconf 88' lang='lat' dir='ltr'>perversionis</span> <span class='ocrx_word' id='word_1_56' title='bbox 1155 1407 1420 1487; x_wconf 82' lang='lat' dir='ltr'>contemptuque</span> 
     </span>
     <span class='ocr_line' id='line_1_9' title="bbox 208 1507 1422 1593; baseline 0 -21"><span class='ocrx_word' id='word_1_57' title='bbox 208 1509 214 1522; x_wconf 94' lang='lat'>&#39;</span> <span class='ocrx_word' id='word_1_58' title='bbox 256 1507 427 1573; x_wconf 81' lang='lat' dir='ltr'>catholicae</span> <span class='ocrx_word' id='word_1_59' title='bbox 442 1511 625 1593; x_wconf 85' lang='lat' dir='ltr'>religionis,</span> <span class='ocrx_word' id='word_1_60' title='bbox 638 1511 714 1575; x_wconf 92' lang='lat' dir='ltr'>ideo</span> <span class='ocrx_word' id='word_1_61' title='bbox 732 1511 932 1592; x_wconf 78' lang='lat' dir='ltr'>regulariter</span> <span class='ocrx_word' id='word_1_62' title='bbox 947 1529 1016 1576; x_wconf 91' lang='lat' dir='ltr'>non</span> <span class='ocrx_word' id='word_1_63' title='bbox 1033 1511 1113 1576; x_wconf 90' lang='lat' dir='ltr'>licet</span> <span class='ocrx_word' id='word_1_64' title='bbox 1134 1509 1306 1576; x_wconf 82' lang='lat' dir='ltr'>catholicis</span> <span class='ocrx_word' id='word_1_65' title='bbox 1330 1527 1422 1574; x_wconf 87' lang='lat' dir='ltr'>com-</span> 
     </span>
     <span class='ocr_line' id='line_1_10' title="bbox 256 1617 1423 1701; baseline 0.003 -22"><span class='ocrx_word' id='word_1_66' title='bbox 256 1617 429 1682; x_wconf 88' lang='lat' dir='ltr'>municare</span> <span class='ocrx_word' id='word_1_67' title='bbox 441 1618 477 1682; x_wconf 92' lang='lat' dir='ltr'>in</span> <span class='ocrx_word' id='word_1_68' title='bbox 492 1617 614 1683; x_wconf 83' lang='lat' dir='ltr'>divinis</span> <span class='ocrx_word' id='word_1_69' title='bbox 624 1637 703 1683; x_wconf 92' lang='lat' dir='ltr'>cum</span> <span class='ocrx_word' id='word_1_70' title='bbox 715 1618 882 1684; x_wconf 76' lang='lat' dir='ltr'>hereticis</span> <span class='ocrx_word' id='word_1_71' title='bbox 895 1639 902 1682; x_wconf 93' lang='lat'>:</span> <span class='ocrx_word' id='word_1_72' title='bbox 917 1637 950 1683; x_wconf 87' lang='lat' dir='ltr'>v.</span> <span class='ocrx_word' id='word_1_73' title='bbox 967 1637 1000 1701; x_wconf 82' lang='lat' dir='ltr'>g.</span> <span class='ocrx_word' id='word_1_74' title='bbox 1018 1623 1228 1684; x_wconf 85' lang='lat' dir='ltr'>sacramenta</span> <span class='ocrx_word' id='word_1_75' title='bbox 1247 1618 1353 1683; x_wconf 90' lang='lat' dir='ltr'>abeis</span> <span class='ocrx_word' id='word_1_76' title='bbox 1371 1635 1423 1682; x_wconf 87' lang='lat' dir='ltr'>re-</span> 
     </span>
     <span class='ocr_line' id='line_1_11' title="bbox 255 1725 1423 1812; baseline 0.004 -24"><span class='ocrx_word' id='word_1_77' title='bbox 255 1725 377 1809; x_wconf 91' lang='lat' dir='ltr'>cipere,</span> <span class='ocrx_word' id='word_1_78' title='bbox 407 1728 533 1810; x_wconf 91' lang='lat' dir='ltr'>templa</span> <span class='ocrx_word' id='word_1_79' title='bbox 553 1747 673 1793; x_wconf 90' lang='lat' dir='ltr'>eorum</span> <span class='ocrx_word' id='word_1_80' title='bbox 695 1729 922 1812; x_wconf 87' lang='lat' dir='ltr'>frequentare,</span> <span class='ocrx_word' id='word_1_81' title='bbox 951 1729 1131 1793; x_wconf 86' lang='lat' dir='ltr'>conciones</span> <span class='ocrx_word' id='word_1_82' title='bbox 1147 1727 1275 1804; x_wconf 89' lang='lat' dir='ltr'>audire,</span> <span class='ocrx_word' id='word_1_83' title='bbox 1291 1726 1346 1792; x_wconf 90' lang='lat' dir='ltr'>vel</span> <span class='ocrx_word' id='word_1_84' title='bbox 1359 1727 1423 1792; x_wconf 71' lang='lat' dir='ltr'>lec</span> 
     </span>
     <span class='ocr_line' id='line_1_12' title="bbox 220 1833 1420 1922; baseline 0.003 -26"><span class='ocrx_word' id='word_1_85' title='bbox 220 1845 223 1852; x_wconf 63' lang='lat'><strong>⁴</strong></span> <span class='ocrx_word' id='word_1_86' title='bbox 255 1833 365 1898; x_wconf 87' lang='lat' dir='ltr'>tiones</span> <span class='ocrx_word' id='word_1_87' title='bbox 379 1835 415 1898; x_wconf 92' lang='lat' dir='ltr'>in</span> <span class='ocrx_word' id='word_1_88' title='bbox 430 1835 563 1912; x_wconf 90' lang='lat' dir='ltr'>scholis,</span> <span class='ocrx_word' id='word_1_89' title='bbox 580 1835 608 1900; x_wconf 90' lang='lat' dir='ltr'>si</span> <span class='ocrx_word' id='word_1_90' title='bbox 622 1835 664 1899; x_wconf 92' lang='lat' dir='ltr'>de</span> <span class='ocrx_word' id='word_1_91' title='bbox 672 1834 815 1901; x_wconf 88' lang='lat' dir='ltr'>materia</span> <span class='ocrx_word' id='word_1_92' title='bbox 826 1835 999 1918; x_wconf 82' lang='lat' dir='ltr'>religionis</span> <span class='ocrx_word' id='word_1_93' title='bbox 1011 1835 1131 1922; x_wconf 88' lang='lat' dir='ltr'>quovis</span> <span class='ocrx_word' id='word_1_94' title='bbox 1141 1835 1242 1900; x_wconf 90' lang='lat' dir='ltr'>modo</span> <span class='ocrx_word' id='word_1_95' title='bbox 1251 1839 1420 1917; x_wconf 82' lang='lat' dir='ltr'>ageretur.</span> 
     </span>
     <span class='ocr_line' id='line_1_13' title="bbox 254 1939 514 2025; baseline 0.004 -21"><span class='ocrx_word' id='word_1_96' title='bbox 254 1939 321 2004; x_wconf 89' lang='lat' dir='ltr'>Sed</span> <span class='ocrx_word' id='word_1_97' title='bbox 342 1942 514 2025; x_wconf 71' lang='lat' dir='ltr'>quaeritur,</span> 
     </span>
    </p>

    <p class='ocr_par' dir='ltr' id='par_1_4' title="bbox 177 2048 1421 3957">
     <span class='ocr_line' id='line_1_14' title="bbox 292 2048 1421 2136; baseline 0.004 -24"><span class='ocrx_word' id='word_1_98' title='bbox 292 2048 324 2112; x_wconf 76' lang='lat'>3⁰</span> <span class='ocrx_word' id='word_1_99' title='bbox 340 2049 468 2126; x_wconf 89' lang='lat' dir='ltr'>Utrum,</span> <span class='ocrx_word' id='word_1_100' title='bbox 486 2056 640 2116; x_wconf 82' lang='lat' dir='ltr'>cessante</span> <span class='ocrx_word' id='word_1_101' title='bbox 661 2070 764 2116; x_wconf 88' lang='lat' dir='ltr'>causa</span> <span class='ocrx_word' id='word_1_102' title='bbox 784 2052 931 2118; x_wconf 86' lang='lat' dir='ltr'>scandali</span> <span class='ocrx_word' id='word_1_103' title='bbox 956 2056 990 2117; x_wconf 89' lang='lat' dir='ltr'>et</span> <span class='ocrx_word' id='word_1_104' title='bbox 1011 2052 1240 2136; x_wconf 89' lang='lat' dir='ltr'>perversionis</span> <span class='ocrx_word' id='word_1_105' title='bbox 1263 2055 1299 2116; x_wconf 89' lang='lat' dir='ltr'>et</span> <span class='ocrx_word' id='word_1_106' title='bbox 1319 2050 1421 2116; x_wconf 91' lang='lat' dir='ltr'>simul</span> 
     </span>
     <span class='ocr_line' id='line_1_15' title="bbox 252 2157 1421 2240; baseline 0.003 -21"><span class='ocrx_word' id='word_1_107' title='bbox 252 2157 445 2224; x_wconf 77' lang='lat' dir='ltr'>incurrente</span> <span class='ocrx_word' id='word_1_108' title='bbox 458 2161 554 2240; x_wconf 80' lang='lat' dir='ltr'>gravi</span> <span class='ocrx_word' id='word_1_109' title='bbox 575 2179 688 2240; x_wconf 89' lang='lat' dir='ltr'>causa,</span> <span class='ocrx_word' id='word_1_110' title='bbox 707 2160 807 2226; x_wconf 87' lang='lat' dir='ltr'>hceat</span> <span class='ocrx_word' id='word_1_111' title='bbox 825 2161 1076 2227; x_wconf 88' lang='lat' dir='ltr'>communicare</span> <span class='ocrx_word' id='word_1_112' title='bbox 1094 2161 1131 2226; x_wconf 90' lang='lat' dir='ltr'>in</span> <span class='ocrx_word' id='word_1_113' title='bbox 1145 2161 1248 2226; x_wconf 89' lang='lat' dir='ltr'>sacris</span> <span class='ocrx_word' id='word_1_114' title='bbox 1263 2177 1341 2225; x_wconf 89' lang='lat' dir='ltr'>curn</span> <span class='ocrx_word' id='word_1_115' title='bbox 1354 2160 1421 2223; x_wconf 84' lang='lat' dir='ltr'>hae-</span> 
     </span>
     <span class='ocr_line' id='line_1_16' title="bbox 252 2271 1418 2356; baseline 0.003 -24"><span class='ocrx_word' id='word_1_116' title='bbox 252 2271 384 2334; x_wconf 83' lang='lat' dir='ltr'>reticis?</span> <span class='ocrx_word' id='word_1_117' title='bbox 395 2271 487 2334; x_wconf 86' lang='lat' dir='ltr'>Multi</span> <span class='ocrx_word' id='word_1_118' title='bbox 502 2271 672 2338; x_wconf 82' lang='lat' dir='ltr'>affirmant</span> <span class='ocrx_word' id='word_1_119' title='bbox 688 2278 767 2338; x_wconf 92' lang='lat' dir='ltr'>tunc</span> <span class='ocrx_word' id='word_1_120' title='bbox 775 2273 876 2339; x_wconf 88' lang='lat' dir='ltr'>licere</span> <span class='ocrx_word' id='word_1_121' title='bbox 889 2274 1139 2339; x_wconf 84' lang='lat' dir='ltr'>communicare</span> <span class='ocrx_word' id='word_1_122' title='bbox 1149 2274 1183 2338; x_wconf 88' lang='lat' dir='ltr'>iu</span> <span class='ocrx_word' id='word_1_123' title='bbox 1193 2272 1325 2350; x_wconf 88' lang='lat' dir='ltr'>divinis,</span> <span class='ocrx_word' id='word_1_124' title='bbox 1340 2291 1374 2336; x_wconf 88' lang='lat' dir='ltr'>v.</span> <span class='ocrx_word' id='word_1_125' title='bbox 1384 2291 1418 2356; x_wconf 83' lang='lat' dir='ltr'>g.</span> 
     </span>
     <span class='ocr_line' id='line_1_17' title="bbox 252 2378 1418 2472; baseline 0.003 -31"><span class='ocrx_word' id='word_1_126' title='bbox 252 2378 288 2441; x_wconf 92' lang='lat' dir='ltr'>in</span> <span class='ocrx_word' id='word_1_127' title='bbox 309 2379 476 2462; x_wconf 88' lang='lat' dir='ltr'>baptismo</span> <span class='ocrx_word' id='word_1_128' title='bbox 493 2381 581 2446; x_wconf 86' lang='lat' dir='ltr'>filios</span> <span class='ocrx_word' id='word_1_129' title='bbox 594 2381 832 2472; x_wconf 71' lang='lat' dir='ltr'>haereticorum</span> <span class='ocrx_word' id='word_1_130' title='bbox 847 2383 972 2458; x_wconf 90' lang='lat' dir='ltr'>levare,</span> <span class='ocrx_word' id='word_1_131' title='bbox 987 2382 1023 2445; x_wconf 90' lang='lat' dir='ltr'>in</span> <span class='ocrx_word' id='word_1_132' title='bbox 1038 2398 1157 2446; x_wconf 89' lang='lat' dir='ltr'>eorum</span> <span class='ocrx_word' id='word_1_133' title='bbox 1173 2379 1307 2464; x_wconf 90' lang='lat' dir='ltr'>templis</span> <span class='ocrx_word' id='word_1_134' title='bbox 1322 2397 1418 2445; x_wconf 91' lang='lat' dir='ltr'>more</span> 
     </span>
     <span class='ocr_line' id='line_1_18' title="bbox 252 2485 1419 2576; baseline 0.003 -28"><span class='ocrx_word' id='word_1_135' title='bbox 252 2485 415 2552; x_wconf 87' lang='lat' dir='ltr'>catholico</span> <span class='ocrx_word' id='word_1_136' title='bbox 430 2506 538 2567; x_wconf 91' lang='lat' dir='ltr'>orare,</span> <span class='ocrx_word' id='word_1_137' title='bbox 554 2489 734 2555; x_wconf 89' lang='lat' dir='ltr'>conciones</span> <span class='ocrx_word' id='word_1_138' title='bbox 750 2490 877 2568; x_wconf 88' lang='lat' dir='ltr'>audire,</span> <span class='ocrx_word' id='word_1_139' title='bbox 897 2490 967 2555; x_wconf 90' lang='lat' dir='ltr'>imo</span> <span class='ocrx_word' id='word_1_140' title='bbox 983 2491 1087 2555; x_wconf 87' lang='lat' dir='ltr'>etiam</span> <span class='ocrx_word' id='word_1_141' title='bbox 1106 2496 1318 2576; x_wconf 88' lang='lat' dir='ltr'>sacramenta</span> <span class='ocrx_word' id='word_1_142' title='bbox 1338 2490 1419 2554; x_wconf 92' lang='lat' dir='ltr'>reoi-</span> 
     </span>
     <span class='ocr_line' id='line_1_19' title="bbox 251 2595 1413 2681; baseline 0.003 -24"><span class='ocrx_word' id='word_1_143' title='bbox 251 2595 535 2676; x_wconf 89' lang='lat' dir='ltr'>pere,dummodo</span> <span class='ocrx_word' id='word_1_144' title='bbox 550 2616 593 2661; x_wconf 81' lang='lat' dir='ltr'>ex</span> <span class='ocrx_word' id='word_1_145' title='bbox 605 2617 674 2664; x_wconf 89' lang='lat' dir='ltr'>una</span> <span class='ocrx_word' id='word_1_146' title='bbox 685 2604 781 2681; x_wconf 86' lang='lat' dir='ltr'>parte</span> <span class='ocrx_word' id='word_1_147' title='bbox 796 2598 1117 2680; x_wconf 84' lang='lat' dir='ltr'>adigatgravissima</span> <span class='ocrx_word' id='word_1_148' title='bbox 1127 2600 1161 2661; x_wconf 91' lang='lat' dir='ltr'>et</span> <span class='ocrx_word' id='word_1_149' title='bbox 1171 2597 1413 2679; x_wconf 81' lang='lat' dir='ltr'>urgentissima</span> 
     </span>
     <span class='ocr_line' id='line_1_20' title="bbox 251 2703 1419 2789; baseline 0.002 -24"><span class='ocrx_word' id='word_1_150' title='bbox 251 2719 362 2779; x_wconf 91' lang='lat' dir='ltr'>causa,</span> <span class='ocrx_word' id='word_1_151' title='bbox 380 2707 415 2767; x_wconf 89' lang='lat' dir='ltr'>et</span> <span class='ocrx_word' id='word_1_152' title='bbox 426 2704 605 2769; x_wconf 69' lang='lat' dir='ltr'>haereticis</span> <span class='ocrx_word' id='word_1_153' title='bbox 620 2707 742 2789; x_wconf 85' lang='lat' dir='ltr'>quihus</span> <span class='ocrx_word' id='word_1_154' title='bbox 759 2711 970 2771; x_wconf 88' lang='lat' dir='ltr'>sacramenta</span> <span class='ocrx_word' id='word_1_155' title='bbox 982 2710 1156 2788; x_wconf 90' lang='lat' dir='ltr'>petuntur,</span> <span class='ocrx_word' id='word_1_156' title='bbox 1169 2703 1352 2770; x_wconf 88' lang='lat' dir='ltr'>siutvalide</span> <span class='ocrx_word' id='word_1_157' title='bbox 1366 2722 1419 2768; x_wconf 92' lang='lat' dir='ltr'>or·</span> 
     </span>
     <span class='ocr_line' id='line_1_21' title="bbox 251 2809 1420 2886; baseline 0.003 -14"><span class='ocrx_word' id='word_1_158' title='bbox 251 2809 355 2872; x_wconf 92' lang='lat' dir='ltr'>dinati</span> <span class='ocrx_word' id='word_1_159' title='bbox 375 2815 409 2874; x_wconf 92' lang='lat' dir='ltr'>et</span> <span class='ocrx_word' id='word_1_160' title='bbox 430 2827 525 2876; x_wconf 87' lang='lat' dir='ltr'>sacra</span> <span class='ocrx_word' id='word_1_161' title='bbox 543 2811 780 2877; x_wconf 89' lang='lat' dir='ltr'>administrent</span> <span class='ocrx_word' id='word_1_162' title='bbox 801 2814 868 2876; x_wconf 92' lang='lat' dir='ltr'>ritu</span> <span class='ocrx_word' id='word_1_163' title='bbox 889 2811 1068 2886; x_wconf 69' lang='lat' dir='ltr'>catholiam</span> <span class='ocrx_word' id='word_1_164' title='bbox 1094 2816 1129 2876; x_wconf 91' lang='lat' dir='ltr'>et</span> <span class='ocrx_word' id='word_1_165' title='bbox 1150 2830 1193 2876; x_wconf 87' lang='lat' dir='ltr'>ex</span> <span class='ocrx_word' id='word_1_166' title='bbox 1215 2811 1331 2886; x_wconf 88' lang='lat' dir='ltr'>altera,</span> <span class='ocrx_word' id='word_1_167' title='bbox 1347 2811 1420 2875; x_wconf 82' lang='lat' dir='ltr'>haec</span> 
     </span>
     <span class='ocr_line' id='line_1_22' title="bbox 250 2919 1414 3004; baseline 0.004 -24"><span class='ocrx_word' id='word_1_168' title='bbox 250 2919 511 2982; x_wconf 90' lang='lat' dir='ltr'>communicatio</span> <span class='ocrx_word' id='word_1_169' title='bbox 527 2937 598 2984; x_wconf 91' lang='lat' dir='ltr'>non</span> <span class='ocrx_word' id='word_1_170' title='bbox 608 2920 652 2982; x_wconf 92' lang='lat' dir='ltr'>sit</span> <span class='ocrx_word' id='word_1_171' title='bbox 665 2923 803 2984; x_wconf 83' lang='lat' dir='ltr'>externa</span> <span class='ocrx_word' id='word_1_172' title='bbox 816 2920 1015 3002; x_wconf 91' lang='lat' dir='ltr'>protestatio</span> <span class='ocrx_word' id='word_1_173' title='bbox 1028 2921 1104 2984; x_wconf 87' lang='lat' dir='ltr'>falsi</span> <span class='ocrx_word' id='word_1_174' title='bbox 1119 2921 1297 3002; x_wconf 82' lang='lat' dir='ltr'>dogmatis,</span> <span class='ocrx_word' id='word_1_175' title='bbox 1312 2926 1414 3004; x_wconf 90' lang='lat' dir='ltr'>atque</span> 
     </span>
     <span class='ocr_line' id='line_1_23' title="bbox 249 3025 1413 3112; baseline 0.003 -25"><span class='ocrx_word' id='word_1_176' title='bbox 249 3025 321 3089; x_wconf 84' lang='lat' dir='ltr'>haec</span> <span class='ocrx_word' id='word_1_177' title='bbox 333 3027 482 3109; x_wconf 91' lang='lat' dir='ltr'>receptio</span> <span class='ocrx_word' id='word_1_178' title='bbox 496 3025 580 3090; x_wconf 93' lang='lat' dir='ltr'>nulli</span> <span class='ocrx_word' id='word_1_179' title='bbox 593 3026 791 3091; x_wconf 89' lang='lat' dir='ltr'>scandalum</span> <span class='ocrx_word' id='word_1_180' title='bbox 802 3027 935 3108; x_wconf 80' lang='lat' dir='ltr'>ingerat</span> <span class='ocrx_word' id='word_1_181' title='bbox 950 3027 1178 3109; x_wconf 67' lang='lat' dir='ltr'>(Schmalzgr,</span> <span class='ocrx_word' id='word_1_182' title='bbox 1195 3047 1228 3091; x_wconf 92' lang='lat' dir='ltr'>n.</span> <span class='ocrx_word' id='word_1_183' title='bbox 1245 3029 1315 3103; x_wconf 76' lang='lat' dir='ltr'>etc,</span> <span class='ocrx_word' id='word_1_184' title='bbox 1332 3029 1413 3112; x_wconf 77' lang='grc'>116).</span> 
     </span>
     <span class='ocr_line' id='line_1_24' title="bbox 250 3131 1418 3217; baseline 0.003 -21"><span class='ocrx_word' id='word_1_185' title='bbox 250 3131 315 3196; x_wconf 87' lang='lat' dir='ltr'>Sed</span> <span class='ocrx_word' id='word_1_186' title='bbox 324 3133 438 3216; x_wconf 92' lang='lat' dir='ltr'>plures</span> <span class='ocrx_word' id='word_1_187' title='bbox 448 3133 504 3197; x_wconf 87' lang='lat' dir='ltr'>alii</span> <span class='ocrx_word' id='word_1_188' title='bbox 518 3135 722 3217; x_wconf 79' lang='lat' dir='ltr'>impugnant</span> <span class='ocrx_word' id='word_1_189' title='bbox 734 3134 821 3198; x_wconf 92' lang='lat' dir='ltr'>hanc</span> <span class='ocrx_word' id='word_1_190' title='bbox 831 3133 997 3197; x_wconf 82' lang='lat' dir='ltr'>laxiorem</span> <span class='ocrx_word' id='word_1_191' title='bbox 1013 3135 1228 3211; x_wconf 90' lang='lat' dir='ltr'>sententiam,</span> <span class='ocrx_word' id='word_1_192' title='bbox 1245 3139 1280 3200; x_wconf 90' lang='lat' dir='ltr'>et</span> <span class='ocrx_word' id='word_1_193' title='bbox 1294 3135 1418 3200; x_wconf 92' lang='lat' dir='ltr'>docent</span> 
     </span>
     <span class='ocr_line' id='line_1_25' title="bbox 249 3240 1417 3328; baseline 0.003 -25"><span class='ocrx_word' id='word_1_194' title='bbox 249 3257 327 3326; x_wconf 82' lang='lat' dir='ltr'>cum</span> <span class='ocrx_word' id='word_1_195' title='bbox 341 3241 421 3306; x_wconf 91' lang='lat' dir='ltr'>Ben.</span> <span class='ocrx_word' id='word_1_196' title='bbox 437 3240 518 3318; x_wconf 86' lang='lat' dir='ltr'>XIV,</span> <span class='ocrx_word' id='word_1_197' title='bbox 531 3241 571 3305; x_wconf 84' lang='lat' dir='ltr'>de</span> <span class='ocrx_word' id='word_1_198' title='bbox 586 3241 686 3325; x_wconf 76' lang='lat' dir='ltr'>Syn,</span> <span class='ocrx_word' id='word_1_199' title='bbox 700 3241 723 3304; x_wconf 94' lang='lat' dir='ltr'>l.</span> <span class='ocrx_word' id='word_1_200' title='bbox 736 3241 825 3328; x_wconf 84' lang='lat' dir='ltr'>¹Vl,c.</span> <span class='ocrx_word' id='word_1_201' title='bbox 837 3261 867 3317; x_wconf 90' lang='lat' dir='ltr'>v,</span> <span class='ocrx_word' id='word_1_202' title='bbox 881 3259 914 3304; x_wconf 76' lang='lat' dir='ltr'>n,</span> <span class='ocrx_word' id='word_1_203' title='bbox 925 3241 955 3318; x_wconf 75' lang='grc'>1,</span> <span class='ocrx_word' id='word_1_204' title='bbox 967 3242 1057 3325; x_wconf 90' lang='lat' dir='ltr'>quod</span> <span class='ocrx_word' id='word_1_205' title='bbox 1069 3242 1127 3305; x_wconf 84' lang='lat' dir='ltr'>vix</span> <span class='ocrx_word' id='word_1_206' title='bbox 1141 3243 1417 3326; x_wconf 87' lang='lat' dir='ltr'>acciderepotest</span> 
     </span>
     <span class='ocr_line' id='line_1_26' title="bbox 250 3348 1417 3433; baseline 0.003 -21"><span class='ocrx_word' id='word_1_207' title='bbox 250 3354 288 3412; x_wconf 93' lang='lat' dir='ltr'>ut</span> <span class='ocrx_word' id='word_1_208' title='bbox 302 3348 338 3412; x_wconf 92' lang='lat' dir='ltr'>in</span> <span class='ocrx_word' id='word_1_209' title='bbox 351 3350 447 3432; x_wconf 85' lang='lat' dir='ltr'>praxi</span> <span class='ocrx_word' id='word_1_210' title='bbox 463 3351 616 3415; x_wconf 87' lang='lat' dir='ltr'>excusari</span> <span class='ocrx_word' id='word_1_211' title='bbox 634 3368 655 3413; x_wconf 85' lang='lat' dir='ltr'>a</span> <span class='ocrx_word' id='word_1_212' title='bbox 675 3350 802 3432; x_wconf 79' lang='lat' dir='ltr'>flagitio</span> <span class='ocrx_word' id='word_1_213' title='bbox 817 3355 957 3433; x_wconf 88' lang='lat' dir='ltr'>possent</span> <span class='ocrx_word' id='word_1_214' title='bbox 981 3349 1135 3416; x_wconf 86' lang='lat' dir='ltr'>catholici</span> <span class='ocrx_word' id='word_1_215' title='bbox 1160 3369 1235 3416; x_wconf 86' lang='lat' dir='ltr'>sese</span> <span class='ocrx_word' id='word_1_216' title='bbox 1260 3351 1296 3414; x_wconf 94' lang='lat' dir='ltr'>in</span> <span class='ocrx_word' id='word_1_217' title='bbox 1315 3352 1417 3415; x_wconf 88' lang='lat' dir='ltr'>rebus</span> 
     </span>
     <span class='ocr_line' id='line_1_27' title="bbox 250 3458 1414 3542; baseline 0.003 -22"><span class='ocrx_word' id='word_1_218' title='bbox 250 3458 352 3521; x_wconf 85' lang='lat' dir='ltr'>sacris</span> <span class='ocrx_word' id='word_1_219' title='bbox 377 3476 455 3522; x_wconf 91' lang='lat' dir='ltr'>cum</span> <span class='ocrx_word' id='word_1_220' title='bbox 481 3459 647 3524; x_wconf 73' lang='lat' dir='ltr'>haereticis</span> <span class='ocrx_word' id='word_1_221' title='bbox 662 3458 904 3534; x_wconf 90' lang='lat' dir='ltr'>admiscentes;</span> <span class='ocrx_word' id='word_1_222' title='bbox 935 3463 969 3523; x_wconf 91' lang='lat' dir='ltr'>et</span> <span class='ocrx_word' id='word_1_223' title='bbox 982 3461 1054 3523; x_wconf 76' lang='lat' dir='ltr'>haec</span> <span class='ocrx_word' id='word_1_224' title='bbox 1071 3459 1240 3524; x_wconf 90' lang='lat' dir='ltr'>sententia</span> <span class='ocrx_word' id='word_1_225' title='bbox 1262 3459 1299 3522; x_wconf 92' lang='lat' dir='ltr'>in</span> <span class='ocrx_word' id='word_1_226' title='bbox 1317 3461 1414 3542; x_wconf 86' lang='lat' dir='ltr'>praxi</span> 
     </span>
     <span class='ocr_line' id='line_1_28' title="bbox 250 3567 1416 3650; baseline 0.004 -23"><span class='ocrx_word' id='word_1_227' title='bbox 250 3567 398 3630; x_wconf 89' lang='lat' dir='ltr'>tenenda</span> <span class='ocrx_word' id='word_1_228' title='bbox 412 3572 464 3630; x_wconf 91' lang='lat' dir='ltr'>est</span> <span class='ocrx_word' id='word_1_229' title='bbox 475 3573 553 3650; x_wconf 90' lang='lat' dir='ltr'>post</span> <span class='ocrx_word' id='word_1_230' title='bbox 566 3568 827 3634; x_wconf 84' lang='lat' dir='ltr'>declarationem</span> <span class='ocrx_word' id='word_1_231' title='bbox 846 3568 878 3631; x_wconf 90' lang='lat' dir='ltr'>S.</span> <span class='ocrx_word' id='word_1_232' title='bbox 896 3567 1061 3649; x_wconf 80' lang='lat' dir='ltr'>Congreg.</span> <span class='ocrx_word' id='word_1_233' title='bbox 1080 3567 1112 3630; x_wconf 89' lang='lat' dir='ltr'>S.</span> <span class='ocrx_word' id='word_1_234' title='bbox 1129 3567 1191 3631; x_wconf 81' lang='lat' dir='ltr'>off.</span> <span class='ocrx_word' id='word_1_235' title='bbox 1207 3567 1322 3632; x_wconf 79' lang='lat' dir='ltr'>lmaii</span> <span class='ocrx_word' id='word_1_236' title='bbox 1338 3569 1416 3632; x_wconf 79' lang='lat' dir='ltr'>trae</span> 
     </span>
     <span class='ocr_line' id='line_1_29' title="bbox 177 3672 1415 3758; baseline 0.005 -26"><span class='ocrx_word' id='word_1_237' title='bbox 177 3723 179 3728; x_wconf 89' lang='lat'><em>.</em></span> <span class='ocrx_word' id='word_1_238' title='bbox 250 3672 359 3754; x_wconf 81' lang='lat' dir='ltr'>(Apud</span> <span class='ocrx_word' id='word_1_239' title='bbox 387 3673 521 3750; x_wconf 88' lang='lat' dir='ltr'>Girald.‚</span> <span class='ocrx_word' id='word_1_240' title='bbox 542 3675 563 3739; x_wconf 88' lang='lat' dir='ltr'>t.</span> <span class='ocrx_word' id='word_1_241' title='bbox 593 3676 643 3758; x_wconf 83' lang='lat' dir='ltr'>c).</span> <span class='ocrx_word' id='word_1_242' title='bbox 675 3675 777 3740; x_wconf 89' lang='lat' dir='ltr'>Multo</span> <span class='ocrx_word' id='word_1_243' title='bbox 798 3677 912 3740; x_wconf 91' lang='lat' dir='ltr'>minus</span> <span class='ocrx_word' id='word_1_244' title='bbox 944 3679 1085 3758; x_wconf 91' lang='lat' dir='ltr'>possent</span> <span class='ocrx_word' id='word_1_245' title='bbox 1109 3674 1242 3740; x_wconf 90' lang='lat' dir='ltr'>admitti</span> <span class='ocrx_word' id='word_1_246' title='bbox 1269 3675 1415 3739; x_wconf 86' lang='lat' dir='ltr'>ministri</span> 
     </span>
     <span class='ocr_line' id='line_1_30' title="bbox 248 3779 1417 3861; baseline 0.007 -20"><span class='ocrx_word' id='word_1_247' title='bbox 248 3779 408 3857; x_wconf 76' lang='lat' dir='ltr'>heretici,</span> <span class='ocrx_word' id='word_1_248' title='bbox 434 3787 470 3845; x_wconf 91' lang='lat' dir='ltr'>ut</span> <span class='ocrx_word' id='word_1_249' title='bbox 489 3783 684 3848; x_wconf 88' lang='lat' dir='ltr'>ministrent</span> <span class='ocrx_word' id='word_1_250' title='bbox 716 3783 752 3846; x_wconf 92' lang='lat' dir='ltr'>in</span> <span class='ocrx_word' id='word_1_251' title='bbox 775 3781 924 3848; x_wconf 90' lang='lat' dir='ltr'>ecclesiis</span> <span class='ocrx_word' id='word_1_252' title='bbox 946 3783 1201 3861; x_wconf 86' lang='lat' dir='ltr'>catholicorum,</span> <span class='ocrx_word' id='word_1_253' title='bbox 1227 3801 1270 3848; x_wconf 86' lang='lat' dir='ltr'>ex</span> <span class='ocrx_word' id='word_1_254' title='bbox 1297 3783 1417 3849; x_wconf 91' lang='lat' dir='ltr'>eadem</span> 
     </span>
     <span class='ocr_line' id='line_1_31' title="bbox 251 3888 486 3957; baseline 0.026 -6"><span class='ocrx_word' id='word_1_255' title='bbox 251 3888 486 3957; x_wconf 88' lang='lat' dir='ltr'>declaratione.</span> 
     </span>
    </p>
   </div>
   <div class='ocr_carea' id='block_1_3' title="bbox 542 4077 1116 4141">
    <p class='ocr_par' dir='ltr' id='par_1_5' title="bbox 542 4077 1116 4141">
     <span class='ocr_line' id='line_1_32' title="bbox 542 4077 1116 4141; baseline 0.002 -12"><span class='ocrx_word' id='word_1_256' title='bbox 542 4079 583 4129; x_wconf 89' lang='lat'>111.</span> <span class='ocrx_word' id='word_1_257' title='bbox 598 4077 756 4141; x_wconf 84' lang='lat' dir='ltr'>Disputctlo</span> <span class='ocrx_word' id='word_1_258' title='bbox 770 4077 805 4131; x_wconf 90' lang='lat' dir='ltr'>de</span> <span class='ocrx_word' id='word_1_259' title='bbox 818 4078 874 4131; x_wconf 83' lang='lat' dir='ltr'>tide</span> <span class='ocrx_word' id='word_1_260' title='bbox 888 4089 953 4132; x_wconf 86' lang='lat' dir='ltr'>cum</span> <span class='ocrx_word' id='word_1_261' title='bbox 967 4078 1116 4132; x_wconf 83' lang='lat' dir='ltr'>hereticis.</span> 
     </span>
    </p>
   </div>
   <div class='ocr_carea' id='block_1_4' title="bbox 249 4218 1503 4839">
    <p class='ocr_par' dir='ltr' id='par_1_6' title="bbox 249 4218 1503 4839">
     <span class='ocr_line' id='line_1_33' title="bbox 291 4218 1417 4308; baseline 0.01 -29"><span class='ocrx_word' id='word_1_262' title='bbox 291 4219 321 4280; x_wconf 79' lang='lat'>1⁰</span> <span class='ocrx_word' id='word_1_263' title='bbox 336 4218 586 4302; x_wconf 88' lang='lat' dir='ltr'>Disputationes</span> <span class='ocrx_word' id='word_1_264' title='bbox 595 4221 737 4305; x_wconf 84' lang='lat' dir='ltr'>publicae</span> <span class='ocrx_word' id='word_1_265' title='bbox 752 4223 953 4305; x_wconf 75' lang='lat' dir='ltr'>regulariter</span> <span class='ocrx_word' id='word_1_266' title='bbox 966 4224 1241 4308; x_wconf 81' lang='lat' dir='ltr'>suntprohihitae,</span> <span class='ocrx_word' id='word_1_267' title='bbox 1253 4242 1371 4308; x_wconf 83' lang='lat' dir='ltr'>nepax</span> <span class='ocrx_word' id='word_1_268' title='bbox 1381 4231 1417 4291; x_wconf 89' lang='lat' dir='ltr'>et</span> 
     </span>
     <span class='ocr_line' id='line_1_34' title="bbox 249 4325 1417 4419; baseline 0.008 -31"><span class='ocrx_word' id='word_1_269' title='bbox 249 4325 472 4409; x_wconf 87' lang='lat' dir='ltr'>tranquillitas</span> <span class='ocrx_word' id='word_1_270' title='bbox 485 4329 797 4419; x_wconf 28' lang='lat' dir='ltr'>publica&#39;turhetur.</span> <span class='ocrx_word' id='word_1_271' title='bbox 814 4331 864 4395; x_wconf 82' lang='lat' dir='ltr'>hd</span> <span class='ocrx_word' id='word_1_272' title='bbox 877 4331 1028 4414; x_wconf 87' lang='lat' dir='ltr'>publicas</span> <span class='ocrx_word' id='word_1_273' title='bbox 1043 4332 1288 4414; x_wconf 88' lang='lat' dir='ltr'>disputationes</span> <span class='ocrx_word' id='word_1_274' title='bbox 1311 4331 1417 4397; x_wconf 92' lang='lat' dir='ltr'>intro-</span> 
     </span>
     <span class='ocr_line' id='line_1_35' title="bbox 249 4434 1503 4522; baseline 0.005 -24"><span class='ocrx_word' id='word_1_275' title='bbox 249 4434 419 4501; x_wconf 87' lang='lat' dir='ltr'>ducendas</span> <span class='ocrx_word' id='word_1_276' title='bbox 447 4437 569 4520; x_wconf 83' lang='lat' dir='ltr'>triplex</span> <span class='ocrx_word' id='word_1_277' title='bbox 596 4439 778 4522; x_wconf 86' lang='lat' dir='ltr'>requiritur</span> <span class='ocrx_word' id='word_1_278' title='bbox 805 4439 1040 4504; x_wconf 78' lang='lat' dir='ltr'>conditi01ut</span> <span class='ocrx_word' id='word_1_279' title='bbox 1067 4437 1155 4504; x_wconf 87' lang='lat' dir='ltr'>adsit</span> <span class='ocrx_word' id='word_1_280' title='bbox 1179 4440 1318 4521; x_wconf 81' lang='lat' dir='ltr'>maJoris</span> <span class='ocrx_word' id='word_1_281' title='bbox 1335 4440 1416 4504; x_wconf 90' lang='lat' dir='ltr'>honi</span> <span class='ocrx_word' id='word_1_282' title='bbox 1501 4457 1503 4461; x_wconf 87' lang='lat'>·</span> 
     </span>
     <span class='ocr_line' id='line_1_36' title="bbox 249 4544 1415 4629; baseline 0.004 -23"><span class='ocrx_word' id='word_1_283' title='bbox 249 4563 325 4626; x_wconf 90' lang='lat' dir='ltr'>spes</span> <span class='ocrx_word' id='word_1_284' title='bbox 339 4562 346 4620; x_wconf 92' lang='grc'><strong>;</strong></span> <span class='ocrx_word' id='word_1_285' title='bbox 366 4549 404 4607; x_wconf 91' lang='lat' dir='ltr'>ut</span> <span class='ocrx_word' id='word_1_286' title='bbox 416 4544 549 4608; x_wconf 91' lang='lat' dir='ltr'>nullum</span> <span class='ocrx_word' id='word_1_287' title='bbox 572 4544 615 4608; x_wconf 89' lang='lat' dir='ltr'>sit</span> <span class='ocrx_word' id='word_1_288' title='bbox 629 4545 817 4628; x_wconf 91' lang='lat' dir='ltr'>periculum</span> <span class='ocrx_word' id='word_1_289' title='bbox 836 4565 879 4610; x_wconf 83' lang='lat' dir='ltr'>ex</span> <span class='ocrx_word' id='word_1_290' title='bbox 893 4550 989 4629; x_wconf 88' lang='lat' dir='ltr'>parte</span> <span class='ocrx_word' id='word_1_291' title='bbox 1005 4545 1209 4622; x_wconf 91' lang='lat' dir='ltr'>auditorum,</span> <span class='ocrx_word' id='word_1_292' title='bbox 1227 4551 1261 4611; x_wconf 92' lang='lat' dir='ltr'>et</span> <span class='ocrx_word' id='word_1_293' title='bbox 1277 4547 1415 4613; x_wconf 88' lang='lat' dir='ltr'>taudem</span> 
     </span>
     <span class='ocr_line' id='line_1_37' title="bbox 249 4652 1415 4739; baseline 0.003 -21"><span class='ocrx_word' id='word_1_294' title='bbox 249 4671 288 4718; x_wconf 89' lang='lat' dir='ltr'>ac</span> <span class='ocrx_word' id='word_1_295' title='bbox 302 4654 487 4737; x_wconf 70' lang='lat' dir='ltr'>praesertim</span> <span class='ocrx_word' id='word_1_296' title='bbox 501 4653 683 4736; x_wconf 88' lang='lat' dir='ltr'>requiritur</span> <span class='ocrx_word' id='word_1_297' title='bbox 694 4652 829 4719; x_wconf 90' lang='lat' dir='ltr'>licentia</span> <span class='ocrx_word' id='word_1_298' title='bbox 853 4655 1027 4739; x_wconf 89' lang='lat' dir='ltr'>episcopi:</span> <span class='ocrx_word' id='word_1_299' title='bbox 1054 4654 1102 4718; x_wconf 83' lang='lat' dir='ltr'>ita</span> <span class='ocrx_word' id='word_1_300' title='bbox 1124 4654 1276 4719; x_wconf 90' lang='lat' dir='ltr'>sentiunt</span> <span class='ocrx_word' id='word_1_301' title='bbox 1296 4673 1415 4722; x_wconf 89' lang='lat' dir='ltr'>omnes</span> 
     </span>
     <span class='ocr_line' id='line_1_38' title="bbox 250 4761 878 4839; baseline 0 -15"><span class='ocrx_word' id='word_1_302' title='bbox 250 4761 322 4839; x_wconf 63' lang='lat' dir='ltr'>GC„</span> <span class='ocrx_word' id='word_1_303' title='bbox 339 4767 374 4827; x_wconf 91' lang='lat' dir='ltr'>et</span> <span class='ocrx_word' id='word_1_304' title='bbox 389 4761 474 4827; x_wconf 91' lang='lat' dir='ltr'>ratio</span> <span class='ocrx_word' id='word_1_305' title='bbox 488 4762 687 4826; x_wconf 90' lang='lat' dir='ltr'>assertionis</span> <span class='ocrx_word' id='word_1_306' title='bbox 701 4766 753 4828; x_wconf 89' lang='lat' dir='ltr'>est</span> <span class='ocrx_word' id='word_1_307' title='bbox 769 4763 878 4828; x_wconf 87' lang='lat' dir='ltr'>obvia.</span> 
     </span>
    </p>
   </div>
   <div class='ocr_carea' id='block_1_5' title="bbox 0 0 1714 5566">
    <p class='ocr_par' dir='ltr' id='par_1_7' title="bbox 0 0 1714 5566">
     <span class='ocr_line' id='line_1_39' title="bbox 0 0 1714 5566; baseline 0 3"><span class='ocrx_word' id='word_1_308' title='bbox 0 0 1714 5566; x_wconf 95' lang='lat' dir='ltr'> </span> 
     </span>
    </p>
   </div>
  </div>
 </body>
</html>
