3418 5566
329 563 391 629 3118
786 584 838 630 trs
857 583 1036 630 aaronem

330 697 537 762 sufficienter
550 700 593 762 ab
607 698 753 764 Ecclesia
766 701 951 782 proposito,
966 699 1115 766 tenenda
1136 705 1190 766 est
1204 699 1313 782 prima
1327 701 1496 766 sententia

329 805 737 886 ffiQdfflstffl·

368 912 402 976 l·
416 913 478 989 Qui
493 919 596 995 negat
610 915 875 997 propositionem
900 913 1138 996 theologicam,
1161 915 1342 980 deductam
1363 934 1407 980 ex
1428 934 1496 978 una

322 1009 559 1106 'propositione
581 1023 780 1088 naturaliter
798 1023 955 1089 elidente
979 1029 1013 1088 et
1036 1023 1142 1088 altera
1166 1024 1326 1098 revelata,
1349 1043 1419 1089 nou
1444 1029 1496 1088 eat

329 1130 518 1206 haereticus,
534 1131 613 1196 licet
627 1131 746 1208 Canus,
762 1132 890 1196 Valent.
907 1152 986 1198 cum
997 1133 1071 1198 aliis
1084 1131 1425 1216 pluribusalilrment.
1436 1131 1496 1196 lla·

331 1240 378 1303 tio
390 1245 452 1316 est,
468 1241 546 1324 quia
561 1240 636 1304 talis
651 1242 787 1322 negatio
797 1241 919 1305 diuinae
927 1241 1126 1306 revelationi
1133 1241 1280 1305 mediate
1294 1246 1426 1304 tantum
1440 1259 1496 1324 op

329 1348 476 1430 ponitur,
494 1353 528 1412 et
543 1347 590 1412 sic
603 1347 699 1412 deest
715 1373 730 1404 ιι
746 1348 898 1413 modus»
913 1349 1134 1432 quohffisis
1152 1367 1188 1412 se
1205 1349 1307 1412 habet
1324 1347 1367 1411 ad
1385 1353 1497 1412 aucto

329 1454 465 1519 ritatem
479 1454 705 1518 revelationis.
722 1454 770 1516 Ex
782 1455 890 1519 altera
903 1461 1008 1537 parte,
1024 1453 1196 1519 conclusio
1218 1454 1408 1536 theologica
1428 1473 1497 1519 non

329 1567 382 1623 est
395 1560 556 1626 articulus
571 1560 649 1625 lldei
664 1562 706 1625 ab
720 1561 866 1626 Ecclesia
881 1563 1084 1645 propositus,
1102 1567 1136 1624 et
1156 1561 1233 1625 ideo
1248 1561 1325 1626 talis
1347 1561 1494 1642 negatio,

329 1669 432 1733 etiam
444 1669 575 1733 ratione
591 1693 606 1724 «
625 1669 748 1750 objecti
764 1694 792 1742 »‚
816 1687 885 1734 non
901 1675 954 1732 est
966 1669 1105 1732 haeresis
1117 1689 1125 1744 ;
1139 1668 1278 1732 tandem
1297 1693 1313 1726 a
1330 1669 1465 1732 habitus
1481 1695 1497 1726 o

329 1775 587 1858 apprehendens
601 1775 836 1840 conclusiones
851 1775 1070 1856 theologicas,
1084 1781 1123 1838 ut
1136 1775 1194 1850 sic,
1211 1793 1280 1839 non
1299 1779 1352 1840 est
1364 1776 1498 1840 habitus

328 1883 418 1947 ssdei.
436 1883 519 1960 lmo‚

367 1993 400 2054 5·
414 1989 476 2066 Qui
489 1995 591 2071 negat
606 1989 874 2073 propositionem
889 1989 1178 2064 easerevelatam,
1187 2008 1257 2054 uon
1268 1995 1382 2054 tamen
1392 1991 1434 2054 ab
1443 1989 1500 2053 Eo

328 2098 430 2164 clesia
444 2099 634 2180 dogmatice
650 2097 835 2174 delinitam,
845 2085 1196 2183 nonestproprie,seu
1214 2117 1328 2163 coram
1343 2096 1498 2174 Ecclesia,

328 2209 519 2284 haereticus,
543 2207 621 2290 quia
638 2205 778 2270 haeresis
793 2211 845 2270 est
868 2225 962 2272 error
980 2213 1100 2272 eontra
1117 2208 1296 2271 veritatem
1314 2207 1500 2270 revelatam

330 2317 373 2380 ab
385 2315 529 2380 Ecclesia
543 2315 771 2398 propositam:
786 2315 859 2378 haec
870 2315 1022 2380 delinitio
1032 2313 1185 2380 Ecclesiae
1199 2315 1321 2380 indixit
1340 2315 1499 2380 omnihus

329 2424 508 2488 veritatem
523 2422 616 2486 illam
633 2441 709 2486 esse
724 2421 921 2500 revelatam,
941 2441 981 2488 ac
998 2423 1139 2506 proinde
1159 2429 1377 2490 contumaces
1397 2422 1499 2486 ellicit

330 2551 450 2597 omnes
459 2539 635 2613 negantes.

370 2641 402 2704 θ’
416 2641 516 2705 Error
528 2642 684 2723 pertinax
701 2642 735 2706 in
749 2641 817 2706 ilde
831 2659 852 2706 a
865 2641 1109 2706 catechumeno
1128 2641 1270 2718 elicitus,
1288 2639 1367 2706 licet
1383 2659 1498 2705 coram

329 2747 399 2815 Deo
413 2757 447 2814 et
461 2749 572 2834 quoad
587 2751 812 2816 substantiam
832 2752 875 2813 sit
897 2731 1048 2826 haeresis,
1070 2751 1238 2815 tamenin
1258 2752 1332 2815 loro
1356 2755 1497 2813 externo

268 2931 273 2940 ,
329 2861 363 2922 et
385 2859 496 2942 quoad
517 2877 636 2941 poenas
657 2877 726 2923 non
751 2859 895 2923 habetur
916 2877 978 2942 pro
996 2859 1129 2924 naresi.
1150 2858 1247 2923 Ratio
1266 2862 1328 2932 est,
1346 2857 1425 2942 quia
1438 2876 1499 2940 per

327 2965 534 3048 baptismum
558 2968 593 3030 in
620 2965 801 3032 Ecclesiam
825 2967 900 3050 quis
923 2965 1160 3046 ingredituret
1184 2968 1258 3047 ejus
1270 2963 1497 3048 J'urisdietioni

266 3097 271 3104 ·
329 3073 492 3138 subditur.
515 3073 623 3150 Quare
651 3076 686 3138 in
710 3074 906 3139 definitione
931 3073 1142 3150 dictumest,
1164 3099 1179 3130 «
1198 3074 1240 3137 ab
1255 3091 1296 3138 eo
1318 3073 1374 3155 qui
1393 3072 1496 3136 fidem

330 3179 451 3246 Christi
465 3183 650 3264 suscepit».

367 3293 399 3354 7·
418 3291 479 3356 llla
498 3292 683 3374 pertinacia
703 3291 745 3357 ad
769 3291 1044 3357 constituendam
1062 3292 1220 3356 haeresim
1247 3289 1410 3373 requisita
1429 3308 1498 3355 non

327 3399 463 3482 respicit
485 3407 544 3466 aut
564 3402 706 3484 requirit
727 3401 914 3466 formaliter
936 3400 1150 3465 durationem
1173 3401 1347 3482 temporis,
1370 3404 1430 3463 aut
1443 3400 1498 3461 ilr-

327 3525 420 3572 mam
430 3509 680 3592 persistentiam
695 3509 729 3571 in
742 3527 867 3586 errore,
884 3509 1046 3595 quidquid
1057 3511 1101 3573 sit
1116 3509 1157 3573 de
1169 3511 1243 3573 loro
1258 3513 1421 3582 exterum
1438 3507 1498 3572 sed

329 3615 453 3679 sufficit
467 3621 505 3679 ut
517 3635 615 3681 mens
628 3623 812 3698 cognoscat
825 3619 1033 3682 contrarium
1054 3617 1162 3682 teneri
1172 3669 1175 3676 .
1185 3618 1227 3682 ab
1245 3616 1401 3680 Ecclesia.
1428 3616 1498 3679 Sta-

332 3724 392 3786 tim
406 3741 445 3788 ac
454 3724 701 3808 quisjudicium
717 3743 818 3789 suum
831 3726 968 3807 praelert
980 3724 1169 3790 definitioni
1180 3725 1334 3788 Ecclesia
1348 3729 1383 3787 et
1397 3741 1497 3788 suum

330 3849 480 3904 errorem
490 3833 623 3910 retinet,
634 3835 867 3898 nonobstante
875 3834 937 3898 hac
951 3833 1147 3898 definitione
1156 3833 1246 3908 fidei,
1256 3833 1411 3915 pertinax
1422 3849 1497 3896 esse

329 3940 520 4006 censendus
533 3948 595 4016 est,
610 3960 649 4007 ac
662 3942 804 4024 proinde
819 3941 971 4007 formalis
984 3941 1174 4006 haereticus.

709 4129 739 4177 ll.
755 4125 909 4190 Quotupler
923 4126 961 4178 sit
977 4125 1115 4178 haerestst

369 4269 512 4336 llaeresis
540 4269 698 4353 dividitur
721 4275 753 4356 a)
777 4275 813 4338 in
839 4276 1007 4338 internam
1033 4278 1068 4336 et
1089 4281 1275 4336 externam.
1292 4273 1431 4337 laterna
1447 4277 1498 4337 est

329 4395 405 4461 quae
429 4379 501 4444 sola
525 4385 640 4444 mente
662 4386 920 4445 consummatur
942 4385 977 4444 et
1002 4379 1107 4445 solius
1127 4380 1186 4474 Dei
1207 4380 1336 4463 judicio
1356 4381 1493 4450 subest:

327 4487 432 4567 igitur
445 4507 546 4572 poena
560 4492 666 4564 vacat,
685 4489 763 4570 quie
775 4487 933 4564 Ecclesia,
950 4489 1037 4552 sicut
1050 4507 1119 4553 non
1131 4489 1261 4570 judicat
1277 4489 1318 4552 de
1342 4488 1494 4562 internis,

318 4593 376 4656 ‚ita
390 4599 424 4658 et
436 4614 555 4677 poenas
571 4615 640 4661 non
655 4597 721 4660 fert
734 4597 947 4678 prointernis
958 4617 965 4672 ;
978 4595 1069 4661 unde
1080 4595 1248 4662 absolutio
1257 4594 1347 4659 illius
1358 4595 1497 4660 heresis

330 4699 478 4767 daturin
499 4705 574 4770 foro
600 4704 835 4770 sacramentali
856 4707 1065 4788 paenitentiae
1091 4723 1345 4790 aquocumque
1368 4706 1496 4771 contes-
