3514 5564
571 601 658 646 crana
679 601 814 655 putaras
835 600 1055 648 sacrarentur.
1344 581 1403 646 169

225 713 397 786 timentur
416 717 598 783 tristissimi
635 721 790 796 eventus,
819 718 923 784 timor
957 717 1115 800 gravium
1151 714 1401 792 scandalorum,

225 829 488 904 inimicitiarum,
512 825 680 893 bellorum
702 828 793 892 inter
818 827 999 912 principes,
1018 825 1268 910 superveniens
1297 825 1404 908 impo-

226 940 333 1004 tentia
352 939 388 1002 in
403 936 542 1014 femina,
557 955 619 1021 per
634 955 737 1023 quam
750 953 812 1021 pro
827 936 925 1018 regni
939 935 1099 1001 felicitate
1118 939 1267 1000 stemma
1279 951 1400 1020 propo-

227 1047 539 1133 garidebuii,eic.·
653 1125 659 1137 ι

250 1227 349 1287 Ὶ111088
361 1245 368 1285 :
381 1225 542 1286 t⁰biatrim
552 1229 704 1285 ratumest
711 1225 914 1299 jurenaturaii
925 1225 1097 1294 insolubile;
1114 1223 1167 1284 sed
1183 1227 1263 1296 Papa
1273 1235 1334 1281 non
1349 1236 1405 1294 po-

227 1320 287 1375 test
299 1315 475 1389 dispensare
491 1315 522 1373 in
535 1314 603 1388 J'ure
617 1314 746 1374 naturali
760 1314 848 1374 etiam
864 1313 1087 1383 conditionaio;
1103 1311 1178 1370 alias
1190 1311 1280 1370 eiiam
1295 1307 1406 1368 dissol-

227 1423 295 1465 vere
310 1410 414 1480 posset
433 1411 690 1476 consummatum
707 1419 790 1478 ergo.
806 1409 836 1461 2⁰
857 1406 1038 1476 sequeretur
1058 1403 1139 1475 quod
1158 1401 1247 1460 etiam
1265 1399 1406 1473 princeps

228 1494 324 1554 laicus
345 1494 376 1552 in
399 1493 590 1552 matrimonio
614 1498 677 1552 rato
702 1493 892 1553 subditorum
913 1491 1081 1552 infidelium
1101 1491 1277 1564 dispensare
1297 1487 1405 1561 possit.

228 1584 387 1657 amntiqut
399 1583 558 1643 Pontifices
572 1597 728 1656 nunquam
744 1583 973 1657 dispensarunt;
989 1581 1050 1639 imo
1065 1593 1098 1639 se
1113 1594 1173 1640 non
1184 1592 1273 1652 posse
1287 1577 1407 1649 dispen-

228 1689 294 1735 sare
310 1673 482 1732 fatebantur
495 1692 502 1730 ε
516 1679 625 1732 carbo
638 1677 668 1732 ei
682 1687 745 1747 seq.
760 1677 805 1742 32,
821 1679 886 1747 q.7,
902 1679 931 1732 et
945 1687 971 1732 o.
986 1675 1015 1741 7,
1030 1671 1066 1730 de
1081 1672 1219 1732 convers.
1235 1667 1406 1741 conjugum,

229 1770 259 1824 et
272 1769 359 1824 cii.
375 1763 453 1834 eod,
469 1763 510 1822 ibi
526 1780 533 1818 ι
552 1763 641 1822 «nisi
660 1763 735 1822 forie
756 1778 845 1822 secus
867 1763 951 1820 fieret
969 1777 1005 1820 ex
1019 1759 1198 1830 revelatione
1213 1757 1325 1827 divina,
1341 1769 1409 1830 qua

229 1859 351 1929 superat
377 1868 496 1912 omnem
522 1853 634 1927 legem,
659 1873 674 1909 a
702 1859 730 1912 et
754 1858 829 1912 teste
852 1852 941 1923 abb,
967 1855 1069 1910 innoc.
1100 1853 1162 1909 viii
1187 1845 1344 1923 respondit
1375 1859 1408 1903 se

228 1959 288 2003 non
301 1957 391 2017 posse
403 1943 588 2017 dispensare.
600 1945 689 2016 iiesp.
704 1943 740 2001 ad
755 1947 780 2000 i.
795 1942 871 2000 bist.
888 1955 928 1999 m.
944 1958 951 1998 :
972 1939 998 2000 si
1010 1939 1089 2000 clare
1103 1943 1222 1999 constet
1236 1935 1408 2013 generalem

228 2037 406 2108 potestatem
420 2047 456 2090 eo
470 2047 503 2091 se
518 2047 579 2090 non
594 2032 764 2102 extendere,
780 2047 806 2090 c.
827 2045 884 2105 m.;
900 2045 990 2090 secus
1006 2045 1036 2088 n.
1053 2045 1093 2087 m.
1115 2029 1194 2088 Licet
1208 2027 1287 2086 enim
1307 2026 1408 2085 matri-

229 2122 363 2182 monium
385 2127 483 2181 ratum
499 2122 536 2180 ab
556 2122 722 2181 intrinseco
741 2127 771 2181 et
787 2122 824 2180 de
841 2121 909 2195 iure
929 2119 1058 2180 naturali
1073 2118 1278 2178 conditionate
1294 2133 1354 2176 non
1370 2117 1411 2174 sit

229 2211 366 2285 solubile,
382 2218 481 2272 tamen
501 2212 540 2272 ab
554 2212 723 2271 extrinseco
737 2211 814 2271 solvi
829 2216 927 2286 potest
940 2214 1089 2284 potestate
1103 2224 1120 2267 a
1140 2208 1258 2267 Christo
1272 2212 1406 2282 accepia,

229 2301 308 2361 sicut
321 2306 350 2361 et
365 2302 490 2361 relaxari
506 2306 637 2374 possunt
650 2307 718 2359 vota
739 2305 769 2359 et
784 2299 965 2375 juramenta.
985 2299 1033 2358 Sic
1048 2297 1175 2372 angelus
1191 2296 1229 2355 ab
1244 2297 1409 2358 intrinseco

211 2399 275 2452 -est
286 2391 534 2465 incorruptibilis,
546 2396 575 2450 et
585 2395 684 2450 tamen
695 2391 732 2450 ab
743 2391 914 2450 extrinseco
927 2405 979 2462 per
993 2391 1133 2448 virtutem
1146 2387 1279 2446 divinam
1291 2386 1408 2446 destrui

227 2486 335 2556 potest.
360 2482 475 2540 Paritas
496 2496 514 2540 a
532 2481 662 2539 matrim.
684 2484 894 2540 consummato
911 2494 971 2538 nou
991 2483 1099 2552 urget:
1115 2491 1184 2535 narn
1201 2476 1229 2534 ei
1246 2476 1313 2549 jure
1334 2476 1408 2546 diu,

227 2572 349 2647 alligata
363 2578 411 2631 est
425 2571 607 2647 significatio
621 2571 745 2630 unionis
758 2573 909 2643 perpetue
927 2566 1036 2627 Christi
1050 2581 1119 2627 cum
1132 2566 1263 2626 Ecclesia
1278 2580 1331 2639 per
1343 2581 1409 2625 car-

228 2677 307 2732 nem,
323 2663 362 2720 ob
377 2663 458 2735 quod
473 2675 616 2735 magnum
636 2665 856 2720 sacramentum
874 2657 1007 2718 Ecclesia
1025 2669 1144 2731 semper
1157 2655 1269 2726 tenuit,
1286 2662 1315 2714 et
1329 2661 1411 2716 tenet

227 2751 419 2812 matrimonia
433 2755 643 2811 consummata
656 2750 790 2809 fidelium
803 2763 864 2808 non
878 2763 969 2824 posse
983 2747 1108 2807 dissolvi
1123 2763 1176 2821 per
1191 2747 1410 2820 professionem

227 2842 400 2917 religiosam
420 2842 467 2899 vei
488 2841 746 2914 dispensationem
767 2838 967 2914 pontificiam,
988 2837 1060 2897 iicet
1078 2836 1204 2896 dissolvi
1225 2836 1344 2910 possint
1357 2851 1411 2909 per

229 2933 334 3000 Deum,
351 2945 421 2988 cum
437 2933 518 2988 Deus
531 2929 582 3002 jus
602 2944 692 2987 suum
707 2928 881 3002 positivum,
901 2933 933 2996 ⁸et
950 2927 1001 3001 ius
1022 2927 1158 3010 naturale·
1171 2926 1410 2986 conditionatum

230 3020 364 3080 relaxare
378 3021 484 3094 possit.
506 3023 574 3079 iiaec
595 3025 695 3079 autem
710 3019 786 3077 ratio
802 3034 862 3077 non
878 3017 1016 3077 curritis
1032 3017 1224 3076 matrimonio
1238 3021 1313 3080 rato,
1329 3015 1410 3089 quod

231 3111 268 3169 ad
296 3124 449 3170 summum
469 3109 621 3185 significat
642 3109 786 3168 unionem
812 3108 921 3167 Christi
941 3123 1010 3167 cum
1038 3107 1139 3166 anima
1160 3106 1361 3181 pergratiam
1382 3110 1413 3164 ct

231 3200 415 3270 charitatem,
434 3215 488 3273 pro
510 3199 568 3258 boc
588 3204 669 3258 statu
687 3198 756 3256 ritae
777 3197 948 3258 solubilem.
967 3197 1010 3256 Ad
1030 3202 1055 3255 t.
1074 3200 1146 3273 Neg.
1163 3211 1240 3268 seq..
1256 3195 1328 3268 quia
1348 3207 1409 3252 non

232 3293 351 3349 constat
365 3289 492 3362 principi
508 3287 584 3347 laico
603 3287 682 3347 banc
702 3290 880 3361 potestatem
901 3301 972 3345 esse
992 3285 1165 3345 datam.1id
1187 3289 1214 3344 3.
1229 3287 1292 3343 Non
1312 3282 1413 3342 omnia

231 3393 298 3452 qua
313 3379 344 3436 in
360 3377 493 3436 Ecclesia
513 3376 690 3446 factasunt,
714 3375 826 3448 scripte
845 3374 1003 3434 babemus.
1028 3376 1106 3432 Dum
1127 3373 1287 3432 Pontifices
1308 3371 1412 3432 dicunt

232 3483 265 3527 se
279 3482 339 3525 non
353 3481 444 3541 posse
462 3466 651 3538 dispensare,
667 3479 770 3524 rerum
790 3467 846 3535 est,
863 3464 889 3523 si
909 3463 1029 3523 deficiat
1041 3465 1126 3538 justa
1147 3469 1177 3522 et
1194 3463 1294 3538 gravis
1309 3477 1412 3532 causa,

231 3557 297 3617 sine
317 3572 378 3630 qua
396 3555 493 3616 valide
510 3570 571 3613 non
593 3555 787 3628 dispensatur
807 3553 838 3612 in
856 3554 925 3628 iure
944 3554 1073 3614 naturali
1092 3560 1121 3612 et
1144 3553 1255 3613 divino.
1281 3555 1352 3612 Gan.
1378 3557 1412 3610 25

233 3644 367 3720 procedit
380 3644 416 3703 de
430 3643 621 3703 matrimonio
636 3648 864 3715 consummato;
880 3644 927 3702 rai
942 3643 968 3703 si
982 3644 1019 3703 de
1032 3650 1216 3716 rotomensis
1227 3643 1413 3718 ibialiegatae

233 3750 294 3794 non
316 3740 399 3794 erant
422 3733 609 3793 sufficientes
630 3733 667 3792 ad
690 3733 940 3807 dispensandum,
962 3749 1032 3794 cum
1047 3735 1167 3809 justitia
1188 3741 1217 3793 et
1233 3731 1415 3796 sufficientia

234 3839 334 3885 causae
349 3824 478 3883 maxime
490 3823 675 3882 desumendo
686 3823 726 3881 sit
736 3838 772 3882 ex
787 3822 1036 3894 circumstantiis
1052 3824 1218 3896 prasertim
1234 3823 1261 3882 si
1271 3823 1310 3881 ob
1325 3820 1413 3882 aliam

234 3929 357 3974 causam
372 3913 506 3972 altiorem
522 3928 584 3972 non
595 3913 733 3986 expediat
742 3912 929 3987 dispensatio
943 3913 1025 3972 bono
1039 3912 1171 3986 publico.
1184 3915 1215 3972 (1.
1231 3915 1249 3967 'i
1266 3915 1337 3970 etii
1350 3910 1415 3981 cit,

234 4005 265 4062 in
280 4019 340 4079 quo
355 4004 533 4076 proponitur
544 4003 692 4062 dubitatio
707 4003 744 4062 de
759 4002 910 4061 solutione
924 4003 1107 4061 matrimonii
1124 4003 1191 4074 rati,
1206 4003 1279 4062 dicit
1293 4001 1414 4076 quidem

235 4094 308 4155 iilud
324 4093 449 4153 dissolvi
469 4108 561 4167 posse
574 4108 628 4167 per
642 4093 862 4166 professionem
883 4093 1056 4167 religiosam
1064 4113 1074 4167 3
1094 4091 1331 4166 dispensationis
1345 4105 1415 4148 vero

235 4184 475 4258 apostoliceron
484 4183 630 4254 meminit,
640 4182 710 4258 quia
720 4183 756 4241 de
765 4182 821 4242 bac
830 4197 891 4241 non
907 4181 965 4242 fuit
974 4182 1036 4242 ulia
1050 4181 1189 4256 questio.
1206 4181 1293 4240 iiices
1307 4181 1414 4246 :Trid.‚

150 4265 154 4271 ’
236 4288 314 4332 sess.
339 4275 374 4330 Ei
396 4288 454 4345 pr,
476 4277 634 4345 postquam
656 4271 784 4330 dixisset
809 4269 992 4331 matrimonii
1016 4285 1128 4330 nexum
1148 4285 1218 4328 esse
1240 4273 1415 4342 perpetuum

236 4366 266 4420 et
278 4359 532 4431 indissolubilem,
546 4358 622 4418 nibil
641 4358 722 4417 aliud
736 4358 865 4431 excepit,
881 4358 940 4417 nisi
956 4359 1051 4418 solam
1067 4357 1286 4431 professionem
1298 4357 1417 4432 religio

237 4466 311 4522 sam,
327 4451 407 4524 quod
423 4464 476 4523 per
494 4449 573 4507 bane
586 4447 772 4507 dissolvatur
789 4448 1015 4508 matrimonium
1035 4453 1132 4508 ratum
1151 4447 1284 4506 fidelium
1299 4447 1375 4520 (cen.
1388 4451 1415 4512 6,

238 4539 334 4614 ibid),
354 4555 426 4615 ergo
446 4538 604 4598 manifeste
626 4538 755 4598 exclusit
774 4553 893 4598 omnem
913 4539 1015 4610 alium!
1027 4539 1193 4598 humanum
1212 4537 1334 4596 modum
1356 4550 1417 4608 quo

238 4636 340 4705 posset
353 4629 427 4688 solvi
444 4628 572 4688 matum.
590 4632 698 4687 ratum.
712 4631 801 4702 Eesp.
819 4633 1005 4703 Negocons,
1018 4644 1135 4688 ramex
1149 4627 1323 4688 definitione
1337 4626 1415 4685 frid.

240 4721 309 4796 pius
331 4735 392 4780 non
417 4719 565 4795 sequitur,
581 4718 640 4778 nisi
656 4731 717 4778 non
736 4733 805 4778 esse
827 4718 863 4778 de
883 4717 941 4779 fide
959 4724 1068 4794 Papam
1087 4719 1261 4794 dispensare
1279 4730 1368 4791 posse
1386 4716 1416 4775 in
