3418 5566
526 645 613 697 trena
634 651 763 706 poturus
784 645 1006 698 occurrimus.
1299 627 1358 694 387
1430 667 1438 688 .

188 761 426 852 Respondetur
439 785 531 850 neg„
547 767 626 833 licet
640 768 763 834 debeat
776 769 868 834 alere
888 765 1020 852 prolem
1040 783 1144 850 quam
1168 763 1297 830 femina
1316 783 1360 830 ex

188 893 229 941 eo
243 876 398 960 concepit
409 876 449 959 (c.
465 877 496 952 a,
511 876 560 941 Dc
575 895 612 942 eo
628 879 690 961 qui
704 877 824 961 durio.
845 878 911 942 Nec
925 875 1034 941 audiri
1049 873 1145 950 solet,
1164 873 1192 937 si
1206 876 1310 955 neget
1323 891 1360 936 se

188 1001 263 1049 csse
275 987 420 1066 patrem,
436 982 623 1049 dummodo
637 989 771 1050 constet
787 985 829 1050 de
844 983 1086 1058 fornicariarum
1109 981 1137 1045 si
1156 986 1272 1046 tamen
1286 996 1361 1062 pro-

186 1093 268 1158 bare
280 1098 397 1177 posset
410 1091 525 1176 plures
539 1110 618 1158 oum
633 1094 753 1159 eadem
767 1093 911 1158 muliere
925 1091 1169 1158 commercium
1187 1089 1358 1164 habuisse,

121 1197 124 1204 '
188 1205 420 1266 recurreretur
433 1201 476 1266 ad
491 1200 763 1266 circumstantias
786 1201 898 1266 delicti
913 1218 974 1264 scu
989 1200 1033 1265 ad
1047 1204 1182 1282 tempus
1197 1201 1313 1281 partus
1328 1200 1363 1258 et

188 1308 486 1391 physiognomiam
504 1309 620 1392 prolis.
644 1308 728 1386 lma,
749 1309 932 1393 aliquando
951 1312 1061 1374 statur
1071 1309 1268 1391 juramento
1289 1321 1363 1368 mu-

188 1415 291 1494 lieris,
310 1436 356 1482 ne
368 1415 483 1499 proles
495 1417 539 1482 ob
554 1416 723 1484 detectum
737 1416 979 1494 alimentorum
993 1420 1121 1499 pereat.

648 1644 713 1718 §lt
734 1643 775 1703 De
787 1648 901 1718 stupro.

509 1813 529 1864 l.
545 1811 617 1874 Quid
634 1814 663 1866 et
680 1813 833 1878 quotuplex
850 1813 887 1866 sit
901 1813 1049 1878 stuprum?

231 1957 262 2040 o)
276 1958 560 2044 Stuprumpctcrt
574 1962 682 2044 accipi
694 1961 764 2025 tote
775 1961 958 2025 velstrtcte.
975 1961 1300 2043 impraesumptum,
1315 1961 1368 2021 est

191 2066 326 2133 illicitus
341 2069 541 2134 concubitus
554 2087 633 2134 cum
645 2069 778 2151 virgine
793 2077 852 2134 aut
864 2069 967 2135 vidua
982 2070 1126 2134 honeste
1147 2069 1296 2132 vivente.
1318 2066 1368 2132 Ita

191 2177 339 2241 sumitur
353 2176 558 2264 quandoque
573 2177 609 2242 in
620 2179 698 2261 jure
707 2176 871 2244 Romano.
884 2178 916 2242 Ψ
931 2178 1055 2242 Stricte
1066 2181 1100 2242 et
1108 2177 1256 2260 proprie,
1266 2179 1369 2259 prout

192 2283 228 2349 in
250 2285 412 2367 praesenti
433 2285 584 2350 sectione
609 2285 781 2368 accipitur,
805 2290 859 2349 est
882 2283 997 2350 illicita
1018 2283 1161 2366 virginis
1180 2283 1365 2360 defloratio,

191 2410 260 2458 non
284 2394 499 2476 praecedente
519 2394 676 2477 pactione
698 2394 893 2478 conjugali:
912 2393 961 2458 ita
975 2393 1121 2457 sumitur
1137 2394 1172 2456 in
1189 2410 1320 2458 canone
1335 2391 1366 2470 2,

190 2501 351 2579 causa36,
364 2506 483 2586 quaest.
501 2502 529 2565 l.
542 2500 671 2586 ltaque,
688 2503 869 2567 utfeminae
880 2502 1052 2584 corruptio
1062 2507 1217 2585 stuprum
1225 2499 1366 2578 dicatur,

189 2609 373 2692 requiritur
387 2611 522 2674 animus
542 2611 707 2675 feminam
728 2609 915 2674 honestam
928 2609 1194 2685 contaminandi,
1212 2612 1247 2672 et
1267 2607 1368 2673 delic-

190 2721 264 2781 tum
280 2722 566 2796 consummatum,
579 2721 692 2783 etnon
708 2721 843 2782 tontum
857 2721 1073 2782 attentatum.
1088 2717 1121 2780 3ο
1133 2715 1367 2800 propriissime

191 2829 243 2888 est
257 2824 433 2890 defloratio
447 2821 600 2906 virginis,
617 2824 690 2908 ipsa
704 2825 822 2890 invita.
862 2873 866 2883 .

106 2977 114 2994 ,
230 2932 259 3014 ὁ)
276 2935 438 3015 Stuprum
451 2935 525 2998 tleri
537 2937 651 3018 potest
671 2934 717 3010 vi,
742 2933 861 2999 fraude
884 2934 940 2998 vel
959 2938 1055 2998 metu
1069 2933 1196 3017 injuste
1216 2932 1367 3012 incusso,

191 3044 250 3104 aut
259 3040 332 3106 sine
343 3041 428 3106 istis.
439 3041 477 3107 ln
486 3041 597 3125 primo
608 3059 700 3119 casu,
716 3041 851 3106 additur
859 3043 1074 3108 fornicationi
1088 3041 1231 3124 simplici
1240 3037 1370 3106 malitia

190 3147 375 3230 injustitiae.
392 3149 458 3214 Sed
474 3151 648 3233 quaritur,

234 3255 352 3320 Utmm
365 3265 520 3342 stuprum
536 3257 671 3322 illatum
686 3259 814 3344 uirpr'ni
832 3260 962 3324 volenti
978 3279 1018 3324 oc
1040 3259 1139 3326 libere
1151 3258 1371 3325 soluentienti

192 3363 1366 3450 addatfornicationz'molitr‘ominjustitioe?Primssententiaaltlrmat,

192 3487 235 3534 es
244 3471 386 3553 paritate
394 3490 474 3537 cum
486 3479 596 3557 raptu,
611 3474 669 3559 qui
681 3475 857 3558 injustitiae
872 3481 1049 3558 peccatum
1060 3477 1223 3554 continet,
1235 3475 1369 3540 etiamsi

192 3577 305 3660 puella
318 3581 510 3646 consentiat
523 3581 559 3645 in
575 3583 777 3666 surreptum
793 3603 800 3646 ε
817 3583 945 3648 etenim
973 3584 1009 3646 in
1024 3588 1122 3666 raptu
1143 3583 1292 3648 violatur
1311 3587 1369 3667 jus

192 3687 308 3769 patriae
320 3691 509 3771 potestatis.
523 3691 637 3757 Altera
652 3693 824 3758 sententia
840 3693 954 3757 verior
968 3697 1082 3774 negat,
1108 3711 1187 3756 cum
1212 3692 1307 3758 nulla
1321 3693 1370 3757 in·

189 3796 281 3877 juria
295 3796 461 3862 inferatur
470 3797 518 3862 illi
532 3799 667 3881 virgini,
686 3801 766 3884 quia
777 3799 906 3864 volenti
919 3799 1013 3864 nulla
1025 3801 1065 3863 tlt
1078 3800 1214 3884 injuria,
1237 3819 1301 3866 nec
1313 3819 1371 3883 pa·
1448 3787 1456 3798 ’

193 3902 345 3968 rentibus
362 3905 508 3981 molatae,
525 3923 604 3970 cum
615 3909 673 3990 J'us
685 3905 818 3971 nullum
833 3907 983 3971 habeant
993 3908 1029 3973 in
1045 3925 1169 3992 corpus
1190 3908 1268 3972 tlliae
1285 3927 1366 3972 suae.

194 4009 251 4075 Hic
261 4027 359 4076 casus
369 4015 439 4078 tere
459 4015 618 4079 coincidit
634 4033 713 4079 cum
728 4015 885 4098 superius
905 4017 1099 4082 examinato
1115 4017 1151 4080 in
1165 4015 1371 4100 praecedenti

193 4118 543 4203 paragraph03solnm
552 4122 732 4187 discrimen
740 4123 896 4188 consistit
904 4124 939 4187 in
949 4142 990 4189 eo
999 4124 1134 4207 quodin
1141 4143 1293 4208 praesens
1301 4124 1372 4206 sgi-

195 4230 251 4290 tur
264 4227 306 4292 de
317 4229 460 4312 virgins,
475 4230 558 4295 dum
573 4249 676 4314 supra
691 4251 803 4298 sermo
819 4238 892 4298 erat
903 4233 946 4298 de
956 4233 1100 4298 muliere
1112 4236 1185 4318 jam
1200 4239 1370 4317 corrupta.

655 4413 687 4464 ll.
703 4413 795 4466 Plena
809 4413 908 4478 stupri.

236 4557 268 4642 a)
279 4553 326 4622 lle
334 4555 412 4642 jure
426 4555 516 4632 civili
528 4554 695 4636 Romano,
713 4558 745 4621 1⁰
759 4575 861 4643 poena
876 4557 1077 4641 stupratorIs
1093 4557 1150 4642 qui
1162 4557 1292 4626 nullam
1301 4559 1372 4626 vim

196 4665 359 4742 adhibuit,
383 4671 456 4731 erat
472 4664 656 4749 publicatio
678 4665 825 4730 dimidiae
844 4666 950 4749 partis
965 4665 1145 4744 bonorum,
1162 4669 1298 4752 quonum
1318 4670 1373 4737 hic

198 4780 270 4840 erat
286 4776 440 4842 honesta
461 4775 688 4851 conditionis;
716 4775 743 4838 si
768 4774 896 4840 vilioris
925 4775 1140 4854 conditionis,
1169 4797 1272 4862 pruna
1300 4785 1375 4846 erat·
