3412 5570
529 711 617 756 traua
638 709 766 765 oursrus
788 708 1013 754 nucnsrmruu.
1306 689 1366 756 475

193 825 240 889 sic
259 843 365 906 agens
378 825 524 890 habetur
544 831 582 889 ut
595 829 753 910 perjurus
774 831 808 888 et
823 825 968 899 infamis,
984 829 1018 888 et
1033 825 1074 888 ab
1088 825 1188 889 olllcii
1204 825 1257 888 sui
1272 843 1367 889 exse-

192 936 328 999 cutione
344 940 397 998 est
411 936 623 1000 amovendus
641 937 681 1018 (c.
698 937 718 1000 6
732 936 766 999 h.
784 936 832 1017 t).

231 1043 263 1106 4⁰
279 1043 420 1120 Quando
433 1043 550 1127 plures.
562 1044 673 1109 clerici
688 1045 760 1109 sine
777 1062 947 1108 consensu
963 1043 1092 1127 praelati
1114 1044 1176 1107 sibi
1193 1043 1322 1107 fuciunt
1333 1033 1381 1108 et'

193 1157 359 1236 usurpant
379 1170 562 1216 commune
578 1153 737 1234 sigillum,
759 1152 891 1236 aliaque
912 1153 1133 1234 collegiorum
1149 1155 1228 1235 jura
1244 1159 1282 1232 (o.
1298 1153 1365 1232 tt);

194 1261 272 1343 quia
288 1277 357 1323 non
371 1259 583 1324 constituunt
597 1279 716 1344 reapse
730 1279 838 1324 unum
854 1277 989 1343 corpus,
1002 1260 1073 1324 sive
1089 1259 1282 1340 collegium,
1296 1259 1367 1325 sive

193 1366 388 1450 capitulum.

233 1475 265 1538 5⁰
275 1475 325 1539 Fit
339 1493 498 1540 excessus
511 1476 581 1539 sive
595 1476 637 1540 ab
652 1477 879 1553 interioribus,
892 1479 963 1541 sive
975 1478 1078 1542 etiam
1091 1476 1280 1560 emaciatis,
1298 1481 1368 1541 tam

194 1582 405 1663 regularibus
420 1602 523 1666 quam
538 1585 766 1660 sacularibus,
784 1585 811 1648 si
827 1585 999 1650 violentur
1016 1584 1181 1649 clausura
1197 1589 1369 1649 monaste-

193 1691 321 1755 riorum
334 1709 396 1774 per
409 1691 602 1772 ingressum
616 1697 651 1756 ct
664 1710 843 1773 egressum
857 1693 930 1756 sine
946 1693 1059 1756 debita
1071 1693 1219 1757 licentia.

545 2095 549 2105 ¹
578 2081 594 2112 *
613 2079 799 2156 TITULUS
837 2081 981 2154 XXXII.

509 2269 547 2313 DE
569 2267 639 2314 XOVl
661 2269 767 2314 OPERIS
788 2263 1059 2338 admistionum.

235 2571 353 2637 Modus
363 2571 484 2656 aliquis
498 2572 708 2655 particularis
719 2590 786 2656 quo
800 2571 965 2638 excedere
976 2577 1122 2656 possunt
1137 2571 1279 2664 praelati,
1294 2587 1371 2634 con-

197 2681 285 2744 sistit
299 2681 334 2743 in
351 2681 574 2760 aedisscatione
589 2681 750 2756 ecolesiae,
767 2683 978 2758 monasterii,
994 2686 1057 2746 ato.
1080 2681 1116 2744 in
1137 2679 1372 2763 praeJudioium

197 2787 426 2864 ecclesiarum,
452 2788 633 2852 domorum
655 2789 800 2872 piarum,
826 2783 888 2852 etc.
913 2789 1122 2862 vicinarum3
1148 2806 1252 2870 quare
1273 2804 1372 2868 supe-

196 2895 277 2958 riori
291 2894 388 2958 titulo
404 2895 595 2959 adnectitur
608 2913 760 2976 praesens
775 2895 818 2959 de
833 2895 914 2959 novi
929 2897 1041 2978 operis
1058 2895 1283 2959 nuntiatione.

346 3081 365 3130 1.
381 3076 454 3140 Quid
467 3077 504 3130 sit
515 3078 544 3130 et
556 3089 573 3130 a
587 3089 643 3142 quo
658 3089 691 3130 ac
706 3079 905 3143 contraquam
920 3079 970 3130 liat
986 3077 1047 3130 hac
1062 3045 1222 3131 nuntiatio?

239 3225 271 3308 a)
285 3224 369 3288 Novi
387 3224 500 3307 operis
519 3223 687 3293 nuntiatio
708 3228 761 3287 est
779 3224 934 3304 legitima
952 3223 1133 3307 prohibitio
1154 3241 1198 3286 ne
1218 3215 1371 3300 ecclesia,

197 3331 455 3406 monasterium,
468 3329 523 3393 vel
533 3328 624 3394 aliud
635 3347 764 3394 novum
776 3349 863 3414 opus
875 3335 1081 3405 exstruatur,
1091 3335 1150 3394 aut
1160 3334 1373 3392 exstructum

198 3440 408 3514 immutetur,
423 3437 531 3502 donec
542 3437 731 3501 constiterit
748 3437 788 3502 de
799 3437 996 3502 aedisscantis
1004 3441 1081 3521 Jure
1095 3458 1102 3500 :
1114 3438 1186 3501 baec
1199 3438 1374 3521 praescrip-

198 3547 245 3610 tio
258 3547 345 3630 juris
365 3545 508 3609 Romani
527 3545 593 3607 fuit
611 3549 747 3628 recepta
767 3545 803 3608 in
821 3548 898 3626 jure
920 3546 1084 3610 canonico
1105 3565 1111 3607 :
1131 3569 1145 3601 κ
1166 3543 1259 3608 Sicut
1277 3544 1373 3625 leges

197 3673 269 3719 non
290 3653 517 3735 dedignantur
531 3652 587 3717 SS.
606 3671 755 3718 canones
777 3654 912 3729 imitari,
937 3655 1030 3719 itaet
1053 3653 1108 3717 SS.
1131 3656 1258 3716 statuta
1272 3669 1374 3716 cano-

198 3781 281 3826 num
296 3762 486 3845 principum
499 3762 799 3842 constitutionibus
813 3762 1030 3844 adjuvantur,
1045 3786 1060 3819 ›>
1073 3767 1112 3825 ut
1122 3777 1282 3843 expresse
1292 3759 1375 3842 legi·

197 3889 275 3933 mus
293 3870 329 3932 in
343 3887 370 3932 c.
390 3871 406 3932 t
429 3870 469 3964 h.¹
484 3875 527 3944 t.;
547 3871 619 3933 baec
638 3870 743 3933 verba
758 3875 796 3932 ut
816 3870 952 3934 axioma
971 3871 1058 3952 juris
1077 3869 1217 3932 luerunt
1238 3886 1374 3951 semper

198 3977 420 4041 considerata.
437 3975 496 4040 llle
516 3994 598 4057 ergo
617 3977 752 4041 nuntiat
774 3994 835 4040 seu
856 3975 1034 4040 denuntiat
1053 3994 1182 4040 novum
1206 3993 1294 4058 opus
1315 3975 1373 4057 qui

197 4085 354 4167 prohibet
366 4102 410 4147 ne
427 4085 486 4147 fiat
503 4081 567 4147 tale
582 4102 667 4167 opus
683 4102 823 4148 novum.
840 4084 926 4160 Quid
945 4085 1080 4167 proprie
1102 4083 1217 4148 veniat
1231 4081 1371 4146 nomine

198 4193 279 4255 novi
295 4191 417 4274 operis,
433 4190 586 4256 indicant
597 4191 831 4274 jurisconsulti
848 4196 882 4255 et
895 4192 1092 4256 canonistae.

239 4299 270 4381 b)
282 4299 415 4362 Novum
435 4317 521 4380 opus
538 4298 695 4363 nuntiare
711 4303 824 4382 potest
839 4298 980 4382 quilibet
994 4299 1036 4362 de
1050 4295 1188 4380 populo,
1209 4297 1237 4359 si
1253 4301 1375 4378 agatur

200 4407 241 4470 de
261 4423 352 4470 novo
367 4423 469 4488 opere
484 4407 572 4470 circa
585 4425 641 4470 res
658 4406 810 4489 publicas
831 4425 892 4471 seu
912 4408 947 4470 in
966 4405 1201 4490 praejudicium
1217 4403 1296 4469 boni
1312 4423 1374 4486 pu-

199 4509 292 4582 blici;
309 4509 430 4572 sivero
441 4507 774 4573 aedidoiumsitciroa
785 4509 1009 4590 resprivatas‚
1023 4507 1375 4589 denuntiarepossunt

199 4617 245 4684 illi
262 4635 382 4684 omnes
397 4615 518 4704 quibus
536 4615 699 4684 damnum
715 4617 953 4707 quovismodo
968 4615 1134 4692 imminet,
1152 4633 1212 4682 seu
1228 4632 1374 4703 quorum

231 4850 266 4924 (t)
282 4850 313 4906 ln
325 4849 406 4908 Pend.
423 4852 449 4904 ct
463 4847 526 4908 God.
543 4847 571 4902 h.
583 4849 602 4902 t.
