<?xml version="1.0" encoding="UTF-8"?>
<!DOCTYPE html PUBLIC "-//W3C//DTD XHTML 1.0 Transitional//EN"
    "http://www.w3.org/TR/xhtml1/DTD/xhtml1-transitional.dtd">
<html xmlns="http://www.w3.org/1999/xhtml" xml:lang="en" lang="en">
 <head>
  <title>
</title>
<meta http-equiv="Content-Type" content="text/html;charset=utf-8" />
  <meta name='ocr-system' content='tesseract 3.04.00' />
  <meta name='ocr-capabilities' content='ocr_page ocr_carea ocr_par ocr_line ocrx_word'/>
</head>
<body>
  <div class='ocr_page' id='page_1' title='image "./juscanonicumjux01grangoog/juscanonicumjux01grangoog_0098.png"; bbox 0 0 3508 5568; ppageno 0'>
   <div class='ocr_carea' id='block_1_1' title="bbox 343 521 1055 586">
    <p class='ocr_par' dir='ltr' id='par_1_1' title="bbox 343 521 1055 586">
     <span class='ocr_line' id='line_1_1' title="bbox 343 521 1055 586; baseline -0.006 -2"><span class='ocrx_word' id='word_1_1' title='bbox 343 521 383 584; x_wconf 89' lang='lat'><strong>88</strong></span> <span class='ocrx_word' id='word_1_2' title='bbox 640 558 643 567; x_wconf 48' lang='grc' dir='ltr'><em>ι</em></span> <span class='ocrx_word' id='word_1_3' title='bbox 802 537 856 586; x_wconf 81' lang='lat' dir='ltr'><strong>sus</strong></span> <span class='ocrx_word' id='word_1_4' title='bbox 876 535 1055 585; x_wconf 82' lang='lat' dir='ltr'><strong>mromoorr.</strong></span> 
     </span>
    </p>
   </div>
   <div class='ocr_carea' id='block_1_2' title="bbox 345 653 1523 2683">
    <p class='ocr_par' dir='ltr' id='par_1_2' title="bbox 345 653 1523 2683">
     <span class='ocr_line' id='line_1_2' title="bbox 346 653 1512 740; baseline -0.002 -18"><span class='ocrx_word' id='word_1_5' title='bbox 346 656 589 738; x_wconf 79' lang='lat' dir='ltr'><strong>obligationem</strong></span> <span class='ocrx_word' id='word_1_6' title='bbox 610 657 852 739; x_wconf 81' lang='lat' dir='ltr'><strong>praesupponit,</strong></span> <span class='ocrx_word' id='word_1_7' title='bbox 877 656 975 740; x_wconf 89' lang='lat' dir='ltr'><strong>eique</strong></span> <span class='ocrx_word' id='word_1_8' title='bbox 999 653 1110 720; x_wconf 88' lang='lat' dir='ltr'><strong>solum</strong></span> <span class='ocrx_word' id='word_1_9' title='bbox 1134 672 1221 720; x_wconf 92' lang='lat' dir='ltr'><strong>onus</strong></span> <span class='ocrx_word' id='word_1_10' title='bbox 1242 653 1357 738; x_wconf 75' lang='lat' dir='ltr'><strong>adJieit</strong></span> <span class='ocrx_word' id='word_1_11' title='bbox 1379 655 1412 736; x_wconf 83' lang='lat' dir='ltr'><strong>(l.</strong></span> <span class='ocrx_word' id='word_1_12' title='bbox 1427 655 1451 720; x_wconf 70' lang='lat' dir='ltr'><strong>&#39;l</strong></span> <span class='ocrx_word' id='word_1_13' title='bbox 1477 660 1512 722; x_wconf 86' lang='lat' dir='ltr'><strong>et</strong></span> 
     </span>
     <span class='ocr_line' id='line_1_3' title="bbox 346 762 1519 850; baseline 0 -22"><span class='ocrx_word' id='word_1_14' title='bbox 346 783 430 850; x_wconf 75' lang='lat' dir='ltr'><strong>seq,</strong></span> <span class='ocrx_word' id='word_1_15' title='bbox 453 781 481 828; x_wconf 86' lang='lat' dir='ltr'><strong>e.</strong></span> <span class='ocrx_word' id='word_1_16' title='bbox 509 764 550 828; x_wconf 88' lang='lat' dir='ltr'><strong>de</strong></span> <span class='ocrx_word' id='word_1_17' title='bbox 573 764 696 828; x_wconf 78' lang='lat' dir='ltr'><strong>Donat.</strong></span> <span class='ocrx_word' id='word_1_18' title='bbox 725 765 786 828; x_wconf 81' lang='lat' dir='ltr'><strong>sed</strong></span> <span class='ocrx_word' id='word_1_19' title='bbox 806 764 934 846; x_wconf 84' lang='lat' dir='ltr'><strong>modo);</strong></span> <span class='ocrx_word' id='word_1_20' title='bbox 959 763 987 827; x_wconf 91' lang='lat' dir='ltr'><strong>si</strong></span> <span class='ocrx_word' id='word_1_21' title='bbox 1007 763 1130 828; x_wconf 90' lang='lat' dir='ltr'><strong>modus</strong></span> <span class='ocrx_word' id='word_1_22' title='bbox 1153 763 1197 827; x_wconf 87' lang='lat' dir='ltr'><strong>sit</strong></span> <span class='ocrx_word' id='word_1_23' title='bbox 1214 762 1432 846; x_wconf 90' lang='lat' dir='ltr'><strong>impossibilis</strong></span> <span class='ocrx_word' id='word_1_24' title='bbox 1459 769 1519 828; x_wconf 91' lang='lat' dir='ltr'><strong>aut</strong></span> 
     </span>
     <span class='ocr_line' id='line_1_4' title="bbox 345 861 1518 956; baseline 0 -20"><span class='ocrx_word' id='word_1_25' title='bbox 345 861 944 956; x_wconf 78' lang='lat' dir='ltr'><strong>turpisveloentrsriussubstantiae</strong></span> <span class='ocrx_word' id='word_1_26' title='bbox 957 871 1178 949; x_wconf 77' lang='lat' dir='ltr'><strong>matrimonii,</strong></span> <span class='ocrx_word' id='word_1_27' title='bbox 1200 872 1345 936; x_wconf 89' lang='lat' dir='ltr'><strong>babetur</strong></span> <span class='ocrx_word' id='word_1_28' title='bbox 1364 888 1426 955; x_wconf 91' lang='lat' dir='ltr'><strong>pre</strong></span> <span class='ocrx_word' id='word_1_29' title='bbox 1449 891 1518 936; x_wconf 92' lang='lat' dir='ltr'><strong>non</strong></span> 
     </span>
     <span class='ocr_line' id='line_1_5' title="bbox 345 978 1519 1064; baseline -0.001 -19"><span class='ocrx_word' id='word_1_30' title='bbox 345 980 489 1062; x_wconf 86' lang='lat' dir='ltr'><strong>adjecto,</strong></span> <span class='ocrx_word' id='word_1_31' title='bbox 505 979 688 1064; x_wconf 88' lang='lat' dir='ltr'><strong>quianulla</strong></span> <span class='ocrx_word' id='word_1_32' title='bbox 700 985 754 1046; x_wconf 89' lang='lat' dir='ltr'><strong>est</strong></span> <span class='ocrx_word' id='word_1_33' title='bbox 768 979 929 1062; x_wconf 79' lang='lat' dir='ltr'><strong>obligatio</strong></span> <span class='ocrx_word' id='word_1_34' title='bbox 939 978 983 1045; x_wconf 88' lang='lat' dir='ltr'><strong>ad</strong></span> <span class='ocrx_word' id='word_1_35' title='bbox 1000 978 1210 1062; x_wconf 87' lang='lat' dir='ltr'><strong>impossibile</strong></span> <span class='ocrx_word' id='word_1_36' title='bbox 1221 983 1255 1044; x_wconf 90' lang='lat' dir='ltr'><strong>et</strong></span> <span class='ocrx_word' id='word_1_37' title='bbox 1265 984 1363 1064; x_wconf 90' lang='lat' dir='ltr'><strong>turpe</strong></span> <span class='ocrx_word' id='word_1_38' title='bbox 1375 979 1519 1044; x_wconf 79' lang='lat' dir='ltr'><strong>velcon-</strong></span> 
     </span>
     <span class='ocr_line' id='line_1_6' title="bbox 346 1086 1519 1171; baseline 0 -19"><span class='ocrx_word' id='word_1_39' title='bbox 346 1089 487 1153; x_wconf 89' lang='lat' dir='ltr'><strong>trarium</strong></span> <span class='ocrx_word' id='word_1_40' title='bbox 508 1089 726 1153; x_wconf 89' lang='lat' dir='ltr'><strong>matrimonio</strong></span> <span class='ocrx_word' id='word_1_41' title='bbox 746 1090 819 1171; x_wconf 85' lang='lat' dir='ltr'><strong>jam</strong></span> <span class='ocrx_word' id='word_1_42' title='bbox 841 1088 877 1152; x_wconf 93' lang='lat' dir='ltr'><strong>in</strong></span> <span class='ocrx_word' id='word_1_43' title='bbox 899 1105 935 1152; x_wconf 90' lang='lat' dir='ltr'><strong>se</strong></span> <span class='ocrx_word' id='word_1_44' title='bbox 959 1091 1143 1152; x_wconf 80' lang='lat' dir='ltr'><strong>eontracta.</strong></span> <span class='ocrx_word' id='word_1_45' title='bbox 1172 1086 1341 1154; x_wconf 79' lang='lat' dir='ltr'><strong>Causast</strong></span> <span class='ocrx_word' id='word_1_46' title='bbox 1365 1088 1519 1152; x_wconf 82' lang='lat' dir='ltr'><strong>demons-</strong></span> 
     </span>
     <span class='ocr_line' id='line_1_7' title="bbox 346 1193 1520 1278; baseline -0.002 -18"><span class='ocrx_word' id='word_1_47' title='bbox 346 1196 448 1260; x_wconf 81' lang='lat' dir='ltr'><strong>tratio</strong></span> <span class='ocrx_word' id='word_1_48' title='bbox 465 1213 536 1260; x_wconf 91' lang='lat' dir='ltr'><strong>non</strong></span> <span class='ocrx_word' id='word_1_49' title='bbox 548 1200 703 1278; x_wconf 79' lang='lat' dir='ltr'><strong>spectant</strong></span> <span class='ocrx_word' id='word_1_50' title='bbox 726 1195 769 1260; x_wconf 89' lang='lat' dir='ltr'><strong>ad</strong></span> <span class='ocrx_word' id='word_1_51' title='bbox 788 1196 860 1260; x_wconf 88' lang='lat' dir='ltr'><strong>vim</strong></span> <span class='ocrx_word' id='word_1_52' title='bbox 873 1193 1098 1270; x_wconf 78' lang='lat' dir='ltr'><strong>matrimonii,</strong></span> <span class='ocrx_word' id='word_1_53' title='bbox 1116 1193 1177 1260; x_wconf 87' lang='lat' dir='ltr'><strong>sed</strong></span> <span class='ocrx_word' id='word_1_54' title='bbox 1195 1199 1329 1260; x_wconf 90' lang='lat' dir='ltr'><strong>tantum</strong></span> <span class='ocrx_word' id='word_1_55' title='bbox 1348 1195 1520 1260; x_wconf 75' lang='lat' dir='ltr'><strong>declarant</strong></span> 
     </span>
     <span class='ocr_line' id='line_1_8' title="bbox 345 1302 1518 1389; baseline 0 -19"><span class='ocrx_word' id='word_1_56' title='bbox 345 1305 542 1389; x_wconf 80' lang='lat' dir='ltr'><strong>opinionem</strong></span> <span class='ocrx_word' id='word_1_57' title='bbox 563 1322 665 1388; x_wconf 89' lang='lat' dir='ltr'><strong>quam</strong></span> <span class='ocrx_word' id='word_1_58' title='bbox 679 1304 883 1368; x_wconf 78' lang='lat' dir='ltr'><strong>contrahens</strong></span> <span class='ocrx_word' id='word_1_59' title='bbox 897 1303 1001 1369; x_wconf 87' lang='lat' dir='ltr'><strong>babet</strong></span> <span class='ocrx_word' id='word_1_60' title='bbox 1019 1303 1061 1367; x_wconf 90' lang='lat' dir='ltr'><strong>de</strong></span> <span class='ocrx_word' id='word_1_61' title='bbox 1078 1302 1196 1379; x_wconf 89' lang='lat' dir='ltr'><strong>altero,</strong></span> <span class='ocrx_word' id='word_1_62' title='bbox 1214 1307 1249 1367; x_wconf 86' lang='lat' dir='ltr'><strong>et</strong></span> <span class='ocrx_word' id='word_1_63' title='bbox 1263 1302 1433 1387; x_wconf 84' lang='lat' dir='ltr'><strong>quoddam</strong></span> <span class='ocrx_word' id='word_1_64' title='bbox 1447 1322 1518 1370; x_wconf 91' lang='lat' dir='ltr'><strong>mo·</strong></span> 
     </span>
     <span class='ocr_line' id='line_1_9' title="bbox 346 1408 1517 1478; baseline -0.003 -1"><span class='ocrx_word' id='word_1_65' title='bbox 346 1413 455 1478; x_wconf 88' lang='lat' dir='ltr'><strong>tivum</strong></span> <span class='ocrx_word' id='word_1_66' title='bbox 469 1411 511 1476; x_wconf 90' lang='lat' dir='ltr'><strong>ad</strong></span> <span class='ocrx_word' id='word_1_67' title='bbox 525 1410 795 1476; x_wconf 75' lang='lat' dir='ltr'><strong>contrahendum</strong></span> <span class='ocrx_word' id='word_1_68' title='bbox 810 1409 960 1475; x_wconf 79' lang='lat' dir='ltr'><strong>alliciens</strong></span> <span class='ocrx_word' id='word_1_69' title='bbox 975 1409 1160 1474; x_wconf 88' lang='lat' dir='ltr'><strong>insinuant.</strong></span> <span class='ocrx_word' id='word_1_70' title='bbox 1173 1408 1267 1474; x_wconf 87' lang='lat' dir='ltr'><strong>Unde</strong></span> <span class='ocrx_word' id='word_1_71' title='bbox 1283 1410 1402 1474; x_wconf 88' lang='lat' dir='ltr'><strong>tritum</strong></span> <span class='ocrx_word' id='word_1_72' title='bbox 1413 1409 1495 1475; x_wconf 90' lang='lat' dir='ltr'><strong>illud</strong></span> <span class='ocrx_word' id='word_1_73' title='bbox 1509 1432 1517 1474; x_wconf 77' lang='grc' dir='ltr'><strong>ι</strong></span> 
     </span>
     <span class='ocr_line' id='line_1_10' title="bbox 346 1517 1521 1596; baseline 0.003 -18"><span class='ocrx_word' id='word_1_74' title='bbox 346 1547 362 1579; x_wconf 74' lang='lat' dir='ltr'><strong>a</strong></span> <span class='ocrx_word' id='word_1_75' title='bbox 372 1519 468 1586; x_wconf 80' lang='lat' dir='ltr'><strong>Falsa</strong></span> <span class='ocrx_word' id='word_1_76' title='bbox 478 1519 722 1586; x_wconf 85' lang='lat' dir='ltr'><strong>demonstratio</strong></span> <span class='ocrx_word' id='word_1_77' title='bbox 731 1537 797 1584; x_wconf 93' lang='lat' dir='ltr'><strong>non</strong></span> <span class='ocrx_word' id='word_1_78' title='bbox 806 1519 902 1584; x_wconf 87' lang='lat' dir='ltr'><strong>vitiat</strong></span> <span class='ocrx_word' id='word_1_79' title='bbox 911 1524 1037 1595; x_wconf 85' lang='lat' dir='ltr'><strong>aetum,</strong></span> <span class='ocrx_word' id='word_1_80' title='bbox 1048 1545 1064 1578; x_wconf 89' lang='lat'>»</span> <span class='ocrx_word' id='word_1_81' title='bbox 1074 1517 1117 1583; x_wconf 77' lang='lat' dir='ltr'><strong>ex</strong></span> <span class='ocrx_word' id='word_1_82' title='bbox 1128 1519 1185 1583; x_wconf 92' lang='lat' dir='ltr'><strong>lib.</strong></span> <span class='ocrx_word' id='word_1_83' title='bbox 1200 1519 1323 1596; x_wconf 83' lang='lat' dir='ltr'>XXXV,</span> <span class='ocrx_word' id='word_1_84' title='bbox 1336 1519 1372 1582; x_wconf 83' lang='lat' dir='ltr'><strong>ll.</strong></span> <span class='ocrx_word' id='word_1_85' title='bbox 1386 1519 1426 1582; x_wconf 86' lang='lat' dir='ltr'><strong>de</strong></span> <span class='ocrx_word' id='word_1_86' title='bbox 1436 1518 1521 1584; x_wconf 83' lang='lat' dir='ltr'><strong>Con-</strong></span> 
     </span>
     <span class='ocr_line' id='line_1_11' title="bbox 347 1625 1521 1712; baseline -0.002 -20"><span class='ocrx_word' id='word_1_87' title='bbox 347 1628 407 1692; x_wconf 85' lang='lat' dir='ltr'><strong>dit.</strong></span> <span class='ocrx_word' id='word_1_88' title='bbox 428 1634 460 1691; x_wconf 86' lang='lat' dir='ltr'><strong>et</strong></span> <span class='ocrx_word' id='word_1_89' title='bbox 477 1627 658 1692; x_wconf 82' lang='lat' dir='ltr'><strong>demonstr.</strong></span> <span class='ocrx_word' id='word_1_90' title='bbox 680 1626 755 1690; x_wconf 84' lang='lat' dir='ltr'><strong>Dixi</strong></span> <span class='ocrx_word' id='word_1_91' title='bbox 770 1645 833 1712; x_wconf 86' lang='lat' dir='ltr'><strong>per</strong></span> <span class='ocrx_word' id='word_1_92' title='bbox 852 1645 902 1702; x_wconf 85' lang='lat' dir='ltr'><strong>se,</strong></span> <span class='ocrx_word' id='word_1_93' title='bbox 920 1643 1000 1690; x_wconf 91' lang='lat' dir='ltr'><strong>nam</strong></span> <span class='ocrx_word' id='word_1_94' title='bbox 1019 1644 1081 1710; x_wconf 86' lang='lat' dir='ltr'><strong>per</strong></span> <span class='ocrx_word' id='word_1_95' title='bbox 1100 1625 1256 1690; x_wconf 87' lang='lat' dir='ltr'><strong>aeeideus</strong></span> <span class='ocrx_word' id='word_1_96' title='bbox 1278 1627 1389 1690; x_wconf 90' lang='lat' dir='ltr'><strong>vitiari</strong></span> <span class='ocrx_word' id='word_1_97' title='bbox 1407 1631 1521 1710; x_wconf 85' lang='lat' dir='ltr'><strong>petest</strong></span> 
     </span>
     <span class='ocr_line' id='line_1_12' title="bbox 346 1733 1520 1816; baseline -0.002 -16"><span class='ocrx_word' id='word_1_98' title='bbox 346 1734 613 1810; x_wconf 87' lang='lat' dir='ltr'><strong>matrimonium,</strong></span> <span class='ocrx_word' id='word_1_99' title='bbox 626 1733 682 1798; x_wconf 88' lang='lat' dir='ltr'><strong>vel</strong></span> <span class='ocrx_word' id='word_1_100' title='bbox 696 1733 876 1816; x_wconf 87' lang='lat' dir='ltr'><strong>ejusvaler</strong></span> <span class='ocrx_word' id='word_1_101' title='bbox 885 1733 1046 1816; x_wconf 83' lang='lat' dir='ltr'><strong>suspendi</strong></span> <span class='ocrx_word' id='word_1_102' title='bbox 1057 1753 1064 1796; x_wconf 92' lang='lat'><strong>:</strong></span> <span class='ocrx_word' id='word_1_103' title='bbox 1075 1734 1106 1796; x_wconf 85' lang='grc' dir='ltr'><strong>1ο</strong></span> <span class='ocrx_word' id='word_1_104' title='bbox 1116 1733 1144 1798; x_wconf 92' lang='lat' dir='ltr'><strong>si</strong></span> <span class='ocrx_word' id='word_1_105' title='bbox 1156 1733 1279 1799; x_wconf 91' lang='lat' dir='ltr'><strong>modus</strong></span> <span class='ocrx_word' id='word_1_106' title='bbox 1289 1733 1411 1798; x_wconf 89' lang='lat' dir='ltr'><strong>induat</strong></span> <span class='ocrx_word' id='word_1_107' title='bbox 1424 1739 1520 1798; x_wconf 86' lang='lat' dir='ltr'><strong>natu-</strong></span> 
     </span>
     <span class='ocr_line' id='line_1_13' title="bbox 345 1839 1519 1917; baseline 0 -11"><span class='ocrx_word' id='word_1_108' title='bbox 345 1860 420 1906; x_wconf 87' lang='lat' dir='ltr'><strong>ram</strong></span> <span class='ocrx_word' id='word_1_109' title='bbox 431 1841 645 1916; x_wconf 87' lang='lat' dir='ltr'><strong>eenditionis,</strong></span> <span class='ocrx_word' id='word_1_110' title='bbox 658 1841 705 1908; x_wconf 87' lang='lat' dir='ltr'><strong>ita</strong></span> <span class='ocrx_word' id='word_1_111' title='bbox 718 1841 970 1906; x_wconf 76' lang='lat' dir='ltr'><strong>utcontrahens</strong></span> <span class='ocrx_word' id='word_1_112' title='bbox 984 1839 1070 1905; x_wconf 90' lang='lat' dir='ltr'><strong>nolit</strong></span> <span class='ocrx_word' id='word_1_113' title='bbox 1082 1840 1195 1906; x_wconf 85' lang='lat' dir='ltr'><strong>valera</strong></span> <span class='ocrx_word' id='word_1_114' title='bbox 1209 1845 1436 1917; x_wconf 74' lang='lat' dir='ltr'><strong>conuectum,</strong></span> <span class='ocrx_word' id='word_1_115' title='bbox 1454 1841 1519 1906; x_wconf 89' lang='lat' dir='ltr'><strong>nisi</strong></span> 
     </span>
     <span class='ocr_line' id='line_1_14' title="bbox 347 1949 1519 2035; baseline 0.001 -22"><span class='ocrx_word' id='word_1_116' title='bbox 347 1950 470 2016; x_wconf 86' lang='lat' dir='ltr'><strong>existat</strong></span> <span class='ocrx_word' id='word_1_117' title='bbox 494 1950 636 2025; x_wconf 89' lang='lat' dir='ltr'><strong>medus;</strong></span> <span class='ocrx_word' id='word_1_118' title='bbox 664 1949 754 2035; x_wconf 90' lang='lat' dir='ltr'><strong>quod</strong></span> <span class='ocrx_word' id='word_1_119' title='bbox 783 1967 826 2014; x_wconf 83' lang='lat' dir='ltr'><strong>ex</strong></span> <span class='ocrx_word' id='word_1_120' title='bbox 854 1953 969 2014; x_wconf 86' lang='lat' dir='ltr'><strong>mente</strong></span> <span class='ocrx_word' id='word_1_121' title='bbox 995 1949 1269 2014; x_wconf 74' lang='lat' dir='ltr'><strong>contrabentium</strong></span> <span class='ocrx_word' id='word_1_122' title='bbox 1289 1949 1519 2030; x_wconf 77' lang='lat' dir='ltr'><strong>colligendum</strong></span> 
     </span>
     <span class='ocr_line' id='line_1_15' title="bbox 347 2056 1519 2134; baseline 0 -12"><span class='ocrx_word' id='word_1_123' title='bbox 347 2058 425 2134; x_wconf 88' lang='lat' dir='ltr'><strong>erit;</strong></span> <span class='ocrx_word' id='word_1_124' title='bbox 445 2058 480 2121; x_wconf 57' lang='grc' dir='ltr'><strong>ἓν</strong></span> <span class='ocrx_word' id='word_1_125' title='bbox 499 2057 527 2122; x_wconf 90' lang='lat' dir='ltr'><strong>si</strong></span> <span class='ocrx_word' id='word_1_126' title='bbox 546 2075 650 2122; x_wconf 88' lang='lat' dir='ltr'><strong>eausa</strong></span> <span class='ocrx_word' id='word_1_127' title='bbox 671 2056 727 2121; x_wconf 88' lang='lat' dir='ltr'><strong>vel</strong></span> <span class='ocrx_word' id='word_1_128' title='bbox 748 2057 994 2123; x_wconf 85' lang='lat' dir='ltr'><strong>demonstratio</strong></span> <span class='ocrx_word' id='word_1_129' title='bbox 1019 2056 1171 2121; x_wconf 84' lang='lat' dir='ltr'><strong>involvat</strong></span> <span class='ocrx_word' id='word_1_130' title='bbox 1190 2074 1341 2122; x_wconf 90' lang='lat' dir='ltr'><strong>errorem</strong></span> <span class='ocrx_word' id='word_1_131' title='bbox 1363 2059 1519 2122; x_wconf 86' lang='lat' dir='ltr'><strong>substan-</strong></span> 
     </span>
     <span class='ocr_line' id='line_1_16' title="bbox 347 2163 1521 2249; baseline 0.003 -23"><span class='ocrx_word' id='word_1_132' title='bbox 347 2163 462 2230; x_wconf 84' lang='lat' dir='ltr'><strong>tialem</strong></span> <span class='ocrx_word' id='word_1_133' title='bbox 476 2183 631 2249; x_wconf 71' lang='lat' dir='ltr'><strong>personae</strong></span> <span class='ocrx_word' id='word_1_134' title='bbox 650 2165 706 2230; x_wconf 89' lang='lat' dir='ltr'><strong>vel</strong></span> <span class='ocrx_word' id='word_1_135' title='bbox 718 2169 842 2242; x_wconf 87' lang='lat' dir='ltr'><strong>status,</strong></span> <span class='ocrx_word' id='word_1_136' title='bbox 862 2183 923 2230; x_wconf 87' lang='lat' dir='ltr'><strong>ssu</strong></span> <span class='ocrx_word' id='word_1_137' title='bbox 945 2164 1128 2242; x_wconf 82' lang='lat' dir='ltr'><strong>servitutis,</strong></span> <span class='ocrx_word' id='word_1_138' title='bbox 1151 2163 1206 2228; x_wconf 87' lang='lat' dir='ltr'><strong>vel</strong></span> <span class='ocrx_word' id='word_1_139' title='bbox 1226 2163 1346 2230; x_wconf 85' lang='lat' dir='ltr'><strong>induat</strong></span> <span class='ocrx_word' id='word_1_140' title='bbox 1362 2169 1521 2230; x_wconf 87' lang='lat' dir='ltr'><strong>naturam</strong></span> 
     </span>
     <span class='ocr_line' id='line_1_17' title="bbox 347 2272 1520 2358; baseline -0.008 -18"><span class='ocrx_word' id='word_1_141' title='bbox 347 2275 569 2340; x_wconf 81' lang='lat' dir='ltr'><strong>conditionis:</strong></span> <span class='ocrx_word' id='word_1_142' title='bbox 588 2294 620 2340; x_wconf 90' lang='lat' dir='ltr'><strong>v.</strong></span> <span class='ocrx_word' id='word_1_143' title='bbox 632 2293 665 2356; x_wconf 81' lang='lat' dir='ltr'><strong>g.</strong></span> <span class='ocrx_word' id='word_1_144' title='bbox 684 2301 700 2333; x_wconf 72' lang='grc' dir='ltr'><strong>«ι</strong></span> <span class='ocrx_word' id='word_1_145' title='bbox 723 2273 892 2340; x_wconf 76' lang='lat' dir='ltr'><strong>contrahe</strong></span> <span class='ocrx_word' id='word_1_146' title='bbox 908 2279 1033 2350; x_wconf 90' lang='lat' dir='ltr'><strong>teoum,</strong></span> <span class='ocrx_word' id='word_1_147' title='bbox 1050 2291 1125 2358; x_wconf 78' lang='lat' dir='ltr'><strong>quae</strong></span> <span class='ocrx_word' id='word_1_148' title='bbox 1139 2292 1176 2338; x_wconf 91' lang='lat' dir='ltr'><strong>es</strong></span> <span class='ocrx_word' id='word_1_149' title='bbox 1195 2274 1332 2350; x_wconf 89' lang='lat' dir='ltr'><strong>Bsrtba,</strong></span> <span class='ocrx_word' id='word_1_150' title='bbox 1354 2272 1482 2348; x_wconf 90' lang='lat' dir='ltr'><strong>libera;</strong></span> <span class='ocrx_word' id='word_1_151' title='bbox 1505 2299 1520 2332; x_wconf 75' lang='lat' dir='ltr'><strong>a</strong></span> 
     </span>
     <span class='ocr_line' id='line_1_18' title="bbox 348 2381 1523 2466; baseline -0.001 -19"><span class='ocrx_word' id='word_1_152' title='bbox 348 2401 428 2447; x_wconf 89' lang='lat' dir='ltr'><strong>nam</strong></span> <span class='ocrx_word' id='word_1_153' title='bbox 448 2383 476 2446; x_wconf 91' lang='lat' dir='ltr'><strong>si</strong></span> <span class='ocrx_word' id='word_1_154' title='bbox 494 2387 546 2448; x_wconf 84' lang='lat' dir='ltr'><strong>est</strong></span> <span class='ocrx_word' id='word_1_155' title='bbox 566 2382 645 2466; x_wconf 86' lang='lat' dir='ltr'><strong>Gaja</strong></span> <span class='ocrx_word' id='word_1_156' title='bbox 667 2383 721 2448; x_wconf 88' lang='lat' dir='ltr'><strong>vel</strong></span> <span class='ocrx_word' id='word_1_157' title='bbox 743 2382 874 2459; x_wconf 86' lang='lat' dir='ltr'><strong>aneilla,</strong></span> <span class='ocrx_word' id='word_1_158' title='bbox 897 2381 1012 2448; x_wconf 92' lang='lat' dir='ltr'><strong>nullus</strong></span> <span class='ocrx_word' id='word_1_159' title='bbox 1036 2386 1088 2446; x_wconf 88' lang='lat' dir='ltr'><strong>est</strong></span> <span class='ocrx_word' id='word_1_160' title='bbox 1110 2386 1314 2456; x_wconf 88' lang='lat' dir='ltr'><strong>eontraetus,</strong></span> <span class='ocrx_word' id='word_1_161' title='bbox 1340 2381 1405 2446; x_wconf 92' lang='lat' dir='ltr'><strong>nisi</strong></span> <span class='ocrx_word' id='word_1_162' title='bbox 1428 2399 1523 2446; x_wconf 88' lang='lat' dir='ltr'><strong>error</strong></span> 
     </span>
     <span class='ocr_line' id='line_1_19' title="bbox 350 2489 1521 2574; baseline 0 -20"><span class='ocrx_word' id='word_1_163' title='bbox 350 2497 440 2556; x_wconf 86' lang='lat' dir='ltr'><strong>esset</strong></span> <span class='ocrx_word' id='word_1_164' title='bbox 451 2491 486 2554; x_wconf 92' lang='lat' dir='ltr'><strong>in</strong></span> <span class='ocrx_word' id='word_1_165' title='bbox 502 2489 574 2556; x_wconf 90' lang='lat' dir='ltr'><strong>solo</strong></span> <span class='ocrx_word' id='word_1_166' title='bbox 584 2491 733 2556; x_wconf 90' lang='lat' dir='ltr'><strong>nomine.</strong></span> <span class='ocrx_word' id='word_1_167' title='bbox 746 2491 854 2556; x_wconf 87' lang='lat' dir='ltr'><strong>item«</strong></span> <span class='ocrx_word' id='word_1_168' title='bbox 867 2492 959 2556; x_wconf 82' lang='lat' dir='ltr'><strong>liuoo</strong></span> <span class='ocrx_word' id='word_1_169' title='bbox 973 2495 1016 2567; x_wconf 85' lang='lat' dir='ltr'><strong>ts,</strong></span> <span class='ocrx_word' id='word_1_170' title='bbox 1034 2490 1113 2574; x_wconf 90' lang='lat' dir='ltr'><strong>quia</strong></span> <span class='ocrx_word' id='word_1_171' title='bbox 1122 2489 1214 2555; x_wconf 89' lang='lat' dir='ltr'><strong>mille</strong></span> <span class='ocrx_word' id='word_1_172' title='bbox 1223 2505 1285 2572; x_wconf 89' lang='lat' dir='ltr'><strong>pro</strong></span> <span class='ocrx_word' id='word_1_173' title='bbox 1296 2489 1375 2556; x_wconf 91' lang='lat' dir='ltr'><strong>dote</strong></span> <span class='ocrx_word' id='word_1_174' title='bbox 1387 2489 1493 2566; x_wconf 88' lang='lat' dir='ltr'><strong>dabis,</strong></span> <span class='ocrx_word' id='word_1_175' title='bbox 1504 2513 1521 2549; x_wconf 80' lang='lat' dir='ltr'><strong>a</strong></span> 
     </span>
     <span class='ocr_line' id='line_1_20' title="bbox 348 2599 1042 2683; baseline -0.006 -19"><span class='ocrx_word' id='word_1_176' title='bbox 348 2600 412 2664; x_wconf 87' lang='lat' dir='ltr'><strong>hoo</strong></span> <span class='ocrx_word' id='word_1_177' title='bbox 427 2604 489 2678; x_wconf 90' lang='lat' dir='ltr'><strong>est,</strong></span> <span class='ocrx_word' id='word_1_178' title='bbox 515 2625 530 2659; x_wconf 87' lang='lat'>«</span> <span class='ocrx_word' id='word_1_179' title='bbox 548 2599 576 2663; x_wconf 91' lang='lat' dir='ltr'><strong>si</strong></span> <span class='ocrx_word' id='word_1_180' title='bbox 590 2599 682 2664; x_wconf 92' lang='lat' dir='ltr'><strong>mille</strong></span> <span class='ocrx_word' id='word_1_181' title='bbox 696 2618 758 2683; x_wconf 91' lang='lat' dir='ltr'><strong>pro</strong></span> <span class='ocrx_word' id='word_1_182' title='bbox 770 2600 850 2665; x_wconf 89' lang='lat' dir='ltr'><strong>dote</strong></span> <span class='ocrx_word' id='word_1_183' title='bbox 863 2600 1007 2665; x_wconf 88' lang='lat' dir='ltr'><strong>dederis.</strong></span> <span class='ocrx_word' id='word_1_184' title='bbox 1027 2625 1042 2660; x_wconf 73' lang='lat' dir='ltr'><strong>a</strong></span> 
     </span>
    </p>
   </div>
   <div class='ocr_carea' id='block_1_3' title="bbox 381 2781 1492 2850">
    <p class='ocr_par' dir='ltr' id='par_1_3' title="bbox 381 2781 1492 2850">
     <span class='ocr_line' id='line_1_21' title="bbox 381 2781 1492 2850; baseline 0.001 -14"><span class='ocrx_word' id='word_1_185' title='bbox 381 2784 434 2836; x_wconf 87' lang='lat' dir='ltr'><strong>vti.</strong></span> <span class='ocrx_word' id='word_1_186' title='bbox 454 2784 495 2836; x_wconf 79' lang='lat' dir='ltr'><strong>An</strong></span> <span class='ocrx_word' id='word_1_187' title='bbox 512 2783 622 2836; x_wconf 82' lang='lat' dir='ltr'><strong>licitum</strong></span> <span class='ocrx_word' id='word_1_188' title='bbox 641 2783 679 2837; x_wconf 87' lang='lat' dir='ltr'><strong>stt</strong></span> <span class='ocrx_word' id='word_1_189' title='bbox 694 2781 909 2837; x_wconf 85' lang='lat' dir='ltr'><strong>matrimonium</strong></span> <span class='ocrx_word' id='word_1_190' title='bbox 923 2794 989 2837; x_wconf 86' lang='lat' dir='ltr'><strong>eum</strong></span> <span class='ocrx_word' id='word_1_191' title='bbox 1004 2784 1086 2850; x_wconf 86' lang='lat' dir='ltr'><strong>paeto</strong></span> <span class='ocrx_word' id='word_1_192' title='bbox 1101 2797 1152 2838; x_wconf 90' lang='lat' dir='ltr'><strong>seu</strong></span> <span class='ocrx_word' id='word_1_193' title='bbox 1169 2783 1254 2839; x_wconf 90' lang='lat' dir='ltr'><strong>modo</strong></span> <span class='ocrx_word' id='word_1_194' title='bbox 1268 2783 1492 2850; x_wconf 74' lang='lat' dir='ltr'><strong>morgmadeer</strong></span> 
     </span>
    </p>
   </div>
   <div class='ocr_carea' id='block_1_4' title="bbox 350 2932 1558 4529">
    <p class='ocr_par' dir='ltr' id='par_1_4' title="bbox 350 2932 1558 4529">
     <span class='ocr_line' id='line_1_22' title="bbox 390 2932 1524 3019; baseline 0.001 -24"><span class='ocrx_word' id='word_1_195' title='bbox 390 2932 477 2996; x_wconf 78' lang='lat' dir='ltr'><strong>Ante</strong></span> <span class='ocrx_word' id='word_1_196' title='bbox 500 2949 653 3015; x_wconf 85' lang='lat' dir='ltr'><strong>respons.</strong></span> <span class='ocrx_word' id='word_1_197' title='bbox 682 2937 764 2997; x_wconf 90' lang='lat' dir='ltr'><strong>nota</strong></span> <span class='ocrx_word' id='word_1_198' title='bbox 787 2933 1043 2998; x_wconf 78' lang='lat' dir='ltr'><strong>matrimonium</strong></span> <span class='ocrx_word' id='word_1_199' title='bbox 1065 2935 1337 3019; x_wconf 82' lang='lat' dir='ltr'><strong>morponaticum</strong></span> <span class='ocrx_word' id='word_1_200' title='bbox 1365 2951 1426 2998; x_wconf 86' lang='lat' dir='ltr'><strong>seu</strong></span> <span class='ocrx_word' id='word_1_201' title='bbox 1447 2951 1524 2998; x_wconf 84' lang='lat' dir='ltr'><strong>coa-</strong></span> 
     </span>
     <span class='ocr_line' id='line_1_23' title="bbox 350 3038 1523 3124; baseline -0.001 -19"><span class='ocrx_word' id='word_1_202' title='bbox 350 3040 495 3104; x_wconf 74' lang='lat' dir='ltr'><strong>seientr&#39;a‘</strong></span> <span class='ocrx_word' id='word_1_203' title='bbox 510 3038 654 3115; x_wconf 81' lang='lat' dir='ltr'><strong>deliniri,</strong></span> <span class='ocrx_word' id='word_1_204' title='bbox 676 3040 768 3122; x_wconf 87' lang='lat' dir='ltr'><strong>quod</strong></span> <span class='ocrx_word' id='word_1_205' title='bbox 783 3040 827 3104; x_wconf 91' lang='lat' dir='ltr'><strong>sit</strong></span> <span class='ocrx_word' id='word_1_206' title='bbox 840 3041 1035 3124; x_wconf 76' lang='lat' dir='ltr'><strong>conjunctio</strong></span> <span class='ocrx_word' id='word_1_207' title='bbox 1049 3042 1112 3105; x_wconf 85' lang='lat' dir='ltr'><strong>viri</strong></span> <span class='ocrx_word' id='word_1_208' title='bbox 1126 3060 1205 3106; x_wconf 88' lang='lat' dir='ltr'><strong>oum</strong></span> <span class='ocrx_word' id='word_1_209' title='bbox 1216 3042 1345 3106; x_wconf 85' lang='lat' dir='ltr'><strong>lamina</strong></span> <span class='ocrx_word' id='word_1_210' title='bbox 1357 3041 1523 3105; x_wconf 84' lang='lat' dir='ltr'><strong>inferioris</strong></span> 
     </span>
     <span class='ocr_line' id='line_1_24' title="bbox 350 3145 1525 3232; baseline -0.003 -18"><span class='ocrx_word' id='word_1_211' title='bbox 350 3145 565 3228; x_wconf 79' lang='lat' dir='ltr'><strong>conditionis,</strong></span> <span class='ocrx_word' id='word_1_212' title='bbox 586 3148 774 3212; x_wconf 85' lang='lat' dir='ltr'><strong>seeundum</strong></span> <span class='ocrx_word' id='word_1_213' title='bbox 793 3147 849 3212; x_wconf 89' lang='lat' dir='ltr'><strong>SS.</strong></span> <span class='ocrx_word' id='word_1_214' title='bbox 874 3166 1023 3214; x_wconf 85' lang='lat' dir='ltr'><strong>oenones</strong></span> <span class='ocrx_word' id='word_1_215' title='bbox 1044 3155 1128 3226; x_wconf 87' lang='lat' dir='ltr'><strong>rata,</strong></span> <span class='ocrx_word' id='word_1_216' title='bbox 1156 3166 1197 3214; x_wconf 87' lang='lat' dir='ltr'><strong>eo</strong></span> <span class='ocrx_word' id='word_1_217' title='bbox 1221 3155 1336 3214; x_wconf 88' lang='lat' dir='ltr'><strong>tamen</strong></span> <span class='ocrx_word' id='word_1_218' title='bbox 1350 3153 1464 3232; x_wconf 85' lang='lat' dir='ltr'><strong>paeto,</strong></span> <span class='ocrx_word' id='word_1_219' title='bbox 1486 3153 1525 3212; x_wconf 86' lang='lat' dir='ltr'><strong>ut</strong></span> 
     </span>
     <span class='ocr_line' id='line_1_25' title="bbox 351 3254 1523 3342; baseline 0.001 -22"><span class='ocrx_word' id='word_1_220' title='bbox 351 3273 438 3321; x_wconf 88' lang='lat' dir='ltr'><strong>uxor</strong></span> <span class='ocrx_word' id='word_1_221' title='bbox 451 3260 485 3320; x_wconf 92' lang='lat' dir='ltr'><strong>et</strong></span> <span class='ocrx_word' id='word_1_222' title='bbox 496 3254 592 3319; x_wconf 92' lang='lat' dir='ltr'><strong>liberi</strong></span> <span class='ocrx_word' id='word_1_223' title='bbox 605 3257 757 3320; x_wconf 76' lang='lat' dir='ltr'><strong>contenti</strong></span> <span class='ocrx_word' id='word_1_224' title='bbox 780 3257 849 3320; x_wconf 85' lang='lat' dir='ltr'><strong>sint</strong></span> <span class='ocrx_word' id='word_1_225' title='bbox 865 3261 958 3322; x_wconf 82' lang='lat' dir='ltr'><strong>serta</strong></span> <span class='ocrx_word' id='word_1_226' title='bbox 971 3259 1127 3341; x_wconf 87' lang='lat' dir='ltr'><strong>portione</strong></span> <span class='ocrx_word' id='word_1_227' title='bbox 1139 3257 1294 3342; x_wconf 86' lang='lat' dir='ltr'><strong>nuptiali,</strong></span> <span class='ocrx_word' id='word_1_228' title='bbox 1312 3261 1347 3322; x_wconf 90' lang='lat' dir='ltr'><strong>et</strong></span> <span class='ocrx_word' id='word_1_229' title='bbox 1360 3274 1381 3321; x_wconf 98' lang='lat' dir='ltr'><strong>a</strong></span> <span class='ocrx_word' id='word_1_230' title='bbox 1393 3257 1523 3322; x_wconf 79' lang='lat' dir='ltr'><strong>caeteris</strong></span> 
     </span>
     <span class='ocr_line' id='line_1_26' title="bbox 351 3359 1524 3448; baseline 0.003 -19"><span class='ocrx_word' id='word_1_231' title='bbox 351 3365 450 3429; x_wconf 91' lang='lat' dir='ltr'><strong>bonis</strong></span> <span class='ocrx_word' id='word_1_232' title='bbox 474 3363 574 3427; x_wconf 89' lang='lat' dir='ltr'><strong>avitis</strong></span> <span class='ocrx_word' id='word_1_233' title='bbox 603 3368 643 3428; x_wconf 90' lang='lat' dir='ltr'><strong>et</strong></span> <span class='ocrx_word' id='word_1_234' title='bbox 671 3364 838 3447; x_wconf 88' lang='lat' dir='ltr'><strong>paternis,</strong></span> <span class='ocrx_word' id='word_1_235' title='bbox 868 3359 1102 3448; x_wconf 75' lang='lat' dir='ltr'><strong>dignitatibus,</strong></span> <span class='ocrx_word' id='word_1_236' title='bbox 1133 3365 1239 3431; x_wconf 87' lang='lat' dir='ltr'><strong>titulis</strong></span> <span class='ocrx_word' id='word_1_237' title='bbox 1268 3382 1307 3430; x_wconf 90' lang='lat' dir='ltr'><strong>ae</strong></span> <span class='ocrx_word' id='word_1_238' title='bbox 1334 3365 1524 3446; x_wconf 79' lang='lat' dir='ltr'><strong>insignibus</strong></span> 
     </span>
     <span class='ocr_line' id='line_1_27' title="bbox 352 3473 1522 3556; baseline 0.003 -20"><span class='ocrx_word' id='word_1_239' title='bbox 352 3473 576 3537; x_wconf 85' lang='lat' dir='ltr'><strong>abstineant:</strong></span> <span class='ocrx_word' id='word_1_240' title='bbox 607 3475 716 3556; x_wconf 90' lang='lat' dir='ltr'><strong>portio</strong></span> <span class='ocrx_word' id='word_1_241' title='bbox 738 3475 818 3550; x_wconf 86' lang='lat' dir='ltr'><strong>isia,</strong></span> <span class='ocrx_word' id='word_1_242' title='bbox 849 3473 978 3539; x_wconf 76' lang='lat' dir='ltr'><strong>denda</strong></span> <span class='ocrx_word' id='word_1_243' title='bbox 1008 3476 1107 3540; x_wconf 80' lang='lat' dir='ltr'><strong>uxori</strong></span> <span class='ocrx_word' id='word_1_244' title='bbox 1131 3479 1166 3540; x_wconf 90' lang='lat' dir='ltr'><strong>et</strong></span> <span class='ocrx_word' id='word_1_245' title='bbox 1192 3474 1307 3542; x_wconf 85' lang='lat' dir='ltr'><strong>liberis</strong></span> <span class='ocrx_word' id='word_1_246' title='bbox 1338 3475 1522 3552; x_wconf 89' lang='lat' dir='ltr'><strong>destinata,</strong></span> 
     </span>
     <span class='ocr_line' id='line_1_28' title="bbox 353 3581 1524 3666; baseline 0.002 -22"><span class='ocrx_word' id='word_1_247' title='bbox 353 3584 496 3645; x_wconf 78' lang='lat' dir='ltr'><strong>vocatur</strong></span> <span class='ocrx_word' id='word_1_248' title='bbox 515 3581 756 3664; x_wconf 75' lang='lat' dir='ltr'><strong>morpmpata,</strong></span> <span class='ocrx_word' id='word_1_249' title='bbox 781 3583 877 3664; x_wconf 88' lang='lat' dir='ltr'><strong>quasi</strong></span> <span class='ocrx_word' id='word_1_250' title='bbox 905 3582 1034 3647; x_wconf 92' lang='lat' dir='ltr'><strong>donum</strong></span> <span class='ocrx_word' id='word_1_251' title='bbox 1060 3583 1278 3659; x_wconf 87' lang='lat' dir='ltr'><strong>matutinum,</strong></span> <span class='ocrx_word' id='word_1_252' title='bbox 1305 3588 1340 3648; x_wconf 91' lang='lat' dir='ltr'><strong>et</strong></span> <span class='ocrx_word' id='word_1_253' title='bbox 1366 3587 1524 3666; x_wconf 79' lang='lat' dir='ltr'><strong>corrupte</strong></span> 
     </span>
     <span class='ocr_line' id='line_1_29' title="bbox 352 3679 1527 3772; baseline 0.003 -22"><span class='ocrx_word' id='word_1_254' title='bbox 352 3679 607 3769; x_wconf 62' lang='lat' dir='ltr'><strong>mammetem</strong></span> <span class='ocrx_word' id='word_1_255' title='bbox 627 3705 670 3751; x_wconf 83' lang='lat' dir='ltr'><strong>ex</strong></span> <span class='ocrx_word' id='word_1_256' title='bbox 688 3706 754 3771; x_wconf 89' lang='lat' dir='ltr'><strong>que</strong></span> <span class='ocrx_word' id='word_1_257' title='bbox 773 3707 901 3754; x_wconf 89' lang='lat' dir='ltr'><strong>nomen</strong></span> <span class='ocrx_word' id='word_1_258' title='bbox 920 3691 1025 3754; x_wconf 85' lang='lat' dir='ltr'><strong>trahit</strong></span> <span class='ocrx_word' id='word_1_259' title='bbox 1042 3690 1299 3756; x_wconf 88' lang='lat' dir='ltr'><strong>matrimonium</strong></span> <span class='ocrx_word' id='word_1_260' title='bbox 1318 3689 1527 3772; x_wconf 83' lang='lat' dir='ltr'><strong>morganati-</strong></span> 
     </span>
     <span class='ocr_line' id='line_1_30' title="bbox 353 3781 1523 3881; baseline 0.001 -22"><span class='ocrx_word' id='word_1_261' title='bbox 353 3813 442 3872; x_wconf 87' lang='lat' dir='ltr'><strong>eum,</strong></span> <span class='ocrx_word' id='word_1_262' title='bbox 460 3813 519 3858; x_wconf 88' lang='lat' dir='ltr'><strong>seu</strong></span> <span class='ocrx_word' id='word_1_263' title='bbox 535 3794 578 3859; x_wconf 91' lang='lat' dir='ltr'><strong>ad</strong></span> <span class='ocrx_word' id='word_1_264' title='bbox 592 3781 859 3876; x_wconf 81' lang='lat' dir='ltr'><strong>morganatioam</strong></span> <span class='ocrx_word' id='word_1_265' title='bbox 873 3802 1085 3865; x_wconf 81' lang='lat' dir='ltr'><strong>contractum</strong></span> <span class='ocrx_word' id='word_1_266' title='bbox 1097 3798 1163 3880; x_wconf 80' lang='lat' dir='ltr'><strong>(lib.</strong></span> <span class='ocrx_word' id='word_1_267' title='bbox 1181 3797 1209 3862; x_wconf 94' lang='lat' dir='ltr'><strong>ll</strong></span> <span class='ocrx_word' id='word_1_268' title='bbox 1223 3798 1341 3877; x_wconf 73' lang='lat' dir='ltr'><strong>Feod,</strong></span> <span class='ocrx_word' id='word_1_269' title='bbox 1360 3798 1409 3860; x_wconf 90' lang='lat' dir='ltr'><strong>tit.</strong></span> <span class='ocrx_word' id='word_1_270' title='bbox 1427 3799 1523 3881; x_wconf 78' lang='lat' dir='ltr'><strong>xxix).</strong></span> 
     </span>
     <span class='ocr_line' id='line_1_31' title="bbox 353 3901 1526 3989; baseline 0.002 -22"><span class='ocrx_word' id='word_1_271' title='bbox 353 3901 427 3972; x_wconf 85' lang='lat' dir='ltr'><strong>Jam</strong></span> <span class='ocrx_word' id='word_1_272' title='bbox 441 3919 529 3986; x_wconf 86' lang='lat' dir='ltr'><strong>resp.</strong></span> <span class='ocrx_word' id='word_1_273' title='bbox 556 3903 807 3969; x_wconf 85' lang='lat' dir='ltr'><strong>Matrimonium</strong></span> <span class='ocrx_word' id='word_1_274' title='bbox 831 3906 874 3970; x_wconf 89' lang='lat' dir='ltr'><strong>ad</strong></span> <span class='ocrx_word' id='word_1_275' title='bbox 892 3907 1160 3989; x_wconf 80' lang='lat' dir='ltr'><strong>morganatioam</strong></span> <span class='ocrx_word' id='word_1_276' title='bbox 1183 3909 1395 3971; x_wconf 86' lang='lat' dir='ltr'><strong>contractum</strong></span> <span class='ocrx_word' id='word_1_277' title='bbox 1419 3911 1454 3971; x_wconf 90' lang='lat' dir='ltr'><strong>et</strong></span> <span class='ocrx_word' id='word_1_278' title='bbox 1471 3922 1526 3970; x_wconf 90' lang='lat' dir='ltr'><strong>va-</strong></span> 
     </span>
     <span class='ocr_line' id='line_1_32' title="bbox 353 4009 1558 4100; baseline 0.004 -28"><span class='ocrx_word' id='word_1_279' title='bbox 353 4009 462 4074; x_wconf 91' lang='lat' dir='ltr'><strong>lidum</strong></span> <span class='ocrx_word' id='word_1_280' title='bbox 476 4014 528 4074; x_wconf 89' lang='lat' dir='ltr'><strong>est</strong></span> <span class='ocrx_word' id='word_1_281' title='bbox 543 4014 577 4074; x_wconf 89' lang='lat' dir='ltr'><strong>et</strong></span> <span class='ocrx_word' id='word_1_282' title='bbox 594 4010 725 4076; x_wconf 90' lang='lat' dir='ltr'><strong>lioitum</strong></span> <span class='ocrx_word' id='word_1_283' title='bbox 744 4032 752 4075; x_wconf 74' lang='grc' dir='ltr'>ε</span> <span class='ocrx_word' id='word_1_284' title='bbox 770 4013 817 4078; x_wconf 91' lang='lat' dir='ltr'><strong>ita</strong></span> <span class='ocrx_word' id='word_1_285' title='bbox 834 4014 957 4096; x_wconf 80' lang='lat' dir='ltr'><strong>Xonig‚</strong></span> <span class='ocrx_word' id='word_1_286' title='bbox 981 4013 1143 4079; x_wconf 88' lang='lat' dir='ltr'><strong>Sebmalz.</strong></span> <span class='ocrx_word' id='word_1_287' title='bbox 1164 4012 1279 4078; x_wconf 89' lang='lat' dir='ltr'><strong>etalii.</strong></span> <span class='ocrx_word' id='word_1_288' title='bbox 1295 4013 1394 4078; x_wconf 86' lang='lat' dir='ltr'><strong>Retio</strong></span> <span class='ocrx_word' id='word_1_289' title='bbox 1407 4015 1524 4098; x_wconf 81' lang='lat' dir='ltr'><strong>primi,</strong></span> <span class='ocrx_word' id='word_1_290' title='bbox 1556 4091 1558 4100; x_wconf 33' lang='grc' dir='ltr'>Ι</span> 
     </span>
     <span class='ocr_line' id='line_1_33' title="bbox 355 4117 1528 4206; baseline 0.005 -26"><span class='ocrx_word' id='word_1_291' title='bbox 355 4118 434 4200; x_wconf 84' lang='lat' dir='ltr'><strong>quia</strong></span> <span class='ocrx_word' id='word_1_292' title='bbox 447 4117 514 4182; x_wconf 89' lang='lat' dir='ltr'><strong>tale</strong></span> <span class='ocrx_word' id='word_1_293' title='bbox 529 4119 785 4184; x_wconf 86' lang='lat' dir='ltr'><strong>matrimonium</strong></span> <span class='ocrx_word' id='word_1_294' title='bbox 801 4141 862 4206; x_wconf 92' lang='lat' dir='ltr'><strong>per</strong></span> <span class='ocrx_word' id='word_1_295' title='bbox 877 4141 913 4186; x_wconf 88' lang='lat' dir='ltr'><strong>se</strong></span> <span class='ocrx_word' id='word_1_296' title='bbox 929 4140 992 4186; x_wconf 87' lang='lat' dir='ltr'><strong>nee</strong></span> <span class='ocrx_word' id='word_1_297' title='bbox 1006 4125 1059 4188; x_wconf 90' lang='lat' dir='ltr'><strong>est</strong></span> <span class='ocrx_word' id='word_1_298' title='bbox 1076 4125 1193 4186; x_wconf 86' lang='lat' dir='ltr'><strong>eontra</strong></span> <span class='ocrx_word' id='word_1_299' title='bbox 1209 4123 1267 4204; x_wconf 85' lang='lat' dir='ltr'><strong>jus</strong></span> <span class='ocrx_word' id='word_1_300' title='bbox 1282 4120 1448 4198; x_wconf 89' lang='lat' dir='ltr'><strong>naturale,</strong></span> <span class='ocrx_word' id='word_1_301' title='bbox 1464 4139 1528 4186; x_wconf 84' lang='lat' dir='ltr'><strong>neo</strong></span> 
     </span>
     <span class='ocr_line' id='line_1_34' title="bbox 354 4210 1528 4313; baseline 0.003 -23"><span class='ocrx_word' id='word_1_302' title='bbox 354 4210 596 4307; x_wconf 60' lang='lat' dir='ltr'><strong>pontisseium3&#39;</strong></span> <span class='ocrx_word' id='word_1_303' title='bbox 616 4245 699 4308; x_wconf 85' lang='lat' dir='ltr'><strong>ergo</strong></span> <span class='ocrx_word' id='word_1_304' title='bbox 729 4229 758 4293; x_wconf 91' lang='lat' dir='ltr'><strong>si</strong></span> <span class='ocrx_word' id='word_1_305' title='bbox 786 4231 846 4294; x_wconf 90' lang='lat' dir='ltr'><strong>ssat</strong></span> <span class='ocrx_word' id='word_1_306' title='bbox 872 4247 989 4295; x_wconf 90' lang='lat' dir='ltr'><strong>eoram</strong></span> <span class='ocrx_word' id='word_1_307' title='bbox 1016 4228 1163 4313; x_wconf 80' lang='lat' dir='ltr'><strong>parocho</strong></span> <span class='ocrx_word' id='word_1_308' title='bbox 1197 4233 1232 4292; x_wconf 88' lang='lat' dir='ltr'><strong>et</strong></span> <span class='ocrx_word' id='word_1_309' title='bbox 1264 4229 1428 4305; x_wconf 82' lang='lat' dir='ltr'><strong>testibus,</strong></span> <span class='ocrx_word' id='word_1_310' title='bbox 1463 4229 1528 4293; x_wconf 86' lang='lat' dir='ltr'><strong>erit</strong></span> 
     </span>
     <span class='ocr_line' id='line_1_35' title="bbox 353 4333 1527 4422; baseline 0.003 -25"><span class='ocrx_word' id='word_1_311' title='bbox 353 4333 516 4398; x_wconf 84' lang='lat' dir='ltr'><strong>validum.</strong></span> <span class='ocrx_word' id='word_1_312' title='bbox 532 4335 631 4400; x_wconf 82' lang='lat' dir='ltr'><strong>Ratio</strong></span> <span class='ocrx_word' id='word_1_313' title='bbox 647 4337 793 4414; x_wconf 82' lang='lat' dir='ltr'><strong>secundi,</strong></span> <span class='ocrx_word' id='word_1_314' title='bbox 811 4338 891 4421; x_wconf 89' lang='lat' dir='ltr'><strong>quia</strong></span> <span class='ocrx_word' id='word_1_315' title='bbox 904 4342 1042 4422; x_wconf 82' lang='lat' dir='ltr'><strong>paetum</strong></span> <span class='ocrx_word' id='word_1_316' title='bbox 1056 4335 1149 4412; x_wconf 89' lang='lat' dir='ltr'><strong>illud,</strong></span> <span class='ocrx_word' id='word_1_317' title='bbox 1175 4337 1208 4400; x_wconf 90' lang='lat' dir='ltr'><strong>vi</strong></span> <span class='ocrx_word' id='word_1_318' title='bbox 1222 4339 1320 4420; x_wconf 88' lang='lat' dir='ltr'><strong>eujus</strong></span> <span class='ocrx_word' id='word_1_319' title='bbox 1345 4354 1433 4401; x_wconf 86' lang='lat' dir='ltr'><strong>uxor</strong></span> <span class='ocrx_word' id='word_1_320' title='bbox 1447 4353 1527 4401; x_wconf 89' lang='lat' dir='ltr'><strong>oum</strong></span> 
     </span>
     <span class='ocr_line' id='line_1_36' title="bbox 354 4440 1526 4529; baseline 0.004 -26"><span class='ocrx_word' id='word_1_321' title='bbox 354 4441 477 4505; x_wconf 82' lang='lat' dir='ltr'><strong>tuturis</strong></span> <span class='ocrx_word' id='word_1_322' title='bbox 504 4440 618 4507; x_wconf 90' lang='lat' dir='ltr'><strong>liberis</strong></span> <span class='ocrx_word' id='word_1_323' title='bbox 646 4462 717 4509; x_wconf 90' lang='lat' dir='ltr'><strong>non</strong></span> <span class='ocrx_word' id='word_1_324' title='bbox 743 4445 897 4529; x_wconf 88' lang='lat' dir='ltr'><strong>sequitur</strong></span> <span class='ocrx_word' id='word_1_325' title='bbox 920 4445 1151 4509; x_wconf 82' lang='lat' dir='ltr'><strong>conditionem</strong></span> <span class='ocrx_word' id='word_1_326' title='bbox 1178 4445 1307 4521; x_wconf 91' lang='lat' dir='ltr'><strong>mariti,</strong></span> <span class='ocrx_word' id='word_1_327' title='bbox 1338 4463 1381 4509; x_wconf 84' lang='lat' dir='ltr'><strong>ex</strong></span> <span class='ocrx_word' id='word_1_328' title='bbox 1409 4442 1526 4508; x_wconf 89' lang='lat' dir='ltr'><strong>multis</strong></span> 
     </span>
    </p>
   </div>
   <div class='ocr_carea' id='block_1_5' title="bbox 353 4551 1527 4748">
    <p class='ocr_par' dir='ltr' id='par_1_5' title="bbox 353 4551 1527 4748">
     <span class='ocr_line' id='line_1_37' title="bbox 353 4551 1527 4641; baseline 0.002 -27"><span class='ocrx_word' id='word_1_329' title='bbox 353 4551 464 4614; x_wconf 81' lang='lat' dir='ltr'><strong>causis</strong></span> <span class='ocrx_word' id='word_1_330' title='bbox 479 4553 693 4619; x_wconf 81' lang='lat' dir='ltr'><strong>dehonestari</strong></span> <span class='ocrx_word' id='word_1_331' title='bbox 707 4560 835 4639; x_wconf 83' lang='lat' dir='ltr'><strong>petest3</strong></span> <span class='ocrx_word' id='word_1_332' title='bbox 851 4562 945 4641; x_wconf 88' lang='lat' dir='ltr'><strong>puta,</strong></span> <span class='ocrx_word' id='word_1_333' title='bbox 961 4554 1191 4638; x_wconf 84' lang='lat' dir='ltr'><strong>quiamaritus</strong></span> <span class='ocrx_word' id='word_1_334' title='bbox 1204 4574 1247 4619; x_wconf 86' lang='lat' dir='ltr'><strong>ex</strong></span> <span class='ocrx_word' id='word_1_335' title='bbox 1261 4574 1330 4620; x_wconf 89' lang='lat' dir='ltr'><strong>una</strong></span> <span class='ocrx_word' id='word_1_336' title='bbox 1342 4559 1437 4638; x_wconf 82' lang='lat' dir='ltr'><strong>parte</strong></span> <span class='ocrx_word' id='word_1_337' title='bbox 1452 4553 1527 4619; x_wconf 91' lang='lat' dir='ltr'><strong>vult</strong></span> 
     </span>
     <span class='ocr_line' id='line_1_38' title="bbox 355 4661 1525 4748; baseline 0.008 -28"><span class='ocrx_word' id='word_1_338' title='bbox 355 4675 430 4722; x_wconf 89' lang='lat' dir='ltr'><strong>esse</strong></span> <span class='ocrx_word' id='word_1_339' title='bbox 446 4665 541 4724; x_wconf 82' lang='lat' dir='ltr'><strong>extra</strong></span> <span class='ocrx_word' id='word_1_340' title='bbox 556 4661 744 4742; x_wconf 88' lang='lat' dir='ltr'><strong>perieulum</strong></span> <span class='ocrx_word' id='word_1_341' title='bbox 758 4663 1030 4738; x_wconf 80' lang='lat' dir='ltr'><strong>incontinentiae3</strong></span> <span class='ocrx_word' id='word_1_342' title='bbox 1051 4679 1093 4728; x_wconf 85' lang='lat' dir='ltr'><strong>ex</strong></span> <span class='ocrx_word' id='word_1_343' title='bbox 1114 4661 1219 4729; x_wconf 83' lang='lat' dir='ltr'><strong>altera</strong></span> <span class='ocrx_word' id='word_1_344' title='bbox 1237 4681 1320 4730; x_wconf 86' lang='lat' dir='ltr'><strong>vero</strong></span> <span class='ocrx_word' id='word_1_345' title='bbox 1337 4666 1432 4748; x_wconf 88' lang='lat' dir='ltr'><strong>parte</strong></span> <span class='ocrx_word' id='word_1_346' title='bbox 1455 4680 1525 4730; x_wconf 91' lang='lat' dir='ltr'><strong>non</strong></span> 
     </span>
    </p>
   </div>
   <div class='ocr_carea' id='block_1_6' title="bbox 0 0 1770 5568">
    <p class='ocr_par' dir='ltr' id='par_1_6' title="bbox 0 0 1770 5568">
     <span class='ocr_line' id='line_1_39' title="bbox 0 0 1770 5568; baseline 0 0"><span class='ocrx_word' id='word_1_347' title='bbox 0 0 1770 5568; x_wconf 95' lang='lat' dir='ltr'><strong> </strong></span> 
     </span>
    </p>
   </div>
  </div>
 </body>
</html>
