3514 5564
552 561 638 608 arasa
658 561 792 616 ouanrus
813 560 1028 628 oacnaramipr.
1316 541 1374 608 lii

211 697 281 745 non
301 683 436 744 tenetur
453 679 608 761 recipere.
622 683 802 744 nocentem
816 681 857 746 ad
873 679 980 745 solam
994 679 1097 760 hujus
1112 679 1323 762 petitionem,
1338 683 1376 743 ut

213 787 352 853 docetS.
364 787 402 850 D.
414 787 450 851 in
462 786 492 864 1,
504 786 536 850 d.
548 787 599 864 35,
610 807 641 872 q.
658 789 687 864 l,
698 805 727 852 a.
739 789 776 863 6;
791 787 965 863 Salmant,
980 791 1056 862 etc.;
1070 787 1148 871 quia
1159 805 1233 870 pars
1249 804 1376 852 nocens

211 894 626 977 persententiomprivata
640 899 691 959 est
699 894 990 978 Jureproximoad
1000 899 1094 959 actus
1109 893 1317 976 conjugales.
1333 893 1377 958 At

210 1021 271 1084 per
282 1001 556 1084 implorationem
569 1001 670 1066 oflicii
681 1001 804 1084 judicis
819 1002 1118 1083 redintegrandum
1133 1007 1186 1068 est
1205 1002 1377 1068 matrimo-

212 1110 308 1175 nium
331 1130 338 1172 :
363 1114 436 1174 tum
460 1109 539 1193 quia
566 1111 735 1174 sententia
749 1109 848 1174 tacite
862 1109 926 1174 luit
939 1110 1178 1186 conditionata,
1199 1135 1215 1168 «
1237 1111 1265 1175 si
1284 1116 1377 1176 actor

212 1235 283 1282 non
300 1218 501 1292 fornicatum
518 1241 534 1276 s
548 1223 621 1282 tum
632 1217 710 1302 quia
719 1234 822 1282 causa
831 1217 1067 1283 divortiivenii
1076 1217 1120 1282 ad
1133 1235 1203 1283 non
1217 1237 1375 1295 causam;

213 1331 294 1390 tune
314 1330 429 1389 autem
447 1325 562 1406 agenti
585 1343 655 1388 non
682 1325 787 1390 ollloit
811 1325 963 1408 exceptio
990 1326 1039 1390 rei
1064 1325 1223 1408 judicatae
1248 1325 1314 1408 (lib.
1335 1324 1374 1400 ll,

213 1433 248 1496 ll.
271 1433 312 1496 da
341 1431 446 1497 Gond.
477 1433 547 1497 sine
568 1429 690 1514 aalma).
714 1432 838 1496 Praeter
859 1432 1063 1496 adulterium
1081 1432 1153 1498 dari
1174 1433 1276 1500 etiam
1294 1432 1377 1498 alias

211 1558 345 1614 causas,
371 1541 414 1604 oli
438 1557 522 1622 quas
544 1539 727 1605 divortium
750 1540 824 1604 lteri
844 1541 965 1623 possit,
997 1540 1107 1626 quoad
1130 1545 1241 1606 torum
1266 1545 1300 1605 el
1324 1557 1378 1606 co·

211 1647 465 1722 habitationem,
483 1647 601 1711 delinit
619 1645 720 1724 Trio,
736 1665 821 1714 sess.
835 1647 884 1725 11,
896 1665 969 1714 can.
983 1648 1003 1712 8
1015 1667 1022 1722 ς
1035 1647 1125 1712 unde

212 1843 242 1894 v.
260 1841 311 1904 tn,
327 1841 355 1893 st
368 1840 508 1906 quomodo
522 1841 558 1895 ob
575 1841 746 1894 adulterium
757 1841 910 1906 spirituale,
927 1854 975 1894 sau
992 1841 1134 1905 nareslm,
1148 1843 1197 1894 aut
1207 1839 1377 1905 apostaatam

565 1935 582 1974 a
598 1921 662 1984 ilde,
675 1923 734 1975 llerl
748 1922 836 1986 possit
853 1921 1026 1974 divortium?

251 2080 350 2164 Rcap.
368 2083 399 2144 l⁰
413 2082 557 2147 Haeresis
571 2088 623 2148 est
635 2101 738 2170 causa
751 2083 923 2149 sulssciens
940 2083 1128 2148 divertendi
1158 2083 1196 2166 (o.
1212 2083 1243 2160 6,
1263 2085 1280 2148 l
1301 2083 1335 2148 h.
1352 2087 1376 2148 t.

213 2195 247 2253 et
258 2207 331 2256 can.
341 2191 371 2264 5,
383 2207 461 2255 cum
477 2189 546 2274 seq.
561 2192 610 2267 18,
629 2210 660 2276 q.
678 2193 719 2272 1),
734 2210 814 2256 nam
828 2193 856 2256 si
870 2192 1059 2276 periculum
1073 2196 1124 2257 est
1137 2192 1376 2274 perversionis,

210 2301 267 2381 Jus
281 2297 436 2363 naturale
452 2298 555 2364 dietat
571 2305 607 2363 at
619 2301 770 2384 praecipit
784 2301 1035 2384 separationem
1056 2321 1062 2362 :
1085 2301 1112 2364 si
1134 2316 1218 2365 vero
1239 2317 1309 2366 non
1327 2305 1379 2366 est

211 2405 409 2500 periculum,
422 2408 479 2488 jus
497 2407 663 2488 permittit
680 2408 717 2472 in
737 2408 855 2474 odium
869 2408 1009 2472 haereais
1028 2407 1188 2473 recedere
1214 2407 1256 2471 ab
1274 2408 1380 2474 haera·

213 2513 289 2578 tico.
305 2516 338 2578 2⁰
353 2514 496 2580 llaeresis
511 2535 574 2580 nec
586 2535 665 2581 curn
677 2516 809 2592 haeresi,
827 2534 889 2582 neo
910 2533 989 2581 cum
1003 2515 1168 2582 adulterio
1183 2533 1380 2600 compensa-

213 2626 268 2685 tur
283 2642 290 2685 :
306 2641 387 2688 nam
400 2641 462 2706 per
474 2623 632 2688 haeresim
645 2642 714 2688 non
729 2623 873 2688 insertur
891 2623 1016 2706 injuria
1029 2628 1148 2688 mutua
1161 2625 1377 2708 conjugibus,

214 2730 276 2794 sed
289 2730 377 2806 Deo,
394 2733 455 2812 per
468 2728 672 2794 adulterium
686 2748 767 2795 vero
783 2731 822 2794 lit
834 2731 959 2812 injuria
972 2732 1192 2814 conjugibus3
1209 2749 1290 2813 ergo
1302 2729 1382 2796 licet

213 2837 379 2902 adulteris
405 2841 524 2901 mutuo
561 2839 772 2920 compensari
804 2839 947 2921 possint,
977 2857 1047 2903 non
1077 2844 1192 2904 temen
1218 2838 1378 2902 haereses.

212 2945 243 3009 3ο
259 2945 293 3008 Si
307 2946 350 3011 ob
363 2945 522 3010 haeresim
540 2944 626 3009 alter
647 2947 773 3027 conjux
792 2947 929 3031 propria
951 2947 1150 3012 auctoritate
1172 2945 1318 3024 divertit,
1335 2945 1381 3010 al-

213 3057 285 3118 tero
306 3051 536 3136 iesipisceute,
555 3055 690 3116 tenetur
704 3053 746 3117 ad
766 3071 845 3118 eum
857 3053 967 3118 redire
992 3074 999 3115 :
1017 3053 1096 3136 quia
1112 3052 1252 3117 haerasis
1269 3072 1330 3136 per
1343 3071 1380 3118 se

212 3178 283 3226 non
298 3165 350 3224 cst
362 3179 465 3225 causa
477 3159 633 3242 perpetui
642 3159 789 3234 diuortii,
807 3160 867 3224 sed
880 3159 1088 3242 temporalis,
1108 3159 1210 3244 quod,
1226 3163 1380 3226 cessante

211 3287 313 3334 causa
327 3269 477 3344 haeresis,
495 3285 628 3332 cessare
651 3265 762 3332 debet.
778 3267 821 3330 nt
841 3268 869 3331 si
890 3267 1069 3332 haeretious
1091 3286 1152 3352 per
1175 3267 1381 3332 sententiam

213 3377 459 3443 condemnatus
487 3381 547 3452 est,
577 3375 760 3440 divortium
783 3380 836 3440 est
858 3375 1081 3459 perpetun'm,
1109 3376 1187 3457 quia
1212 3374 1382 3440 sententia

136 3540 142 3554 ,
213 3485 279 3550 ista
291 3485 401 3569 privat
417 3484 576 3548 omnibus
588 3483 739 3566 juribus3
758 3488 890 3564 ergoet
909 3485 987 3565 jure
1011 3483 1182 3565 conjugali
1197 3485 1237 3565 (o.
1257 3481 1324 3548 oh.
1342 3487 1378 3557 t.,

213 3611 241 3658 c.
259 3595 329 3670 lin,
347 3595 388 3658 cte
401 3593 538 3669 Haeret,
555 3593 591 3657 in
604 3593 659 3674 6⁰);
674 3612 741 3675 quo
756 3611 848 3670 casu,
863 3593 890 3657 ai
900 3591 1083 3658 catholicus
1095 3589 1381 3657 transeatadreli-

212 3703 362 3784 gionem,
384 3702 425 3766 ah
447 3700 552 3765 altero
565 3699 784 3782 resipiscente
799 3700 952 3765 revocari
967 3719 1037 3766 non
1051 3701 1176 3782 poterit
1188 3699 1228 3781 (c.
1250 3699 1322 3775 lln.,
1340 3697 1382 3763 de

218 3809 539 3894 Gomorra.conjup.);
555 3814 589 3874 st
600 3810 628 3873 si
643 3813 779 3873 maneat
792 3809 828 3872 in
843 3809 978 3886 saeoulo,
993 3808 1072 3875 licet
1084 3811 1199 3874 forsan
1214 3807 1382 3890 derigere

214 3917 300 3999 juris
317 3895 386 3980 non
401 3921 574 3980 teneretur
591 3916 848 3998 resipiscentem
862 3917 1023 4001 recipere,
1039 3920 1153 3980 tamen
1168 3916 1210 3980 de
1223 3914 1381 3998 aequitate

112 4049 114 4052 ·
215 4024 349 4088 videtur
370 4024 625 4088 matrimonium
646 4024 963 4106 redintegrandum,
992 4031 1030 4088 ut
1052 4024 1220 4106 colligitur
1244 4041 1287 4086 ex
1309 4039 1338 4086 c.
1363 4023 1381 4083 i

214 4128 248 4194 h.
264 4137 304 4206 t‚;
320 4148 401 4194 nam
418 4148 521 4196 causa
544 4131 679 4196 divortii
692 4132 848 4215 perpetui
871 4150 941 4197 non
959 4137 1021 4207 est,
1038 4132 1104 4196 nisi
1119 4129 1192 4196 sols
1205 4128 1382 4195 fornicatio

214 4238 382 4303 aGhristo
399 4239 581 4319 assignata,
605 4244 721 4322 utpote
737 4241 907 4305 contraria
930 4240 1009 4304 fidei
1033 4235 1202 4321 conjugali
1221 4236 1382 4301 :haeresis

214 4365 295 4412 vero
317 4365 386 4411 non
407 4346 634 4412 videturesse
658 4366 761 4414 causa
785 4348 919 4413 divortii
947 4346 1121 4432 perpetui,
1152 4345 1218 4409 nisi
1245 4344 1382 4410 interim

214 4453 397 4519 catholicus
419 4457 545 4518 statum
568 4452 766 4536 religiosum
788 4459 940 4520 assumat
956 4475 963 4518 :
980 4473 1048 4537 quo
1073 4471 1176 4518 sensu
1198 4451 1383 4535 explicatur

216 4580 244 4625 c.
261 4562 327 4625 oh.
345 4566 382 4637 t.,
398 4560 617 4626 conformiter
627 4579 654 4624 c·
669 4563 741 4636 fin,
757 4563 797 4626 da
813 4562 968 4628 Gonoera
992 4562 1139 4646 conjup„
1157 4565 1191 4624 at
1207 4577 1235 4624 o.
1253 4559 1324 4634 lin,
1341 4557 1382 4623 da

217 4669 355 4746 Haeret,
371 4669 406 4731 iu
418 4671 461 4750 6⁰,

378 4795 421 4837 ιιι.
1186 4775 1225 4839 lt
