3412 5570
477 660 584 726 'nens
602 679 729 732 orsurus
751 678 970 726 nsoanmunu.
989 643 992 650 ¹
1252 660 1312 726 tte

178 794 210 858 3⁰
225 795 321 872 Quod
336 796 405 860 sint
419 797 522 862 etiam
534 798 712 881 prohibitae
724 799 802 882 jure
817 796 974 874 naturali,
992 799 1066 880 jam
1081 796 1252 878 colligitur
1269 815 1313 862 ex

140 919 242 986 supra
256 903 370 981 diotis;
387 923 467 970 nam
482 899 611 984 Patres,
623 907 766 973 eoncilia
778 911 813 971 et
826 906 859 971 S.
868 905 1048 970 Pontissoes
1062 907 1258 989 probantes
1273 905 1310 967 V.

139 1008 355 1076 Testamento
370 1031 492 1078 usuras
507 1033 584 1079 esse
598 1013 748 1090 illinitas;
764 1013 858 1098 atqui
871 1032 941 1079 non
954 1012 1084 1078 valeret
1100 1012 1268 1096 probatio,
1284 1011 1313 1076 si

140 1135 253 1182 usurse
276 1137 346 1184 non
372 1125 488 1186 essent
508 1121 631 1187 itlioitae
650 1125 728 1206 jure
753 1121 914 1196 naturali;
942 1139 1022 1186 nam
1040 1120 1113 1186 haeo
1131 1119 1313 1204 prohibitio

139 1223 260 1289 inisset
277 1226 333 1290 lex
350 1230 596 1295 oaeremonialis
611 1229 667 1294 vel
683 1229 863 1314 judicialis,
886 1247 960 1312 quse
981 1245 1051 1292 non
1072 1226 1216 1311 amplius
1232 1227 1315 1292 obli-

140 1337 199 1412 gat
219 1337 297 1416 post
316 1334 484 1400 Christum
507 1357 515 1400 ε
539 1356 622 1419 ergo
642 1341 799 1402 remanet
816 1339 854 1400 nt
875 1336 919 1400 sit
936 1332 994 1400 lex
1011 1335 1161 1413 morabs,
1178 1353 1240 1400 seu
1256 1336 1315 1418 jus

139 1441 304 1506 naturale.
918 1530 921 1538 Ι

181 1548 417 1628 confirmatur,
429 1553 461 1616 1⁰
476 1555 555 1636 quia
570 1572 691 1620 omnes
699 1559 821 1636 gentes
836 1551 1070 1638 etreipublioae
1082 1570 1152 1619 nou
1164 1551 1315 1618 barbarae

142 1659 339 1724 existiment
358 1679 480 1726 usuras
495 1681 570 1727 esse
597 1663 740 1740 illicitas,
765 1668 805 1727 ut
828 1663 914 1728 adeo
940 1663 985 1726 sit
1004 1662 1101 1747 quasi
1123 1660 1315 1727 eommunis

140 1769 317 1851 persuasio
330 1768 521 1834 bominum.
543 1770 575 1833 θ’
589 1769 667 1836 Jure
684 1775 815 1836 naturae
832 1771 968 1834 illicitus
987 1775 1040 1836 est
1062 1769 1186 1835 modus
1204 1771 1317 1854 aequi-

142 1875 240 1940 rendi
263 1895 343 1960 quo,
367 1878 394 1940 si
411 1879 599 1961 permissus
619 1880 723 1955 foret,
738 1879 835 1944 facile
854 1881 1118 1944 absorberentur
1141 1879 1316 1960 egentium
1489 1963 1491 1972 y

142 1983 298 2048 sortunae.
314 1985 416 2070 Atqui
429 1987 494 2052 hoo
508 1987 681 2071 fleretper
696 2006 818 2052 usuras
836 1988 1052 2054 lucratorias:
1075 1971 1204 2052 sensim
1224 1987 1317 2052 enim
1365 2063 1367 2068 Ι
1471 1987 1480 2000 ’

142 2092 338 2156 mutnstarii
354 2092 518 2160 solvendo
530 2113 653 2160 usuras
667 2097 782 2160 omnia
795 2096 988 2179 perderent.
1002 2097 1035 2159 3ο
1044 2096 1190 2160 Lucrum
1203 2095 1317 2176 exige-

143 2203 238 2263 retur
250 2199 306 2263 vel
318 2218 381 2283 pro
394 2207 486 2267 sorte
503 2201 690 2286 principali,
705 2202 762 2267 vel
779 2222 841 2287 pro
856 2206 931 2287 ejus
944 2222 1026 2280 usu;
1042 2203 1137 2286 atqui
1156 2207 1317 2268 neutrum

144 2307 217 2372 sine
231 2307 398 2391 injustitia
411 2310 485 2374 iteri
499 2315 628 2394 potest:
646 2311 784 2388 etenim,
802 2315 953 2396 spectata
965 2316 1067 2388 sorte,
1081 2312 1215 2394 justitia
1225 2329 1317 2376 oom-

143 2417 310 2482 mntsuvs
323 2418 429 2500 exigit
443 2419 672 2502 aequatitatem
688 2421 723 2484 in
738 2423 924 2496 contractu,
940 2438 1000 2484 seu
1016 2439 1086 2485 non
1100 2419 1268 2504 permittit
1278 2421 1318 2482 nt

143 2529 321 2608 aooeptum
335 2527 460 2609 saepius
474 2528 674 2594 restituatur
690 2549 698 2592 ε
717 2533 869 2613 exparte
884 2547 977 2606 usus,
993 2527 1076 2592 nibil
1091 2527 1195 2596 stiam
1211 2527 1317 2610 aeeipi

143 2637 267 2715 potest,
283 2650 362 2699 oum
379 2653 462 2700 usus
477 2654 538 2701 seu
554 2636 681 2701 utilitas
695 2635 746 2701 rei
765 2637 934 2720 pertineat
948 2637 990 2702 ad
1006 2636 1199 2713 dominum;
1214 2653 1317 2721 porro

143 2742 370 2806 mutuatarius
391 2743 501 2808 foetus
525 2748 578 2808 est
599 2744 758 2810 dominns
782 2744 832 2809 rei
855 2748 1029 2822 mutuatae,
1055 2763 1130 2828 quae
1152 2743 1187 2808 vi
1205 2742 1318 2808 mutui

145 2853 276 2932 spectat
289 2849 332 2914 ad
346 2852 601 2916 mutuatarium.
908 2939 911 2944 Δ

184 2954 387 3022 Benedictus
401 2957 481 3034 xlv,
497 2959 533 3021 in
552 2959 637 3042 Syn.
655 2958 764 3036 dinen,
779 2958 836 3024 lib.
854 2957 893 3036 Χ,
909 2978 937 3024 o.
954 2958 985 3036 4,
1002 2980 1036 3025 n.
1052 2959 1072 3024 t
1087 2963 1122 3024 et
1136 2978 1221 3044 seq„
1241 2959 1317 3024 fuse

145 3065 286 3149 exponit
309 3083 429 3131 omnes
455 3065 702 3148 disputationes
720 3066 809 3132 eires
829 3085 980 3146 usuram,
1002 3072 1037 3132 et
1060 3066 1095 3130 in
1110 3085 1173 3132 sus
1192 3065 1318 3132 oelebri

144 3176 252 3237 oonst.
271 3171 334 3238 Vis
344 3173 494 3256 perveni,
510 3173 660 3238 ostendit
675 3173 933 3252 omnebonum,
950 3192 1054 3240 eausa
1073 3173 1179 3238 sotius
1193 3173 1315 3247 mutui,

146 3299 220 3345 esse
235 3279 401 3358 sslicitum,
423 3285 541 3363 utpote
559 3283 637 3364 J'ure
659 3280 815 3356 naturali,
837 3281 951 3347 divino
967 3286 1002 3346 et
1020 3281 1247 3346 eeclesiastico
1265 3299 1319 3344 re·

144 3389 335 3470 probatum.

186 3496 215 3579 b)
231 3496 394 3573 Quaerunt
407 3496 604 3574 esnonistae,
616 3516 659 3562 an
674 3497 831 3582 princeps
846 3515 1039 3582 supremus,
1055 3515 1117 3582 per
1130 3496 1226 3579 leges
1238 3492 1319 3561 eivi-

145 3604 195 3670 les
210 3605 265 3670 vel
279 3606 361 3670 alies
375 3606 604 3690 permittendo
617 3623 750 3682 usuras,
765 3606 872 3688 possit
887 3624 944 3670 eas
958 3607 1069 3671 faeere
1084 3605 1204 3681 linitas,
1219 3603 1267 3670 ita
1281 3608 1320 3668 ut

145 3713 235 3778 beite
251 3720 285 3778 et
299 3715 372 3778 sine
385 3718 523 3797 peoosto
539 3713 628 3795 exigi
641 3713 696 3778 vei
708 3713 812 3796 aooipi
828 3713 979 3799 possint?
993 3712 1214 3800 Respondent
1227 3730 1320 3800 oom-

147 3822 296 3886 mnniter
314 3823 485 3903 negative,
502 3825 575 3885 tum
588 3820 869 3904 quiaClemensV
887 3821 922 3885 in
939 3838 1033 3886 oono.
1050 3819 1233 3886 Viennensi
1242 3837 1320 3903 prn-

147 3931 280 4014 scripsit
293 3929 408 3994 omnia
420 3933 546 3993 statuta
557 3934 590 3992 et
606 3929 741 3994 deoreta
751 3928 873 3993 baeresi
884 3929 1043 4004 faventin,
1057 3934 1130 3992 tum
1141 3929 1220 4013 quia
1228 3928 1320 4011 prin·

146 4061 226 4125 ceps
248 4040 417 4106 saeoularis
442 4059 511 4104 non
529 4045 643 4123 potest
659 4039 777 4104 tollere
795 4039 890 4122 leges
906 4040 1036 4104 divinas
1051 4044 1110 4103 eut
1126 4037 1317 4114 canonicas,

146 4149 342 4214 maximein
354 4147 406 4212 bis
422 4166 496 4230 quse
512 4147 689 4212 eontinent
701 4153 889 4232 peecatum.
906 4146 978 4213 imo
993 4165 1056 4212 neo
1066 4146 1226 4211 Summus
1237 4145 1321 4209 Pon·

147 4258 230 4320 tifex
243 4261 361 4342 posset
376 4255 604 4338 dispensando
618 4257 728 4320 tsoere
742 4254 851 4320 linitas
868 4273 1001 4332 usuras,
1021 4254 1100 4338 qnia
1115 4253 1147 4316 S.
1164 4252 1321 4317 Pontifex

48 4433 52 4441 ,
147 4364 266 4448 nequit
276 4363 472 4446 dispensare
483 4367 601 4428 eontra
615 4362 878 4445 prohibitionem
887 4362 975 4445 juris
986 4360 1091 4425 divini
1101 4365 1135 4424 et
1144 4357 1318 4434 naturalis,

22 4497 24 4502 ·
146 4472 181 4535 in
195 4473 249 4536 bis
263 4490 339 4555 quae
354 4469 543 4536 seeundum
558 4489 594 4535 se
609 4475 644 4533 et
657 4488 700 4534 ex
710 4469 843 4552 objecto
860 4487 922 4534 sno
936 4467 1026 4534 mala
1042 4471 1131 4531 sunt.

186 4579 252 4645 Neo
267 4571 369 4645 obsts'
394 4597 461 4663 quo
542 4569 1029 4652 museuffis‘tbtsretdf:uam
1036 4571 1114 4640 hee
1127 4565 1317 4648 tdidrentia,

147 4693 186 4752 ut
198 4688 352 4770 legitima
366 4687 505 4762 dicatur,
522 4703 592 4751 non
607 4684 741 4768 proprie
756 4702 796 4750 eo
805 4702 888 4753 ,vere
902 4683 1065 4748 fundetur
1078 4683 1114 4745 in
1129 4681 1197 4746 alto
1212 4679 1320 4744 domi-

120 4835 124 4842 ·
147 4795 204 4860 nio
219 4795 389 4880 principis,
402 4793 459 4878 qui
469 4796 586 4876 posset
597 4793 638 4860 do
652 4791 751 4856 bonis
762 4790 975 4856 subditorum
989 4789 1178 4876 disponere.
1192 4787 1321 4858 cetero
