3418 5566
539 588 626 635 maes
646 587 773 643 ommes
792 585 1013 635 oneraremus.
1306 563 1371 628 321·
1439 587 1443 598 ·

201 708 376 792 subjacere
386 705 730 792 volumus,quilibros
741 707 893 772 derebus
903 700 1367 771 sacristrectantessineordi-
1398 779 1400 784 Ι

201 817 290 909 narii·
302 815 544 901 approbatione
558 817 759 901 imprimunt
778 820 837 881 aut
854 813 1009 899 imprimi:
1021 812 1158 878 faciunt.
1177 835 1209 872 »-

241 921 367 990 Dicitur
388 945 396 989 ε
417 925 687 1009 «imprimentes
708 930 743 990 et
765 922 913 1009 imprimi
927 922 1090 989 iacientes
1109 922 1182 986 sine
1205 918 1366 986 ordinarii

201 1033 442 1119 approbatione
454 1033 558 1099 libros
573 1033 615 1099 de
625 1033 723 1100 rebus
737 1034 839 1099 sacris
852 1057 880 1110 »,
896 1051 1020 1116 nempe
1035 1030 1076 1096 de
1089 1029 1259 1114 Scriptura
1273 1045 1369 1096 sacra

201 1141 394 1213 tractantes,
416 1156 486 1203 non
503 1155 597 1216 vero,
614 1140 714 1222 juxta
731 1137 857 1222 plures,
879 1136 921 1202 de
943 1135 1009 1232 elio
1028 1139 1241 1217 argumento,
1264 1134 1368 1202 etiam

202 1243 404 1326 theologico.
414 1245 512 1311 Ratio
522 1251 585 1322 est,
601 1245 680 1330 quia
689 1264 783 1312 eone.
792 1244 1001 1310 'tridentium
1009 1243 1097 1309 hanc
1106 1243 1370 1326 prohibitionem

203 1351 394 1437 ediditpost
407 1352 581 1419 decretum
594 1354 824 1436 dogmaticum
837 1352 880 1418 (le
894 1351 1065 1420 canonicis
1080 1351 1269 1435 scripturis,
1285 1350 1370 1416 etin

203 1460 413 1525 sanctionem
435 1461 641 1528 firmativam
663 1460 753 1526 illius
773 1460 916 1538 decreti;
937 1463 1053 1526 tamen
1075 1457 1178 1542 aliqui
1201 1457 1371 1523 rationem

202 1567 295 1633 illam
309 1586 379 1633 non
393 1569 549 1652 probant,
564 1573 600 1633 et
610 1568 800 1634 extendunt
812 1568 905 1634 illam
918 1564 1182 1652 prohibitionem
1196 1564 1240 1630 ad
1254 1565 1373 1632 omnia

203 1693 307 1759 opera
320 1674 362 1740 de
375 1676 478 1740 rebus
493 1675 692 1758 theologicis
707 1677 896 1743 tractantis.
1262 1749 1265 1755 A

243 1781 444 1849 Constitutio
475 1788 624 1850 coarctat
651 1783 825 1850 decretum
842 1783 1086 1861 Tridentinum,
1114 1780 1207 1867 quod
1233 1795 1371 1866 poenam

204 1892 409 1958 extendebat
428 1893 531 1958 etiam
545 1893 589 1958 ad
603 1893 784 1960 vendentes
798 1899 901 1979 atque
915 1892 1006 1978 apud
1024 1909 1061 1958 se
1074 1892 1275 1970 retinentem
1296 1888 1368 1964 sed,

205 2019 248 2065 ex
270 1999 376 2066 altera
402 2006 512 2085 parte,
537 2000 769 2068 Tridentinum
796 2004 920 2085 agebat
944 2001 987 2067 de
1014 2001 1110 2066 libris
1135 1999 1208 2064 sine
1233 1995 1372 2064 nomine

205 2109 352 2175 auctoris
372 2110 489 2186 editis,
506 2109 589 2175 dum
609 2111 710 2177 bodie
724 2111 768 2178 ad
780 2129 918 2195 poenam
934 2109 1173 2176 incurrendam
1193 2107 1316 2172 sufficit
1336 2107 1376 2170 ut

204 2218 241 2282 in
262 2217 348 2284 libro
372 2217 505 2284 deficiat
523 2221 719 2303 approbatio
744 2219 1055 2305 episcopi,·etiamsi
1072 2217 1158 2283 liber
1176 2215 1232 2282 ille
1247 2232 1374 2280 nomen

206 2326 351 2392 auctoris
373 2330 478 2408 gerat.
504 2325 631 2392 Tamen
650 2327 806 2410 legentes
827 2328 883 2393 vel
903 2327 1089 2393 retinentes
1111 2326 1184 2390 haec
1206 2341 1311 2408 opera
1332 2320 1375 2386 de
1469 2379 1472 2384 .

120 2507 123 2514 ,
205 2435 307 2499 rebus
333 2434 436 2500 sacris
459 2437 636 2501 tractantia
663 2455 733 2502 non
762 2438 941 2502 incurrunt
969 2432 1373 2508 excommunicationem,

208 2541 328 2608 saltem
339 2542 439 2624 juxta
451 2545 722 2610 communiorem
734 2545 950 2612 sententiam.

246 2649 371 2716 Praeter
389 2670 509 2735 poenas
521 2652 607 2720 latas
625 2654 661 2718 in
675 2653 715 2718 ΙΙ·
740 2674 905 2722 excomm.
928 2656 970 2738 (1·
988 2653 1082 2736 sect.)
1106 2657 1140 2717 et
1161 2652 1197 2716 in
1217 2648 1377 2735 praesenti

206 2760 430 2844 prohibitione
453 2761 657 2842 Tridentina,
681 2763 783 2830 nullae
807 2765 918 2830 adbuc
945 2766 1128 2848 supersunt
1152 2762 1242 2827 eirca
1267 2759 1372 2825 libros

208 2885 355 2953 pravos:
383 2871 454 2934 tota
475 2888 556 2953 ergo
579 2870 636 2937 lex
658 2871 803 2956 poenalis
824 2873 859 2938 in
881 2873 945 2938 hac
968 2870 1112 2938 materia
1132 2872 1313 2936 revocatur
1333 2866 1377 2933 ad

207 2977 295 3042 bano
308 2975 477 3061 duplicem
490 2980 887 3046 excommunicationem.

688 3217 824 3281 saorla
845 3217 897 3280 tv.

530 3384 641 3440 Pteme
654 3387 734 3440 tnta
746 3389 864 3441 eoum
874 3351 1059 3440 barallam

252 3557 290 3628 ln
313 3560 431 3645 primis
449 3568 671 3630 recensentur
693 3583 802 3650 pcenae
827 3564 1065 3633 hereticorum
1092 3567 1164 3630 tam
1191 3561 1382 3647 spirituales

215 3688 317 3755 quam
337 3671 556 3756 temporales;
577 3676 696 3757 postea
716 3673 757 3740 de
770 3692 933 3760 processu
954 3671 1119 3742 erimineli
1140 3675 1259 3740 contra
1275 3673 1383 3737 heere-

214 3776 297 3844 ticos
313 3797 374 3844 seu
386 3778 428 3844 de
444 3779 666 3866 applicatione
680 3801 861 3866 poenarum
875 3801 1029 3867 agemus.

575 3991 627 4066 tl·
643 3992 683 4052 aa
691 3995 788 4068 pena
801 3975 1020 4069 mercatae.

214 4151 236 4207 1.
251 4155 290 4206 be
304 4151 440 4218 potestate
457 4152 594 4217 portendt
609 4153 756 4210 hereticos
771 4157 800 4211 ot
814 4157 849 4210 de
863 4157 999 4224 qualitate
1012 4156 1140 4213 oriminis
1153 4158 1244 4244 pente
1264 4151 1385 4212 obnoxii.

256 4287 438 4352 Indubium
458 4291 510 4352 est
526 4289 558 4352 1⁰
574 4289 752 4358 hereticos
768 4293 811 4358 ab
825 4292 972 4360 Ecclesia
984 4294 1097 4378 puniri
1106 4311 1219 4378 posse,
1236 4294 1315 4380 quia
1327 4311 1390 4378 per

216 4395 423 4480 baptismum
452 4397 532 4463 facti
561 4403 642 4462 sunt
668 4401 794 4466 subditi
815 4401 990 4482 Ecclesia,
1014 4421 1090 4488 quae
1109 4407 1247 4488 propter
1268 4419 1388 4469 eorum

216 4505 420 4588 pravitatem
439 4523 500 4570 seu
524 4507 754 4574 secessionem
776 4527 797 4576 a
819 4510 887 4576 ssde
908 4530 978 4578 non
1007 4510 1121 4578 amisit
1146 4528 1244 4576 suam
1276 4515 1390 4594 potes·

218 4597 334 4692 tatem,
349 4619 388 4679 ut
402 4631 492 4699 saepe
508 4616 689 4700 probatum
702 4618 776 4684 suit.
790 4619 928 4699 Tamen,

256 4723 289 4787 9⁰
307 4723 594 4806 Distinguendum
618 4730 670 4794 est
693 4726 783 4794 inter
804 4729 982 4797 hereticos
1002 4729 1208 4808 materiolae,
1234 4729 1293 4815 qui
1319 4745 1390 4796 non

376 4851 421 4898 ιιι.
1190 4841 1228 4906 ll
