3404 6584
383 517 456 582 1586
858 535 908 581 sus
926 533 1104 582 1111111111.

395 659 434 718 ut
447 671 548 740 supra
561 655 689 720 dictum
703 658 764 720 est.
781 653 1090 720 Excommunicatio
1104 654 1217 718 minor
1230 671 1300 720 non
1315 655 1554 730 incurrebatur,
1656 617 1657 700 ἶ

395 765 459 830 nisi
474 763 517 828 ob
531 763 874 829 communicationem
895 763 968 827 sine
988 763 1168 828 sufficienti
1186 779 1289 828 causa
1307 781 1389 828 cum
1403 764 1555 830 vitandis.
1656 785 1657 862 3

395 870 516 948 Hodie,
545 874 623 954 post
643 873 750 935 const.
780 871 978 954 Apostolicae
1001 869 1110 946 Sedis,
1133 889 1273 952 prorsus
1303 871 1461 948 cessavit,
1485 891 1558 936 curn

396 978 437 1044 de
462 977 520 1043 illa
542 977 635 1044 nulla
655 978 715 1043 liat
737 979 877 1056 mentio,
904 980 968 1043 etsi
987 978 1141 1044 Pontifex
1161 997 1204 1043 ex
1223 981 1396 1064 proposito
1419 979 1559 1044 voluerit
1656 1031 1657 1060 ,

396 1103 572 1152 recensere
597 1105 717 1151 omnes
740 1103 901 1152 censuras
923 1106 943 1152 a
963 1088 1040 1170 jure
1060 1087 1157 1152 latas.
1182 1087 1349 1152 Praetcrea
1374 1087 1560 1166 indicantur
1656 1097 1657 1124 ³

395 1212 495 1259 cesus
509 1195 545 1259 in
559 1196 681 1279 quibus
695 1195 956 1260 communicatio
971 1213 1050 1260 cum
1067 1195 1213 1261 vitandis
1228 1195 1357 1260 inducit
1371 1213 1559 1261 excommu-
1656 1179 1657 1222 l

396 1301 611 1377 nicationem,
623 1319 692 1367 non
706 1301 843 1386 quidem
856 1303 1035 1379 minorem,
1047 1302 1108 1366 sed
1118 1304 1296 1385 majorem,
1310 1305 1348 1367 ut
1359 1304 1401 1368 ob
1416 1321 1559 1368 commu·

397 1410 601 1476 dicationem
613 1412 649 1474 in
664 1411 804 1476 crimine
818 1411 1000 1476 criminoso
1014 1408 1070 1475 vel
1082 1411 1117 1475 iu
1133 1410 1267 1475 divinis.
1656 1389 1657 1414 ³

328 1498 333 1510 Χ
436 1519 746 1585 Excommunicatio
769 1522 880 1603 major
902 1523 955 1584 est
974 1539 994 1584 1
1016 1522 1094 1603 jure
1114 1518 1169 1583 vel
1187 1520 1229 1584 ab
1255 1519 1395 1584 homine
1419 1539 1426 1582 :
1446 1539 1560 1585 omnes

397 1631 765 1696 excommunicationes
779 1651 800 1696 a
811 1633 889 1715 jure
907 1637 1151 1695 enumerentur
1165 1631 1319 1712 explicite
1333 1630 1389 1696 vel
1404 1631 1560 1714 implicite

396 1739 432 1804 in
446 1740 574 1804 recenti
586 1743 692 1804 const.
709 1740 907 1825 Apostolicae
922 1739 1020 1804 Sedis
1035 1739 1083 1804 Pii
1098 1737 1150 1802 lx.
1656 1803 1657 1816 ,

436 1847 744 1912 Excommunicatio
759 1846 912 1912 absolute
926 1846 1067 1930 prolata,
1085 1847 1156 1911 sive
1172 1847 1215 1910 sit
1229 1850 1351 1930 ajuro,
1368 1849 1439 1912 sive
1455 1849 1498 1913 ab
1507 1849 1561 1912 ho·
1656 1871 1657 1896 1

397 1955 499 2032 mine,
517 1974 652 2039 semper
669 1939 869 2037 intelligitur
886 1954 927 2019 de
941 1955 1073 2038 majori,
1093 1960 1131 2018 ut
1145 1971 1304 2037 expresse
1321 1955 1476 2021 definivit
1490 1956 1562 2021 Gre-
1656 1965 1657 2000 1

398 2064 515 2146 gorius
530 2063 574 2127 lx
588 2064 623 2127 in
637 2081 666 2128 c.
684 2063 725 2128 Si
737 2082 847 2148 quem,
862 2064 896 2127 h.
914 2067 937 2126 t.

437 2176 469 2239 3⁰
493 2173 580 2252 Quid
601 2173 809 2255 intelligetur
827 2175 965 2237 nomine
987 2172 1236 2238 anathematis?
1256 2173 1456 2248 Anathema,
1471 2177 1563 2258 juxta
1656 2191 1657 2212 ³

397 2283 468 2347 vim
488 2282 647 2358 nominis,
663 2280 936 2346 maledictionem
961 2299 1022 2346 seu
1044 2281 1312 2347 exsecrationem
1335 2281 1513 2362 significat.
1530 2281 1562 2344 ln

398 2390 460 2456 SS.'
470 2390 656 2456 canonibus
670 2407 738 2454 vox
751 2389 809 2454 illa
822 2389 858 2453 in
873 2388 993 2472 triplici
1009 2406 1113 2454 sensu
1129 2394 1330 2474 usurpatur:
1351 2391 1383 2453 1ο
1400 2390 1444 2455 ad
1467 2390 1563 2472 signi-

398 2498 565 2564 dcandam
575 2496 960 2563 excommunicationem
969 2497 1139 2562 incursam
1148 2497 1364 2573 ohhaeresim,
1374 2515 1414 2563 ac
1426 2497 1561 2581 proinde

399 2608 441 2672 ob
456 2607 641 2671 maximam
658 2606 907 2689 separationem
922 2608 963 2672 ab
977 2606 1124 2672 Ecclesia
1138 2613 1178 2685 (c.
1196 2609 1232 2671 11
1251 2607 1284 2672 h.
1300 2611 1323 2670 t.
1335 2627 1342 2684 ;
1356 2623 1451 2672 conc.
1467 2605 1561 2681 Trid,

385 2709 425 2779 s.
448 2715 497 2790 15,
514 2732 542 2778 c.
560 2714 590 2788 3,
607 2712 872 2796 1111111111
888 2714 1126 2795 significandas
1149 2713 1314 2798 quasdam
1335 2715 1563 2779 excommuni-

325 2800 329 2810 ’
398 2821 539 2886 cationis
548 2821 791 2896 solemnitates,
807 2820 964 2886 videlicet
975 2821 1059 2886 dum
1073 2822 1377 2887 excommunicatio
1390 2820 1563 2886 denuntia-

398 2938 454 2998 tur
469 2953 547 2998 cum
561 2934 772 2998 caeremoniis
791 2933 833 2999 ab
847 2933 993 2998 Ecclesia
1006 2933 1169 2998 institutis
1182 2953 1190 3008 ;
1212 2933 1245 2997 3⁰
1260 2933 1302 2997 ad
1316 2933 1563 2998 distinctionem

399 3043 758 3108 excommunicationis
776 3041 927 3112 minoris,
945 3059 983 3106 ac
1003 3040 1145 3125 proinde
1167 3039 1209 3105 ad
1232 3040 1490 3122 significandam
1515 3059 1564 3106 ex-

284 3213 288 3242 ,
398 3150 741 3216 communicationem
757 3151 924 3231 majorem
939 3149 1023 3230 (can.
1042 3149 1090 3224 ta,
1107 3166 1209 3214 causa
1225 3149 1255 3226 3,
1273 3169 1303 3233 q.
1319 3149 1362 3232 1),
1380 3154 1416 3214 11
1430 3156 1484 3215 est
1496 3166 1564 3232 pro

399 3257 949 3343 priaetcommunissignificatio.
1341 3261 1344 3267 “

438 3368 471 3432 1ο
479 3368 628 3433 Tandem
636 3367 1276 3434 excommunicatiexcommunicatione
1284 3367 1564 3452 majori,aliisunt

400 3476 542 3552 vitandi,
559 3474 696 3540 1111111111
710 3475 915 3540 1111111άί1111
929 3475 1071 3540 tolerati.
1087 3475 1166 3540 lure
1180 3477 1332 3560 antiquo,
1344 3494 1467 3541 omnes
1476 3473 1563 3557 ligati

401 3583 750 3648 excommunicatione
769 3583 905 3666 majori,
927 3583 999 3648 sive
1018 3601 1038 3648 a
1058 3585 1136 3666 jnre
1152 3583 1224 3647 sive
1243 3583 1286 3647 111
1304 3583 1455 3659 homine,
1476 3585 1565 3648 eraut

401 3691 540 3767 vitandi,
556 3709 635 3756 cum
650 3709 690 3755 eo
709 3690 820 3756 solum
835 3690 1027 3756 discrimine
1044 3691 1133 3774 quod
1149 3689 1432 3755 excommunicati
1447 3689 1566 3774 publici

394 3803 436 3863 et
449 3799 573 3864 notorii
590 3802 687 3864 erant
705 3799 746 3863 ab
765 3799 923 3863 omnibus
937 3797 1076 3896 vitandi,
1099 3797 1181 3862 dum
1194 3797 1315 3862 occulti
1331 3802 1429 3862 erant
1442 3797 1565 3863 vitandi

401 3908 444 3972 ab
464 3907 505 3971 iis
528 3912 660 3972 tantum
680 3905 836 3971 fidelihus
850 3906 915 3991 iqui
937 3906 986 3970 rei
1000 3905 1125 3970 conscii
1144 3910 1241 3971 erant
1256 3907 1294 3988 (c.
1313 3905 1352 3970 11
1366 3905 1400 3970 h.
1422 3907 1471 3988 1.).
1494 3905 1566 3970 Post

401 4013 722 4081 constellationem
733 4013 864 4078 Martini
873 4013 910 4090 V,
920 4013 1089 4078 indultum
1102 4013 1167 4078 iuit
1178 4013 1334 4078 fidelibus
1346 4018 1395 4092 ut,
1405 4013 1564 4098 praecluso

402 4123 559 4190 scandalo
587 4129 646 4188 aut
668 4122 811 4206 propriae
838 4121 1064 4205 perversioris
1089 4120 1254 4205 periculo,
1276 4139 1346 4186 non
1372 4127 1566 4188 tenerentur

402 4232 508 4295 vitare
518 4231 584 4295 nisi
594 4229 903 4296 excommunicatos
912 4228 1202 4304 denuntiatos,vel
1210 4227 1362 4311 publicos
1371 4228 1565 4296 clericorum

402 4359 630 4424 percussores,
657 4339 787 4416 saltem,
807 4338 919 4423 quoad
936 4339 1000 4404 hos
1021 4339 1169 4414 ultimos,
1191 4337 1326 4422 quando
1349 4339 1479 4403 iactum
1500 4341 1565 4402 erat

403 4448 488 4514 adeo
504 4447 676 4513 notorium
694 4451 732 4511 ut
751 4465 821 4512 non
835 4450 950 4530 posset
964 4445 1076 4530 aliqua
1090 4445 1370 4526 tergiversatione
1385 4446 1498 4521 celari,
1512 4449 1565 4509 aut

403 4557 516 4638 aliquo
543 4554 705 4637 suffragio
728 4553 891 4620 excusari.
911 4553 1030 4630 Quoad
1048 4569 1276 4636 percussores,
1295 4553 1564 4636 nonraquireba-

405 4667 460 4728 tur
472 4661 691 4738 denuntiatio,
707 4661 767 4728 sed
787 4661 972 4728 sufficiebat
989 4661 1173 4728 notorietas
1191 4661 1270 4726 iacti
1286 4681 1293 4724 :
1310 4662 1356 4726 ita
1375 4679 1495 4726 omnes
1510 4659 1561 4723 GC.
