3482 5560
365 615 448 664 sauls
468 616 655 664 arosromca
675 615 854 664 nocuanrrr
876 615 961 662 cram
982 614 1203 663 summeurae.
1314 599 1375 665 ele

197 738 232 794 ut
243 733 326 806 vitia,
342 735 368 793 si
383 750 443 809 qua
456 734 518 796 sint
530 733 561 792 in
578 731 729 810 personis,
753 735 788 791 ut
810 745 952 792 curarum
973 735 1175 792 maternarum
1189 732 1322 806 pondus,
1341 739 1376 798 ut

198 824 322 884 comites
332 825 400 883 vitae
410 823 540 894 labores,
556 828 589 882 ut
599 837 691 882 casus
705 822 835 894 adversi,
851 837 912 882 non
926 821 1025 882 solum
1040 821 1201 894 moderate,
1218 822 1270 882 sed
1285 823 1374 884 etiam

197 911 324 972 libenter
334 912 531 986 perierantur.

233 1002 307 1062 lllud
322 1003 411 1061 etiam
427 1002 592 1061 cavendum
605 1007 663 1073 est,
678 1018 716 1062 uo
731 1000 998 1076 scilicetconjugia
1008 1001 1094 1060 laoile
1108 1007 1287 1075 appetantur
1306 1019 1375 1066 cum

197 1091 304 1151 alienis
313 1090 483 1150 acatholico
492 1091 629 1149 nomine:
642 1091 760 1150 animos
768 1091 847 1150 enim
857 1088 1018 1162 disciplina
1028 1089 1375 1164 religionisdissidentes

196 1181 247 1240 vix
261 1181 375 1254 sperari
390 1185 489 1253 potest
499 1180 618 1239 tuturos
630 1195 699 1240 esso
714 1185 821 1240 catera
833 1178 1007 1238 concordes.
1024 1179 1164 1248 Quinimo
1174 1179 1212 1238 ab
1228 1181 1375 1256 ejusmodi
1415 1203 1417 1210 ·

197 1271 350 1347 conjugiis
364 1287 401 1330 ex
414 1287 449 1330 oo
464 1271 593 1330 maxime
608 1271 790 1345 perspicitur
804 1287 873 1332 esso
888 1270 1122 1342 abhorrendum,
1140 1272 1221 1346 quod
1241 1275 1375 1334 occasio·

197 1377 265 1421 nem
281 1361 415 1436 praebant
425 1362 524 1420 vetite
537 1361 671 1420 societati
686 1367 716 1419 et
731 1359 996 1421 communicationi
1011 1373 1114 1418 rerum
1139 1375 1304 1434 sacrarum,
1325 1379 1376 1438 pe-

197 1450 326 1510 riculum
344 1451 484 1526 religioni
503 1457 606 1510 creant
627 1452 768 1526 coniugis
790 1449 939 1520 catholici,
960 1446 1173 1522 impedimenta
1191 1456 1265 1510 sunt
1287 1451 1374 1512 bona

197 1541 379 1602 institutioni
400 1541 574 1610 liberorum,
600 1548 630 1600 et
657 1556 791 1615 persaepe
814 1541 934 1600 animos
957 1538 1118 1614 impellunt
1140 1545 1175 1599 ut
1196 1547 1374 1602 cunctarum

197 1632 377 1707 religionum
392 1645 508 1706 aquam
527 1630 636 1690 habero
651 1631 797 1690 rationem
818 1635 1014 1702 assuescant,
1031 1629 1150 1690 sublato
1165 1631 1228 1691 vari
1245 1631 1374 1707 lalsique
1450 1631 1453 1642 '

140 1781 144 1791 ,
197 1721 381 1781 discrimine.
395 1753 431 1765 -
446 1725 600 1781 Postremo
619 1722 697 1792 loco,
712 1736 781 1781 cunr
796 1720 888 1795 probe
903 1719 1108 1796 intelligamus
1124 1721 1256 1780 alienum
1273 1738 1375 1782 essee

197 1811 339 1872 charitate
351 1817 455 1872 nostra
470 1813 621 1870 neminem
638 1819 786 1886 oportere,
802 1809 971 1872 auctoritati
986 1811 1055 1870 ildei
1074 1817 1104 1869 el
1115 1810 1234 1884 pietatis
1253 1818 1374 1887 vestrae,

196 1903 381 1961 venerabiles
402 1907 527 1974 Fratres
554 1902 623 1961 illos
637 1901 893 1971 commendamus,
909 1900 994 1960 ualde
1014 1900 1135 1975 quidem
1157 1901 1298 1973 miseros,
1323 1905 1375 1977 qui

198 1997 273 2052 aestu
289 1992 486 2066 cupiditatum
504 1991 618 2065 abrepti
634 1997 663 2050 et
677 1991 786 2050 salutis
809 2006 874 2050 suae
889 1990 976 2064 plene
990 1991 1182 2052 immemores
1206 1997 1310 2052 contra
1328 1995 1375 2054 ias

197 2081 313 2153 vivunt,
334 2081 413 2140 haud
434 2079 560 2156 legitimi
586 2080 769 2139 matrimonii
792 2080 914 2139 vincrdo
937 2079 1102 2153 conjuncti.
1126 2084 1160 2140 ln
1182 2080 1230 2140 his
1252 2082 1289 2140 ad
1309 2084 1375 2142 olli·

197 2169 277 2228 cium
303 2169 478 2228 revocandis
510 2169 686 2228 hominihus
717 2175 816 2233 vestra
848 2169 944 2228 solers
974 2169 1124 2228 industria
1158 2176 1313 2242 versetur;
1347 2178 1377 2231 et

197 2277 266 2321 cum
280 2275 332 2336 per
345 2275 401 2320 vos
415 2261 485 2334 ipsi,
501 2264 565 2319 tum
581 2259 758 2332 interposita
774 2259 907 2318 virorum
924 2258 1071 2319 bonorum
1085 2273 1186 2332 opera,
1202 2260 1300 2319 modis
1315 2276 1376 2320 om-

196 2350 287 2411 nibus
307 2350 477 2410 contendito
492 2355 525 2409 ut
542 2351 674 2410 sentient
688 2365 721 2410 se
733 2350 882 2424 flagitiose
902 2349 1020 2419 iecisse,
1040 2355 1133 2424 agant
1154 2349 1293 2424 nequitia
1312 2365 1373 2425 poe-

195 2441 365 2512 nitentiam,
386 2446 415 2498 et
438 2440 476 2499 ad
491 2441 592 2515 justas
612 2440 733 2514 nuptias
755 2440 815 2499 ritu
837 2439 984 2500 catholico
1000 2440 1150 2499 ineundas
1173 2440 1307 2500 animum
1328 2441 1373 2498 in·
1470 2491 1474 2498 .

191 2529 316 2590 ducant.
378 2557 380 2561 ·
934 2548 936 2552 ·

230 2624 299 2680 llaec
320 2621 357 2679 dc
376 2620 565 2680 matrimonio
593 2621 760 2680 christiano
779 2621 961 2680 documenta
983 2617 1204 2695 ac'praecepta,
1229 2635 1297 2694 que
1320 2636 1374 2695 per

196 2709 251 2768 has
279 2708 394 2768 litteras
418 2714 538 2769 nostras
560 2709 728 2779 vobiscum,
755 2705 941 2769 uenerabiles
968 2713 1103 2781 Fratres,
1125 2709 1376 2769 communicanda

195 2797 382 2868 censuimus,
395 2797 480 2857 lacile
491 2797 610 2868 ridetis,
621 2813 681 2857 noo
697 2798 845 2857 minusad
861 2799 1119 2858 conservationem
1132 2799 1230 2858 civilis
1244 2813 1377 2858 commu-

196 2887 309 2958 nitatis,
322 2901 413 2961 quam
432 2887 469 2946 ad
482 2887 609 2946 salutem
621 2887 777 2946 hominum
791 2889 1005 2961 sempiternam
1017 2902 1199 2962 magnopere
1215 2888 1375 2961 pertinere.

194 3009 229 3019 -
243 2977 427 3052 Faxitigitur
441 2980 521 3036 Deus
537 2981 570 3034 ut
584 2983 698 3051 quanto
713 2977 782 3050 plus
803 2977 913 3036 hahent
934 2977 986 3036 illa
1006 2978 1150 3036 momenti
1173 2983 1203 3036 et
1221 2978 1375 3051 ponderis.

194 3070 277 3124 tanto
292 3065 405 3124 dociles
413 3067 736 3140 promptosquemagis
747 3066 783 3124 ad
799 3066 964 3138 parendum
978 3067 1098 3125 animos
1114 3066 1227 3140 ubique
1236 3069 1375 3128 nanscis-

194 3159 315 3215 cantmt
327 3156 424 3228 liujus
441 3156 484 3212 rei
503 3155 610 3229 gratia,
626 3156 762 3228 supplice
782 3160 873 3229 atque
895 3156 1000 3215 humili
1025 3170 1111 3229 prece
1135 3171 1241 3214 omnes
1264 3159 1375 3229 pariter

194 3259 281 3318 opem
307 3245 503 3319 imploremus
526 3243 619 3303 beatae
632 3244 730 3308 llariae
744 3245 878 3320 virginis
897 3245 1108 3315 immaculata,
1133 3261 1211 3318 qua,
1234 3246 1373 3306 excitatis

194 3338 344 3397 mentibus
365 3338 401 3396 ad
422 3337 620 3397 obediendum
635 3337 716 3408 fidei,
742 3343 867 3396 matrem
886 3353 920 3398 se
942 3344 972 3396 et
993 3339 1170 3412 adiutricem
1197 3338 1372 3400 hominibus

193 3428 353 3500 impertiat.
373 3430 473 3500 Neque
489 3427 605 3486 minore
625 3427 727 3486 studio
743 3429 860 3486 Petrum
876 3433 906 3486 et
920 3429 1045 3487 Paulum
1070 3427 1274 3498 obsecramus,
1292 3431 1372 3501 prin-

193 3522 275 3594 cipcs
296 3521 512 3594 apostolorum,
533 3520 697 3580 domitores
721 3521 958 3594 superstitionis
981 3527 1097 3582 satores
1119 3522 1263 3593 veritatis,
1279 3527 1314 3580 ut
1331 3523 1369 3582 ab

193 3611 330 3670 eluvione
345 3611 566 3670 renascentium
581 3611 888 3672 errorumhumannm
901 3627 998 3688 genus
1016 3611 1190 3672 firmissimo
1202 3614 1368 3686 patrocinio

194 3706 344 3760 tueantur.

229 3795 343 3852 interea
368 3792 536 3852 coelestium
553 3807 712 3852 munerum
733 3793 888 3866 auspicem
915 3799 945 3852 et
966 3793 1133 3868 singularis
1154 3793 1368 3855 benevolentiae

194 3887 304 3942 nostrae
321 3887 438 3953 asam,
457 3881 544 3940 vohis
567 3881 719 3952 omnibus,
740 3882 925 3942 venerabiles
948 3885 1076 3955 Fratres,
1097 3889 1128 3942 et
1149 3883 1269 3960 populls
1291 3885 1367 3959 rigi·
1429 3891 1432 3898 '

104 4008 108 4014 ι
194 3973 294 4032 lantiaa
316 3977 423 4032 vesca
441 3971 625 4044 commissis,
649 3971 845 4046 apostolicam
866 3971 1104 4034 benedictionem
1124 3989 1160 4032 ex
1189 3974 1290 4032 animo
1311 3974 1367 4033 im·

192 4069 451 4212 pegffihomae
465 4151 544 4226 apud
556 4155 584 4212 S.
602 4155 732 4224 Petrum,
747 4153 796 4212 die
811 4157 845 4212 ltl
859 4153 1000 4214 februarii
1015 4169 1065 4214 an.
1080 4155 1160 4226 letio,
1173 4153 1367 4229 pontillcatus

194 4241 288 4300 nostri
304 4255 386 4300 anno
397 4239 541 4300 secundo.

971 4361 1037 4420 LEO
1058 4362 1113 4418 PP.
1134 4361 1204 4419 xiil.
