3418 5566
361 541 422 608 328
817 559 869 607 ros
890 557 1069 608 erroneus.

401 681 434 743 2·
448 678 596 763 Legatos
610 699 633 745 a
642 679 757 760 latae,
766 682 844 771 jure
853 681 1028 747 communi
1042 684 1203 765 spectato,
1217 697 1323 765 quum
1330 681 1386 746 hic
1398 680 1529 748 Summi

362 788 533 853 Pontificio
546 789 852 854 vicesinomnibus
863 787 1059 872 plenissime
1069 794 1176 871 geret,
1189 794 1223 854 et
1232 789 1308 855 ideo
1320 790 1420 856 etiam
1428 809 1530 874 supra

361 895 579 982 inquisitores
596 896 867 979 jurisdictionem
884 897 1008 962 habere
1028 897 1173 961 videtur.
1189 893 1316 963 'lamen
1334 897 1436 980 legati
1456 899 1529 964 sine

362 1003 498 1088 speciali
526 1003 765 1070 commissione
786 1003 819 1067 S.
836 1003 1006 1068 Pontificio
1027 1003 1082 1070 vel
1106 1005 1256 1089 supremi
1286 1003 1462 1070 murenulis
1478 1004 1530 1068 In-

308 1147 311 1154 ·
362 1113 552 1199 qrrisitionis
566 1131 638 1178 non
651 1112 767 1178 velent
781 1111 824 1178 ed
845 1131 882 1177 se
904 1130 1027 1179 vocare
1047 1130 1167 1180 causas
1186 1115 1259 1197 jam
1277 1118 1528 1200 preoccupatae

360 1223 402 1290 ab
415 1220 682 1306 inquisitoribus.

399 1333 433 1398 3ο
447 1332 640 1417 Episcopus,
657 1337 812 1416 respectu
831 1333 986 1398 omnium
1004 1333 1242 1398 haeretieorum
1265 1351 1336 1398 suae
1360 1333 1525 1411 dioecesis,

361 1441 434 1506 sive
452 1441 565 1506 clerici
585 1441 653 1505 sint
671 1439 743 1506 sive
766 1439 852 1517 laici,
868 1445 908 1505 ut
926 1444 1060 1506 constat
1074 1459 1116 1506 ex
1131 1440 1282 1506 clami·
1299 1442 1332 1506 h.
1350 1445 1374 1504 t.
1390 1441 1468 1507 llaec
1480 1444 1529 1508 fa-

360 1548 468 1616 cultas
480 1548 583 1615 etiam
599 1547 793 1612 extenditur
806 1547 851 1613 ad
863 1553 1038 1633 exemptos
1055 1567 1076 1614 a
1093 1548 1327 1632 jurisdictione
1349 1551 1524 1634 spirituali,

361 1676 432 1723 non
447 1655 538 1741 quod
553 1656 732 1739 episcopus
747 1657 791 1720 sit
801 1656 910 1739 judex
921 1656 1110 1721 ordinarius
1127 1675 1255 1733 eorum,
1275 1656 1336 1722 sed
1355 1663 1407 1722 est
1425 1659 1530 1742 judex

221 1799 227 1818 ·
361 1764 537 1844 delegatus
557 1763 653 1847 Papae
673 1783 680 1826 :
702 1781 745 1828 ex
763 1782 836 1847 cap.
858 1765 878 1827 9
897 1765 931 1828 h.
956 1768 980 1827 t.
1002 1763 1099 1830 Ratio
1119 1763 1368 1847 generalised,
1390 1765 1469 1850 quie
1487 1765 1528 1832 ed

362 1872 558 1956 episcopum
573 1874 702 1955 spectat
716 1872 901 1956 exstirpare
912 1871 1082 1947 haeresim,
1098 1890 1174 1956 quae
1189 1877 1241 1936 est
1254 1873 1443 1938 maximum
1460 1891 1530 1938 ma-

360 1980 444 2045 lum.
460 1979 606 2044 vicarius
616 1979 785 2061 generalis
796 1979 924 2063 nequit,
939 1980 1011 2044 sine
1020 1979 1180 2062 mandato
1190 1979 1336 2064 speciali,
1345 1980 1529 2064 procedere

357 2087 672 2164 incausahaeresis3
687 2093 802 2152 tamen
814 2091 931 2171 posset
944 2085 1094 2170 generali
1109 2087 1208 2152 modo
1223 2086 1377 2170 deputari
1387 2093 1425 2152 ut
1440 2095 1531 2154 esset

357 2193 466 2277 judex
480 2193 517 2258 in
530 2195 641 2260 causis
655 2194 805 2259 haeresis.

399 2303 433 2368 t·
447 2302 647 2387 Capitulum,
665 2301 746 2368 sede
760 2307 913 2381 vacante,
928 2307 1030 2387 prout
1051 2307 1185 2368 constat
1200 2322 1243 2368 ex
1265 2322 1293 2369 c.
1308 2305 1374 2369 911.
1392 2309 1415 2368 t.
1432 2305 1529 2372 Ratio

361 2417 414 2476 est
428 2412 516 2496 quia,
535 2411 615 2476 sede
631 2414 784 2486 vacante,
798 2410 986 2494 jurisdictio
1004 2415 1121 2476 manet
1139 2429 1245 2495 penes
1261 2411 1446 2495 capitulum
1467 2431 1528 2478 seu

361 2519 525 2584 vicarium
544 2516 775 2601 capitularem.
792 2517 918 2582 Tamen
931 2518 1003 2584 haec
1017 2517 1159 2586 facultas
1180 2537 1250 2583 non
1273 2519 1467 2585 extenditur
1485 2521 1528 2586 ad

360 2629 548 2711 exemptos,
569 2625 648 2708 quie
669 2625 705 2688 in
731 2625 796 2690 hoc
817 2641 898 2690 casu
925 2625 1103 2710 episcopus
1121 2627 1274 2711 procedit
1296 2631 1334 2692 ut
1353 2627 1528 2711 delegatus

360 2732 457 2800 Sedis
474 2732 686 2817 Apostolicee.
1278 2789 1280 2796 ,
1488 2760 1491 2768 ·

398 2841 430 2904 5⁰
454 2841 586 2907 Praelati
602 2841 780 2906 inferiores
794 2841 951 2925 episcopo
972 2841 1136 2907 habentes
1146 2844 1417 2925 jurisdictionem
1431 2848 1527 2933 quasi

360 2951 587 3037 episcopalem
595 2953 632 3015 in
642 2952 770 3017 clerum
781 2957 815 3016 et
827 2951 992 3036 populum
1002 2954 1043 3018 ab
1055 2953 1525 3039 episcopisindependentem.

359 3060 738 3145 Secusdepraelatisncn
747 3061 950 3127 habentibus
960 3061 1176 3140 territorium,
1185 3065 1287 3128 etiam
1297 3065 1523 3146 regularibus;

356 3167 393 3234 hi
416 3169 458 3234 de
480 3169 552 3233 suis
574 3168 715 3234 subditis
733 3169 900 3234 haereticis
924 3169 1130 3252 cognoscere
1149 3189 1220 3236 non
1240 3153 1400 3254 possunt}
1417 3173 1525 3239 multo

357 3277 471 3343 minus
489 3277 530 3342 de
554 3279 724 3342 extraneis
740 3296 801 3343 seu
823 3278 1050 3345 sacularibus.
1065 3279 1156 3344 Inter
1168 3282 1417 3365 propositiones
1432 3283 1525 3348 dem-

358 3389 456 3451 natas
476 3386 519 3449 ab
537 3385 631 3450 Alex.
654 3384 718 3463 VII,
744 3403 890 3470 sequens
908 3387 982 3469 (sub
997 3404 1092 3452 num.
1115 3388 1146 3470 t)
1163 3375 1308 3454 habetur
1326 3410 1333 3452 :
1353 3414 1369 3448 ι(
1393 3389 1523 3456 Praeleti

357 3492 531 3574 regulares
552 3497 696 3577 possunt
713 3494 750 3557 in
768 3495 842 3559 foro
862 3495 1075 3562 conscientiae
1098 3496 1274 3562 absolvere
1290 3516 1522 3584 quoscumque

357 3599 536 3665 saeculares
551 3601 594 3666 ab
607 3601 728 3666 haeresi
743 3601 874 3667 occulte
888 3607 923 3667 et
933 3604 975 3668 ab
992 3605 1341 3672 excommunicatione
1357 3607 1400 3671 oh
1412 3606 1522 3691 ipsam

355 3707 501 3772 incursa.
519 3731 534 3766 υ
564 3707 681 3785 Quoad
710 3727 791 3775 suos
819 3710 981 3788 subditos,
1012 3711 1093 3777 olim
1118 3717 1214 3778 erant
1235 3713 1310 3779 duae
1334 3717 1519 3781 sententia.

357 3813 449 3898 (Vide
460 3813 492 3879 S.
505 3815 588 3897 lig„
607 3815 664 3880 ΤΙι.
680 3834 778 3894 mor„
800 3817 822 3880 l.
835 3817 900 3895 Vll,
918 3837 952 3882 n.
969 3819 1124 3904 tectos).

396 3922 522 3990 Praeter
539 3924 614 3990 illos
639 3927 697 4009 qui
719 3925 889 3992 ordinaria
904 3933 1073 4013 potestate
1093 3947 1298 4014 cognoscere
1318 3931 1359 3996 de
1382 3933 1522 3998 erimine
1640 3983 1644 3990 .

355 4030 496 4096 haeresis
509 4037 664 4115 possunt,
680 4033 736 4098 alii
752 4034 792 4099 de
804 4043 1240 4122 eocognoscuntpotestate
1254 4038 1419 4121 delegata,
1435 4041 1523 4107 inter

357 4157 443 4223 quos
457 4139 666 4223 praeoipuum
679 4139 793 4226 locum
804 4143 958 4208 obtinent
971 4145 1189 4229 inquisitores
1203 4146 1235 4214 S.
1253 4145 1369 4212 Officii.

397 4248 428 4331 b)
440 4247 551 4313 luder:
563 4251 733 4314 secularis
746 4269 804 4315 sec
814 4253 924 4334 judex
936 4253 976 4318 c'e
988 4257 1272 4339 ceineompetecs.

383 4356 428 4432 ,1⁰
441 4355 493 4418 An
506 4357 543 4420 in
557 4374 660 4422 eausa
671 4359 811 4423 haeresis
821 4377 1026 4442 cognoscere
1051 4363 1154 4428 etiam
1175 4355 1283 4447 possit
1297 4365 1405 4448 judex
1419 4385 1522 4432 saecu-

355 4461 459 4527 laris?
480 4462 576 4541 Olim,
594 4482 655 4528 seu
679 4470 757 4530 ante
772 4469 1040 4551 praescriptiones
1051 4487 1079 4534 c.
1096 4471 1162 4536 8h.
1186 4477 1208 4536 t.
1225 4473 1261 4536 in
1275 4473 1318 4548 6⁰,
1344 4475 1455 4556 potuit
1468 4492 1524 4540 cc-

357 4589 521 4654 gncscere
538 4573 578 4638 de
589 4574 728 4639 crimine
741 4575 890 4654 haeresis,
904 4579 1037 4661 quando
1051 4581 1205 4664 ejusdem
1218 4582 1433 4648 insimulatus
1451 4589 1523 4648 erat

357 4679 474 4759 laicus,
487 4682 606 4748 etidec
619 4684 749 4750 ratione
763 4705 918 4768 personae
931 4687 1157 4772 delinquentis
1167 4697 1201 4756 et
1214 4691 1349 4775 quando
1359 4693 1523 4775 agebatur
