3514 5564
548 674 635 721 arsen
656 677 794 730 ausurus
815 681 1039 726 oncanramuu.
1325 667 1383 728 135

209 791 309 856 trices
326 792 416 856 inter
438 809 487 868 se,
507 809 577 856 non
597 793 685 856 flunt
705 795 826 860 atssnes
847 796 982 881 dejure
1004 815 1097 875 can.;
1114 800 1205 864 unde
1226 799 1254 862 si
1277 798 1383 879 Titius
1558 886 1562 895 ι

209 898 310 964 ducat
322 899 492 976 Bertham‚
508 903 651 986 ejusque
667 921 821 969 sororem
840 905 955 989 Gajam
975 907 1076 971 ducat
1094 906 1231 972 Maevius
1245 908 1380 983 viduus,
1425 936 1426 947 ¹
1474 901 1477 907 ’

208 1013 343 1074 mortuo
371 1008 468 1084 Titio,
495 1007 585 1074 itlius
613 1010 722 1075 Maeuii
745 1031 789 1077 ex
817 1012 882 1078 etia
903 1032 1007 1078 uxore
1032 1018 1231 1098 procreatus
1258 1014 1381 1079 ducere

206 1118 321 1197 potest
347 1115 526 1193 Bertham,
551 1116 737 1182 dummodo
765 1119 904 1184 Maevius
937 1138 1007 1185 non
1039 1119 1084 1184 sit
1106 1121 1382 1204 consanguineus

207 1221 292 1288 Titii.

206 1403 248 1455 111.
264 1404 331 1466 Qua
345 1415 472 1467 persono
487 1405 597 1458 nullam
611 1406 783 1460 contrahant
793 1405 962 1460 affinitatem
977 1407 1172 1472 impeditivam
1185 1408 1385 1463 matrimonii?

245 1550 346 1634 Resp.
358 1551 520 1628 Exdiotis,
532 1557 658 1637 praeter
668 1553 829 1617 maritum
841 1571 919 1617 cum
930 1553 1193 1634 consanguineis
1205 1554 1333 1632 uxoris,
1348 1561 1383 1620 et

206 1663 331 1742 praeter
343 1678 488 1728 uxorem
501 1663 675 1742 cognitam
698 1679 777 1727 cum
798 1661 1062 1743 consanguineis
1077 1662 1190 1727 mariti
1214 1681 1322 1747 usque
1338 1663 1381 1730 ad

206 1771 365 1850 quartum
378 1768 534 1850 gradum,
551 1768 644 1834 nulla
659 1769 724 1835 aiio
738 1787 887 1853 persona
900 1787 943 1834 ex
955 1769 1220 1850 consangnineis
1236 1771 1380 1836 duarum

204 1877 447 1957 cognationum
469 1880 639 1942 contrahit
662 1879 885 1943 affinitatem:
912 1877 1003 1942 unde
1019 1879 1051 1941 1ο
1069 1879 1099 1941 si
1118 1877 1243 1942 viduus
1256 1880 1382 1944 haheat

206 1982 324 2060 illium,
346 1989 381 2048 et
404 1989 514 2050 mater
531 1985 766 2063 viduattliam
792 1989 906 2069 potest
926 1990 1024 2069 pater
1041 1985 1166 2053 viduus
1189 1986 1311 2052 ducere
1333 1987 1378 2052 vi-

204 2092 307 2157 duam
321 2093 378 2157 vel
391 2091 496 2158 tiliam
512 2096 597 2177 ejus,
615 2093 753 2157 attilius
771 2092 878 2157 filiam
898 2092 1010 2158 viduae
1030 2093 1085 2158 vel
1099 2093 1208 2178 ipsam
1229 2095 1378 2172 viduam,

203 2201 231 2262 si
245 2205 343 2284 pater
361 2200 457 2266 duxit
476 2205 551 2286 ejus
569 2203 686 2268 tiliam.
703 2203 736 2266 Ψ
756 2203 829 2266 Duo
849 2204 971 2267 iratres
986 2207 1132 2286 possunt
1151 2202 1274 2268 ducere
1295 2204 1379 2269 duas

203 2325 349 2372 sorores.
366 2309 398 2372 3⁰
413 2307 512 2374 Pater
525 2310 638 2375 manti
651 2314 766 2394 potest
779 2310 903 2374 ducere
918 2314 1064 2374 matrem
1083 2329 1200 2388 nurus,
1219 2329 1281 2375 seu
1304 2315 1379 2396 ejus

204 2435 279 2500 quas
302 2421 355 2481 est
376 2434 465 2481 uxor
483 2416 557 2493 filii3
580 2422 615 2482 et
635 2436 653 2482 e
674 2435 841 2482 converso
863 2422 961 2500 pater
981 2417 1098 2482 uxoris
1118 2423 1233 2501 potest
1255 2419 1378 2485 ducere

203 2530 347 2588 matrem
366 2526 495 2607 generi.
521 2526 555 2589 4⁶
582 2525 761 2608 Privignus
787 2531 901 2610 potest
925 2525 1048 2591 ducere
1070 2527 1188 2591 matris
1210 2527 1316 2592 ffliam
1336 2547 1379 2593 ex

202 2631 268 2710 alio
285 2634 408 2699 marito
427 2617 558 2714 nata'm,
580 2634 636 2700 vel
658 2654 812 2701 sororem
830 2619 1003 2713 'noveram
1028 2640 1063 2699 et
1085 2636 1244 2718 privigna
1265 2640 1379 2720 potest

203 2743 330 2806 nubere
347 2744 453 2826 patris
467 2743 548 2819 tilio,
566 2749 625 2809 aut
638 2746 733 2810 fratri
747 2745 873 2822 vit1ici;
890 2763 971 2810 nam
985 2744 1164 2829 privignus
1175 2749 1210 2809 et
1223 2745 1380 2828 privigna

202 2849 306 2913 solius
322 2851 431 2915 vitrici
450 2858 509 2916 aut
527 2839 787 2918 noveroae'fiunt
808 2853 946 2929 affines,
963 2870 1033 2917 non
1053 2871 1137 2917 vero
1151 2871 1377 2936 personarum

201 2959 250 3022 eis
270 2965 503 3042 cognatarum.
524 2961 558 3025 5⁰
578 2960 611 3024 si
630 2963 735 3026 trater
751 2966 786 3025 et
807 2961 1118 3036 commoriantur,
1135 2960 1225 3024 iltius
1242 2966 1378 3025 uxoret

200 3067 298 3132 istius
315 3068 456 3132 maritus
473 3070 673 3152 superstites
688 3074 780 3134 recte
795 3070 884 3134 inter
899 3088 935 3133 se
952 3068 1172 3145 contrahunt,
1191 3068 1270 3152 quia
1284 3068 1378 3132 nulla

197 3176 362 3240 aissnitate
378 3176 537 3258 ligantur.
554 3177 587 3240 6ο
602 3176 635 3240 Si
653 3177 721 3241 duo
736 3177 858 3242 iratres
871 3177 997 3240 mortui
1013 3180 1108 3251 sunt,
1124 3175 1228 3239 Titius
1246 3194 1377 3240 succes-

200 3283 271 3346 sive
290 3287 404 3366 potest
424 3283 546 3349 ducere
569 3284 747 3369 utriusque
767 3302 926 3360 uxorem,
948 3283 1135 3349 dummodo
1157 3301 1282 3348 uxores
1303 3283 1376 3346 istae

199 3408 268 3454 non
284 3390 352 3454 sint
365 3391 455 3454 inter
466 3409 502 3462 aa
517 3392 794 3472 consanguinem.
809 3394 842 3455 7⁰
856 3391 1035 3472 Privignus
1050 3391 1154 3466 vidui,
1170 3391 1199 3454 si
1213 3390 1241 3453 is
1253 3389 1376 3454 deinde

199 3497 300 3592 eliam
314 3515 460 3562 uxorem
476 3498 577 3563 ducat
590 3503 625 3563 et
637 3499 813 3578 moriatur,
827 3503 941 3582 potest
952 3499 1152 3564 contrahere
1167 3516 1246 3562 cum
1260 3496 1377 3562 relicta

199 3607 253 3670 sui
271 3606 395 3683 vitrici;
411 3625 492 3671 nam
511 3607 689 3692 privignus
708 3609 772 3672 iste
790 3613 843 3672 est
862 3612 995 3672 tantum
1016 3607 1128 3673 artinis
1147 3606 1267 3682 vitrici,
1288 3623 1376 3670 uxor

199 3719 314 3780 autem
333 3733 403 3779 non
420 3716 590 3780 contrahit
607 3715 808 3781 affinitatem
827 3734 906 3781 cum
925 3716 1098 3792 affinibus,
1117 3715 1177 3780 sed
1197 3733 1275 3779 cum
1295 3731 1375 3779 oon-

178 3811 182 3824 '
199 3823 396 3904 sanguineis
414 3824 537 3888 mariti.
554 3825 587 3889 8⁰
600 3825 738 3889 Maritus
750 3824 893 3901 Berthae
911 3843 951 3889 ea
964 3829 1111 3902 mortua,
1128 3824 1251 3888 ducere
1262 3827 1375 3905 potest

197 3933 391 4015 privignam
405 3933 553 4012 Berthae,
571 3937 651 4019 quia
664 3954 743 4000 cum
756 3936 821 4001 hac
835 3935 1036 4001 affinitatem
1051 3953 1122 3999 non
1141 3933 1319 3999 contraxit.
1335 3931 1375 3994 Et

200 4039 355 4105 similiter
369 4061 456 4106 uxor
468 4043 581 4106 mariti
597 4044 754 4108 habentis
767 4044 963 4127 privignum
977 4061 1021 4106 ax
1035 4041 1138 4125 priori
1153 4059 1272 4115 uxore,
1285 4055 1375 4102 mor-

201 4153 260 4212 tuo
281 4150 421 4226 marito,
438 4155 551 4234 potest
568 4153 724 4235 privigno
745 4153 888 4229 nubere,
907 4156 942 4216 et
960 4151 1008 4216 sic
1025 4151 1066 4215 de
1084 4148 1226 4214 caeteris.
1248 4147 1373 4210 Omnes

157 4327 161 4336 ¹
200 4256 292 4320 enim
305 4274 404 4321 casus
418 4257 575 4322 facillime
591 4264 626 4322 et
640 4259 713 4323 sine
729 4259 850 4323 timore
866 4257 993 4336 solves,
1010 4255 1196 4323 dummodo
1212 4254 1373 4318 observes

198 4362 402 4447 principium
429 4383 532 4448 supra
556 4367 736 4442 traditum,
762 4367 853 4456 quod
882 4365 1008 4430 scilicet
1031 4364 1146 4428 nullus
1174 4362 1373 4426 affinitatem

198 4471 389 4548 contrahat,
406 4472 472 4536 nisi
486 4473 629 4538 maritus
644 4492 722 4539 cum
737 4473 1000 4555 consanguineis
1015 4471 1132 4536 uxoris
1147 4476 1181 4534 et
1195 4487 1283 4533 uxor
1295 4487 1373 4532 cum

197 4579 461 4660 consanguineis
477 4581 601 4644 mariti.
615 4581 682 4652 Nec
696 4581 846 4654 curanda
860 4585 941 4652 sunt
954 4579 1009 4648 hic
1020 4581 1099 4662 jura
1112 4577 1233 4654 civilia,
1251 4575 1373 4668 siquid

196 4687 585 4760 contrariumstatuunt.
925 4697 929 4704 '
