3482 5560
349 515 410 582 980
811 529 863 578 rus
883 527 1063 574 canonicor.

351 651 502 736 (ordines
516 649 725 733 simoniace),
742 649 831 714 ultra
844 648 995 714 munem
1009 647 1186 723 ultionem,
1202 663 1323 730 poenas
1347 649 1456 730 aiure
1475 649 1526 713 in·

351 763 460 828 tlictas
484 760 558 843 ipso
571 760 660 824 facto
675 759 849 824 incurrant
860 777 868 834 ;
879 781 896 816 »
910 757 1024 840 itaque
1039 757 1113 820 ista
1127 773 1281 820 censura
1291 759 1410 820 contra
1425 758 1526 823 simo-

351 873 466 937 niacas
477 869 709 936 ordinationes
734 868 835 933 hodie
851 885 920 933 non
934 867 1063 949 vigent.
1081 867 1113 930 S.
1137 867 1293 932 Pontifex
1316 867 1394 930 Pius
1411 867 1464 942 lll,
1489 867 1525 930 in

352 997 416 1046 sua
434 984 542 1044 const.
558 977 757 1062 Apostolica
778 976 887 1052 Sedu,
912 973 987 1040 illas
1008 991 1129 1058 poenas
1154 994 1225 1041 non
1238 975 1429 1048 renovavit,
1447 975 1526 1060 quia

350 1090 473 1155 vitium
487 1087 640 1152 simoniae
654 1085 755 1151 hodie
768 1090 828 1150 aut
841 1086 899 1148 vir
911 1085 1079 1168 reperitur
1089 1089 1150 1148 aut
1162 1084 1275 1166 potius
1287 1102 1464 1169 nunquam
1476 1083 1525 1147 in-

350 1196 487 1264 venitur
497 1197 533 1260 in
543 1194 824 1270 ordinationibus,
834 1198 869 1258 et
877 1193 955 1260 ideo
968 1211 1261 1277 supervacaneum
1271 1193 1394 1257 fuisset
1402 1191 1523 1258 minari

351 1310 504 1393 gladium
515 1308 670 1376 Ecclesia.
685 1307 879 1373 simoniacis
899 1307 935 1372 in
954 1305 1236 1372 ordinationibus.
1258 1304 1324 1370 Sed
1343 1323 1446 1388 poena
1458 1306 1525 1388 pri-

350 1422 508 1498 vationis,
535 1439 615 1486 cum
638 1438 708 1485 non
723 1419 767 1484 sit
780 1437 935 1494 censura,
954 1437 1025 1484 non
1037 1419 1103 1483 fuit
1117 1417 1250 1483 sublata
1269 1436 1332 1502 per
1352 1415 1525 1508 laudatam

352 1529 643 1594 constitutionem.
1404 1593 1407 1598 ,

387 1639 420 1704 4⁰
436 1637 618 1702 Ordinatus
629 1637 732 1702 etiam
741 1637 936 1702 incurrebat
949 1636 1211 1718 suspensionem
1221 1653 1309 1720 aspe
1320 1633 1526 1700 ascendendi

219 1803 221 1814 .
350 1747 393 1813 ad
413 1746 607 1831 superiores
631 1746 789 1823 ordines;
814 1763 915 1829 porro
938 1745 1012 1810 haec
1030 1762 1134 1828 poena
1152 1749 1206 1810 est
1226 1737 1341 1828 potius
1366 1743 1525 1826 irregula-

348 1856 431 1920 ritas
446 1873 550 1938 quam
563 1871 708 1918 censura
717 1858 763 1930 ,et
772 1853 849 1917 ideo
862 1871 932 1918 non
941 1852 1076 1918 videtur
1087 1852 1221 1918 sublata
1233 1873 1295 1936 per
1304 1852 1524 1938 constrfpos-

350 1964 458 2028 colica
472 1961 580 2026 Sedis.
590 1961 908 2044 Estproindepoena
921 1960 1058 2044 speciali
1075 1959 1178 2026 modo
1192 1965 1367 2026 reservata
1373 1963 1523 2024 Romano

351 2071 516 2148 Pontifici,
534 2089 576 2135 ex
589 2075 697 2135 const.
714 2069 881 2136 Sanctum
894 2069 1022 2146 SixtiV,
1033 2070 1091 2152 qui
1107 2069 1284 2150 derogavit
1295 2068 1447 2158 facultati
1459 2068 1522 2132 Tri·

353 2179 512 2253 dentinae,
526 2179 626 2261 juxta
638 2195 740 2261 quam
756 2175 904 2260 episcopi
918 2175 1162 2259 dispensabant
1176 2177 1212 2241 in
1221 2175 1522 2258 irregularitatlbus

349 2288 393 2352 ob
406 2286 534 2351 crimen
550 2285 720 2351 occultum
731 2285 924 2350 reservatis.

390 2397 419 2478 c)
432 2394 546 2458 Pane
562 2393 602 2458 ob
616 2395 797 2460 simoniam
810 2393 937 2458 realem
953 2395 987 2458 tn
998 2395 1190 2478 provisione
1202 2393 1449 2476 beneficiorum.

392 2505 423 2568 1⁰
438 2503 648 2577 Obtinentes,
666 2502 786 2566 dantes
800 2506 834 2566 et
847 2506 1071 2585 cooperantes
1086 2503 1275 2567 formaliter
1288 2503 1363 2587 ipso
1378 2505 1466 2568 facto
1477 2505 1524 2568 in·

349 2616 492 2677 currunt
506 2609 894 2676 excommunicationem
909 2610 1006 2694 Papae
1020 2610 1171 2692 generali
1186 2611 1290 2675 modo
1302 2615 1523 2689 reservatam,

351 2739 396 2786 ex
410 2725 540 2784 extrav.
557 2721 577 2784 i
592 2721 626 2783 h.
643 2719 707 2795 tit,
724 2738 767 2783 ex
781 2723 889 2783 const.
909 2719 1019 2798 Quam
1030 2721 1182 2804 primum
1202 2719 1250 2784 Pii
1271 2719 1316 2784 V:
1332 2722 1405 2784 baec
1425 2739 1525 2805 poena

351 2828 696 2894 renovaturinconst.
712 2828 911 2914 Apostolicoe
921 2827 1032 2919 Sedis,
1047 2845 1081 2890 n.
1095 2829 1143 2892 10.
1156 2827 1206 2891 Ab
1217 2827 1281 2892 hac
1296 2829 1526 2892 excommuni-

350 2938 483 3004 catione
498 2937 675 3012 absolvere
689 2942 802 3022 potest
816 2939 996 3021 episcopus
1009 2937 1045 3001 vi
1067 2935 1236 3002 facultatis
1260 2936 1472 3012 Tridentinae,
1498 2939 1527 3001 si

350 3062 450 3110 casus
465 3047 510 3110 sit
527 3045 698 3111 occultus:
716 3065 797 3111 nam
809 3046 974 3129 illapoena
987 3064 1058 3111 non
1072 3046 1274 3128 pertinetad
1283 3064 1445 3110 censuras
1454 3065 1527 3129 spe·

351 3153 426 3220 ciali
441 3153 544 3219 modo
559 3157 762 3218 reservatas.

390 3263 423 3327 2⁰
438 3262 601 3342 Provisio,
618 3263 748 3338 electio,
763 3263 988 3340 confirmatio,
1003 3263 1261 3348 institutio-ipso
1269 3266 1346 3347 jure
1358 3263 1524 3340 estnulla,

345 3361 399 3436 ¹'ita
411 3377 448 3436 ut
457 3371 591 3436 nullum
602 3374 672 3454 jus,
682 3390 793 3454 neque
803 3370 921 3435 titulus
931 3371 1248 3455 coloratusproviso
1259 3374 1453 3456 acquiratur
1465 3394 1472 3436 :
1485 3392 1527 3436 ex

353 3479 426 3545 ead.
439 3484 547 3546 const.
565 3479 612 3542 Pii
625 3480 651 3543 V
662 3483 696 3543 et
710 3485 839 3544 extrav.
852 3480 907 3543 cit.
925 3480 1052 3544 ‘lamen
1067 3481 1095 3544 si
1109 3481 1327 3564 presentatio
1339 3480 1395 3546 vel
1408 3481 1527 3546 electio

354 3589 457 3652 fuerit
469 3587 632 3669 legitima,
650 3593 686 3652 et
699 3587 771 3652 sola
798 3589 966 3652 institutio
994 3588 1191 3666 simoniaca,
1211 3590 1341 3656 valeret
1360 3591 1453 3672 prior
1475 3607 1528 3654 ac-

354 3703 420 3772 tus,
438 3702 472 3762 et
487 3698 559 3763 sola
570 3699 736 3762 institutio
752 3703 845 3763 esset
858 3701 952 3764 irrita
967 3720 974 3776 ;
996 3699 1056 3764 sed
1071 3701 1099 3763 si
1115 3699 1234 3766 electio
1251 3720 1311 3767 seu
1326 3701 1420 3784 prior
1433 3706 1527 3765 actus

354 3811 445 3870 esset
460 3806 676 3880 simoniacus,
694 3825 814 3872 omnes
826 3812 921 3872 actus
937 3808 1186 3892 subsequentes
1206 3810 1262 3892 qui
1284 3810 1319 3872 in
1338 3809 1403 3873 hoc
1417 3809 1528 3892 priore

352 3913 550 3990 fundantur,
567 3919 683 3978 essent
697 3915 799 3979 etiam
813 3915 908 3979 irriti.
925 3916 1017 3980 Reus
1031 3917 1173 4000 proinde
1189 3915 1323 3980 nullum
1335 3919 1393 4000 jus
1414 3917 1527 4000 acqui-

354 4026 446 4086 reret
459 4040 520 4104 per
538 4021 740 4088 triennalem
753 4025 1009 4106 possessionem
1023 4045 1030 4102 ;
1048 4029 1174 4100 tamen,
1190 4027 1290 4108 juxta
1297 4025 1424 4109 plures,
1439 4023 1530 4090 vale-

355 4134 408 4194 ret
416 4130 489 4193 baec
501 4131 673 4213 possessio
684 4131 796 4214 quoad
802 4133 932 4198 fructus
947 4137 982 4197 et
992 4133 1104 4216 quoad
1116 4133 1331 4208 heneficium,
1343 4132 1370 4198 si
1379 4132 1529 4215 provisio

356 4237 541 4302 simoniaca
561 4238 649 4302 facta
668 4239 799 4314 fuisset,
819 4239 998 4320 ignorante
1021 4239 1237 4305 beneficiario
1255 4222 1339 4303 etin
1358 4237 1528 4304 bonafide

355 4351 554 4409 remanente
568 4364 630 4428 per
644 4350 754 4411 totum
774 4347 958 4411 triennium
977 4346 1165 4428 (Schmalz,
1181 4346 1203 4409 l.
1220 4347 1245 4410 V
1259 4349 1293 4412 h.
1312 4349 1375 4422 tit,
1393 4367 1426 4412 n.
1443 4348 1525 4428 idi).

393 4452 425 4515 3ο
440 4452 490 4518 Ita
504 4454 660 4536 provisus
674 4459 811 4520 tenetur
825 4475 945 4521 omues
958 4448 1089 4521 'fructus
1104 4475 1146 4520 ex
1164 4457 1329 4521 beneflcio
1350 4461 1528 4541 perceptos

354 4560 533 4625 restituere
550 4586 565 4619 «
580 4563 642 4625 sub
656 4563 777 4628 anima
793 4583 864 4628 suae
879 4563 1069 4646 periculo»,
1085 4564 1239 4648 adeoque
1253 4569 1331 4630 ante
1342 4565 1445 4629 ullam
1454 4583 1528 4628 sen-

355 4669 496 4732 tentiam
507 4668 641 4751 judicis,
653 4688 696 4734 ex
712 4670 832 4735 iisdem
844 4671 998 4754 juribus:
1016 4672 1107 4755 quod
1119 4673 1263 4753 intelligi
1279 4672 1380 4738 dehet
1392 4672 1528 4736 univer-
