3482 5560
367 544 429 612 266
827 563 877 610 tus
897 563 1079 610 canonicus.

368 686 411 750 nb
422 683 494 750 lnn.
510 683 574 766 lll).
589 683 843 750 Constatetism
857 701 900 748 ex
914 702 942 748 o.
956 683 1043 748 3411.
1060 685 1122 760 tit,
1140 684 1197 748 nbi
1215 683 1365 766 receptio
1378 681 1490 748 olerioi
1505 681 1540 744 in

368 795 568 860 eanonionm
584 792 706 858 dieitur
721 811 797 859 esse
816 793 1011 870 simoniana,
1030 795 1059 858 si
1077 793 1132 859 ille
1156 795 1246 860 bons
1260 811 1323 858 sus
1338 793 1460 858 obtulit
1478 809 1540 876 pro

368 902 551 986 praebends
563 919 626 966 sus
638 918 717 966 oum
733 901 928 967 conditione
939 907 977 966 nt
991 903 1064 986 ipse
1081 903 1263 986 recipiatur
1275 901 1310 966 in
1324 900 1537 967 sanonicum.

370 1009 423 1074 Sis
434 1009 525 1075 bons
538 1010 673 1086 dantur,
689 1028 759 1074 non
771 1011 975 1094 utpretinm,
989 1011 1049 1076 sed
1062 1015 1100 1074 nt
1113 1011 1280 1077 motivum
1292 1007 1489 1076 oonlerendi
1498 1025 1542 1071 ex

365 1115 508 1200 justitia.
524 1115 650 1181 'lamen
666 1117 694 1180 si
714 1117 860 1182 intentio
874 1118 1034 1202 primaria
1048 1119 1092 1182 sit
1102 1116 1204 1183 dandi
1218 1119 1325 1200 gratis
1341 1113 1538 1199 temporale,

369 1225 454 1289 dans
473 1229 694 1290 eroussretur
715 1244 735 1290 s
757 1225 833 1291 labe
855 1227 1021 1301 simoniae,
1043 1245 1124 1292 oum
1144 1225 1238 1290 nulls
1255 1227 1316 1291 flat
1332 1223 1541 1308 comparatio

368 1331 567 1396 immediata
583 1333 672 1396 inter
684 1333 869 1416 temporale
891 1338 926 1398 et
940 1332 1114 1417 spirituale
1130 1333 1174 1414 (S.
1191 1334 1274 1416 Lig.‚
1295 1352 1329 1398 n.
1348 1333 1410 1416 54).
1434 1331 1499 1397 Sed
1513 1332 1542 1394 si

369 1440 530 1523 obligatio
547 1441 743 1506 antidorslis
759 1442 945 1508 deducatur
958 1443 994 1506 in
1008 1448 1157 1525 pastum,
1173 1444 1237 1507 erit
1251 1443 1406 1516 simonis,
1420 1441 1541 1507 saltem

370 1549 506 1634 qnando
527 1554 665 1633 paetum
689 1569 815 1616 novam
844 1550 937 1615 addit
963 1551 1208 1634 obligationem
1229 1551 1273 1634 (S.
1302 1553 1386 1632 lig,
1418 1570 1452 1615 n.
1473 1549 1542 1630 53);

371 1660 499 1752 etenim
510 1658 629 1723 titulus
640 1659 780 1743 justitiae
794 1659 1011 1724 substituitur
1025 1658 1123 1724 titulo
1137 1659 1365 1742 gratitudinis.

409 1769 441 1832 3ο
462 1768 548 1832 Dare
560 1767 740 1832 vellaoers
755 1767 940 1852 spirituale,
957 1787 990 1832 v.
1006 1786 1039 1850 g.
1054 1767 1232 1835 absolvere
1246 1786 1268 1833 s
1280 1769 1440 1852 peoostis,
1464 1786 1543 1832 oen-

372 1876 472 1954 snris,
485 1875 749 1959 impedimentis,
767 1881 843 1950 ets,
862 1895 905 1941 ex
918 1875 1093 1960 prinoipali
1110 1876 1239 1942 motivo
1262 1895 1323 1940 sen
1347 1877 1417 1940 fine
1436 1876 1547 1958 sequi-

373 1985 470 2049 rendi
486 1984 682 2068 temporale,
695 1990 748 2048 est
758 1985 994 2062 simoniacum,
1003 1988 1103 2068 juxta
1110 1985 1544 2052 eommunemsententism

374 2092 418 2176 (S.
428 2095 511 2176 lig,
523 2111 557 2156 n.
567 2093 629 2174 sl).
646 2093 784 2158 Constet
799 2093 902 2158 etism
914 2112 957 2158 ex
965 2093 1183 2159 damnatione
1194 2094 1372 2158 sententiae
1383 2091 1547 2176 oppositae

375 2203 416 2266 ab
435 2201 507 2266 lnn.
522 2200 584 2263 lll:
603 2225 618 2258 α
630 2199 666 2264 ld
681 2218 817 2284 quoque
838 2199 952 2265 losum
972 2201 1076 2266 babet
1102 2201 1203 2284 (quod
1227 2219 1298 2265 non
1322 2201 1367 2264 sit
1390 2199 1549 2266 simonis-

374 2313 464 2392 oum)
490 2309 625 2374 etiamsi
647 2307 834 2392 temporale
858 2309 903 2372 sit
915 2308 1086 2374 motivum
1099 2308 1302 2392 prinoipsle;
1328 2309 1399 2374 imo
1415 2307 1549 2372 etiarnsi

375 2419 419 2483 sit
430 2417 509 2481 finis
521 2417 627 2500 ipsius
641 2416 690 2480 rei
702 2413 897 2498 spiritualis,
913 2417 961 2481 sio
976 2416 1107 2482 utillud
1123 2415 1228 2501 pluris
1245 2417 1434 2480 aestimetnr
1447 2433 1551 2500 quern

373 2545 429 2592 res
444 2524 656 2609 spiritualis»
671 2529 775 2609 (prop.
790 2545 860 2589 ιιιι
870 2527 960 2590 inter
974 2525 1173 2608 damnatas).
1188 2509 1285 2590 Ratio
1297 2529 1358 2600 est,
1373 2525 1452 2608 quis
1466 2523 1551 2588 dsns

373 2633 430 2698 vel
440 2633 567 2698 isoiens
579 2630 752 2715 spirituale
767 2631 996 2717 principaliter
1015 2638 1152 2716 propter
1166 2632 1364 2717 temporale,
1385 2634 1546 2698 censetur

376 2740 674 2807 darevelvendere
684 2740 857 2827 spirituale
870 2741 1135 2826 protemporali,
1148 2747 1311 2825 tanquam
1320 2741 1442 2826 pretio,
1460 2739 1553 2824 quod

378 2853 431 2915 est
447 2848 588 2916 omnino
604 2849 838 2914 simoniacum.
856 2850 1020 2915 blotivum
1032 2851 1086 2914 hio
1096 2869 1165 2915 non
1180 2850 1295 2914 differt
1308 2849 1459 2932 spretio,
1476 2865 1551 2924 seu,

379 2962 417 3022 ut
427 2957 514 3022 sitS.
531 2956 614 3039 Lig.,
630 2956 799 3022 motivum
813 2957 1004 3024 virtualiter
1012 2958 1224 3022 convertitur
1237 2957 1273 3021 in
1281 2957 1430 3040 pretium
1441 2955 1475 3038 (l.
1498 2955 1551 3036 s).

379 3063 448 3130 lloo
460 3065 605 3129 babetur
619 3063 734 3139 etism,
750 3063 871 3130 saltem
882 3067 982 3146 juxta
996 3063 1134 3140 multos,
1151 3064 1188 3128 in
1202 3065 1365 3132 oenonioo
1379 3063 1436 3148 qui
1448 3063 1554 3129 oborn

380 3173 507 3237 assistit
519 3171 747 3256 prinoipaliter
756 3177 895 3256 propter
907 3171 1173 3249 distributiones,
1188 3171 1243 3236 vel
1257 3172 1293 3236 in
1306 3169 1482 3236 ssoerdote
1496 3169 1555 3254 qui

379 3281 611 3356 oonoionstur,
637 3279 777 3345 missam
800 3279 959 3356 celebret,
983 3281 1242 3365 eto.,prims1io
1265 3285 1404 3365 propter
1429 3280 1556 3362 stipen-

382 3389 492 3465 dinm;
514 3387 575 3452 sed
594 3388 622 3450 si
641 3386 810 3471 ejusmodi
829 3392 924 3451 setus
946 3392 1149 3452 exercentur
1168 3387 1397 3470 principaliter
1416 3389 1556 3469 propter

381 3493 1146 3572 linemsuumintrinseoum,soilioetbonorem
1155 3495 1226 3572 Ilei,
1237 3491 1556 3560 nullssimoniserit

382 3602 582 3670 secundario
599 3600 775 3667 intendere
795 3602 1015 3667 oonrmodum
1029 3601 1227 3684 temporale.
1241 3601 1407 3678 indubio,
1425 3602 1555 3665 fruetus

383 3709 1123 3793 temporalispraesumiturfinisseeunoarius.
1131 3711 1300 3775 Diximus:
1305 3710 1411 3792 juxta
1419 3708 1555 3786 multos,

383 3818 463 3902 quis
482 3816 686 3902 probabilior
701 3818 871 3882 sententis
888 3818 1028 3885 eosdem
1050 3824 1200 3895 exousst,
1221 3835 1328 3902 quum
1348 3815 1558 3899 stipendium

382 3943 452 3992 non
469 3926 566 3990 detur
576 3929 615 3990 nt
627 3925 776 4010 pretium
789 3925 839 3990 rei
856 3943 971 4002 ssorae,
988 3924 1050 3991 sed
1064 3926 1107 3990 sd
1117 3925 1299 3992 honestam
1312 3941 1470 4008 personas
1484 3939 1558 3986 sus-

383 4033 616 4110 tentationem,
630 4038 665 4098 et
674 4033 817 4098 intentio
828 4035 960 4115 agentis
967 4034 1153 4100 ooniormis
1164 4034 1209 4098 sit
1218 4038 1349 4098 naturas
1357 4031 1407 4096 rei
1419 4031 1462 4113 (S.
1473 4031 1556 4112 Lig,

382 4161 416 4206 n.
433 4143 483 4219 55,
500 4145 619 4225 quaest.
642 4141 683 4222 5).
699 4139 747 4206 0b
766 4140 922 4206 eamdem
941 4143 1119 4218 rationem,
1138 4141 1318 4206 seimonis
1337 4138 1437 4203 multi
1460 4155 1559 4203 exou-

383 4249 680 4316 santssoerdotem
695 4249 752 4332 qui
763 4267 824 4333 pro
837 4249 941 4315 missa
956 4249 1162 4332 stipendium
1173 4266 1276 4331 supra
1289 4253 1405 4311 taram
1413 4245 1559 4328 legalem

386 4358 548 4440 exegerit,
563 4357 768 4422 lioetoontrs
778 4357 947 4439 justitiam
960 4362 1092 4442 peooet;
1110 4357 1170 4422 sed
1186 4355 1356 4422 sententia
1370 4353 1561 4438 oppositas

388 4466 548 4546 gravibus
560 4465 626 4528 ill).
643 4469 890 4548 propugnatur,

424 4572 456 4636 4⁰
477 4571 663 4638 Consentio
686 4591 753 4656 qua
777 4571 845 4637 duo
869 4573 1059 4638 benessoisti
1087 4572 1159 4637 sine
1181 4587 1352 4636 consensu
1373 4567 1559 4651 superioris

389 4683 585 4766 permutant
602 4679 691 4748 inter
705 4695 743 4748 se
758 4679 932 4758 beneficia,
951 4685 1003 4745 est
1017 4679 1163 4750 simonia
1184 4678 1329 4768 simplex
1344 4676 1433 4765 juris
1455 4675 1560 4745 eoele-
