3508 5568
560 537 647 588 urana
667 537 803 594 ooanrus
825 539 1042 586 nncaamuun.
1349 523 1389 586 65

216 664 300 730 chus
314 661 417 727 unius
431 659 546 744 sponsi
562 659 606 723 sit
619 660 787 744 parochus
803 659 906 726 ctiam
925 658 1075 723 alterius.
1093 659 1123 723 l⁰
1149 659 1266 736 Quoad
1289 658 1390 724 licen·
1458 735 1461 748 Ι
1563 732 1564 740 ¹

218 773 310 846 tiam,
327 769 457 836 attendi
473 769 574 834 debet
584 768 797 834 consuetudo
811 767 1020 846 dioecesium,
1034 771 1133 850 juxta
1156 786 1259 852 quam
1273 768 1309 831 in
1323 766 1391 851 ple-

217 879 331 963 risque
345 878 429 942 locis
443 877 613 965 copulatio
631 881 761 960 spectat
786 876 829 941 ad
852 876 1039 960 parochum
1065 894 1210 960 sponsas.
1227 877 1261 940 90
1286 876 1392 960 Spon-

219 1005 277 1054 sus
291 987 466 1072 aequaliter
477 985 634 1052 habitans
647 1003 709 1070 par
725 1003 855 1050 annum
868 985 904 1048 in
928 984 1051 1068 duplici
1074 984 1243 1050 domicilio
1261 989 1393 1051 contra·
1451 995 1459 1002 '

216 1101 298 1166 here
318 1102 432 1183 potest
449 1115 565 1164 coram
584 1097 747 1162 alterutro
769 1095 928 1180 parocho,
953 1096 1033 1162 licet
1054 1097 1263 1161 conveniens
1290 1096 1335 1162 sit
1355 1102 1394 1160 ut

218 1206 423 1276 contrahens
449 1207 485 1270 in
507 1206 621 1270 hieme
648 1205 808 1270 adhibeat
832 1205 1019 1289 parochum
1041 1204 1198 1270 hiemalis
1233 1205 1393 1271 domicilii

218 1321 253 1382 et
275 1318 423 1381 econtra.
446 1313 617 1396 Principes
632 1317 667 1378 et
680 1309 737 1378 alii
756 1318 935 1395 magnates
958 1331 1073 1379 coram
1098 1315 1246 1397 parocho
1266 1315 1319 1378 sui
1338 1333 1394 1398 pa-

217 1422 288 1488 latii
303 1423 502 1488 contrahere
518 1421 653 1488 debent.
670 1419 703 1485 30
727 1421 809 1502 vagi
830 1421 1032 1503 regulariter
1052 1423 1258 1488 contrahunt
1279 1441 1394 1488 coram
1458 1493 1460 1497 ,

218 1533 366 1614 parocho
379 1532 445 1596 loci
458 1532 494 1596 in
509 1548 576 1614 quo
592 1536 745 1613 tempore
765 1535 959 1595 contractus
981 1536 1174 1612 versantur,
1191 1532 1270 1616 quia
1293 1532 1329 1596 in
1354 1550 1395 1597 eo

219 1643 408 1706 sortiuntur
420 1642 548 1718 forum,
565 1640 644 1706 licet
662 1640 812 1706 Sanohez
828 1640 918 1706 dicat
931 1641 1106 1725 probabile
1120 1641 1211 1725 quod
1232 1642 1321 1723 vagi,
1341 1641 1397 1708 vel

219 1749 340 1816 saltem
352 1751 379 1814 si
396 1768 485 1814 unus
500 1744 544 1814 sit
560 1767 681 1832 vagus,
698 1748 823 1832 eligere
839 1750 902 1814 sibi
924 1751 1057 1834 possint
1080 1751 1277 1834 parochum.
1304 1749 1397 1814 Circa

218 1859 608 1939 matrimoniavagorum
616 1858 870 1925 observandum
881 1861 934 1922 est
941 1857 1242 1942 praeceptumTrid.
1252 1859 1394 1934 seseli,

217 1984 290 2052 cap.
312 1968 342 2044 7,
355 1966 396 2030 de
409 1966 558 2048 Reform.
571 1967 734 2042 matrim,
751 1968 790 2030 ut
806 1965 928 2032 scilicet
952 1966 1066 2031 nullus
1084 1967 1252 2050 parochus
1274 1983 1395 2032 eorum

218 2076 443 2142 matrimoniis
459 2075 606 2152 assistat,
623 2075 689 2140 nisi
707 2075 801 2160 prius
827 2077 916 2142 facta
937 2077 1090 2158 diligenti
1108 2076 1328 2160 inquisitione
1355 2075 1396 2140 de

218 2183 372 2268 ipsorum
408 2188 499 2250 statu
532 2188 566 2248 et
585 2182 777 2263 habilitate,
799 2185 847 2249 're
875 2188 946 2250 tota
975 2184 1086 2251 delata
1111 2183 1153 2250 ad
1186 2184 1396 2250 ordinarium

219 2295 320 2376 atqua
335 2293 378 2358 ab
393 2309 434 2358 eo
450 2293 589 2357 obtenta
601 2292 750 2358 licentia.
768 2292 865 2369 Quod
880 2311 962 2358 sane
981 2293 1020 2357 fit
1040 2297 1178 2378 propter
1197 2293 1396 2360 evitandum

218 2401 407 2485 periculum
434 2401 637 2479 animarum,
666 2421 709 2466 ue
737 2421 863 2468 uxores
891 2403 1055 2467 uxoribus
1075 2404 1394 2487 superinducantur,

219 2509 370 2593 prolibus
385 2516 558 2589 noceatur,
576 2515 611 2574 et
625 2509 691 2576 alia
705 2510 795 2576 mala
810 2515 1059 2594 perpetrentur.
1077 2509 1171 2576 ldem
1187 2511 1239 2576 dic
1261 2511 1302 2576 de
1326 2530 1397 2577 ma-

219 2618 379 2683 trimonio
406 2619 596 2684 forensium
615 2637 676 2684 sau
704 2621 979 2704 peregrinorum,
1005 2621 1062 2705 qui
1086 2619 1165 2685 alibi
1188 2620 1396 2686 domicilium

219 2726 356 2792 habent.
377 2727 410 2792 40
429 2723 550 2794 Milites
570 2731 606 2795 in
627 2731 746 2794 castris
765 2723 1100 2796 contrahunt'coram
1115 2729 1252 2796 curione
1269 2749 1329 2795 seu
1343 2749 1398 2797 ca-

219 2835 353 2918 pellano
367 2837 543 2914 castrensi,
560 2839 629 2902 siis
644 2837 765 2922 aPape
778 2838 835 2905 vel
856 2838 1027 2905 ordinario
1042 2840 1108 2904 loci
1119 2835 1332 2924 'approbatus
1353 2840 1397 2904 sit

220 2945 262 3010 ad
280 2960 397 3012 curam
416 2947 623 3024 animarum3
643 2951 678 3012 et
696 2947 723 3012 si
738 2947 879 3014 facultas
899 2949 1047 3014 curionis
1062 2948 1224 3014 extendat
1238 2966 1274 3012 se
1293 2948 1396 3013 etiam

221 3053 262 3118 ad
284 3049 451 3138 praesidia,
470 3061 624 3139 potestas
647 3057 712 3122 ista
736 3063 790 3122 est
808 3077 878 3124 non
899 3058 1077 3141 privativa,
1105 3058 1165 3123 sed
1189 3057 1397 3123 cumulativa

220 3181 299 3228 cum
313 3169 481 3248 potestate
496 3167 634 3250 parochi
649 3167 693 3250 (S.
716 3167 840 3249 Gongr.
859 3169 894 3232 io
912 3187 983 3232 unc
1001 3168 1120 3252 Belqz'i,
1136 3169 1176 3233 29
1190 3167 1270 3232 maii
1291 3167 1393 3250 1683).

220 3272 255 3336 Si
267 3288 351 3338 uero
367 3273 563 3356 capellanus
582 3273 723 3341 bellicus
748 3295 818 3342 uon
845 3277 889 3341 sit
911 3277 1116 3360 approbatus
1130 3275 1174 3340 ad
1194 3293 1311 3341 curam
1327 3275 1397 3340 aui-

219 3397 365 3460 marum,
381 3380 507 3448 milites
522 3385 722 3449 contrahere
742 3384 867 3450 debent
880 3401 996 3450 eoram
1014 3383 1161 3467 parocho
1181 3383 1248 3448 loci
1269 3383 1304 3447 in
1328 3399 1396 3467 quo

221 3489 383 3566 existunt,
407 3507 486 3555 cum
504 3491 568 3556 iste
585 3491 629 3556 sit
642 3493 799 3575 proprius
816 3509 935 3558 eorum
959 3493 1137 3576 parochus.
1155 3492 1322 3557 Gruterum
1342 3510 1397 3576 ap-

198 3654 202 3660 .
219 3598 374 3680 probatio
388 3599 430 3663 ab
446 3601 603 3684 episeopo
621 3600 724 3666 unius
742 3599 899 3667 dioecesis
923 3620 992 3668 non
1008 3602 1162 3667 extendit
1176 3621 1212 3666 se
1228 3602 1271 3666 ad
1295 3601 1397 3668 aliam

222 3705 410 3784 dioecesim,
431 3712 465 3772 et
477 3708 555 3774 ideo
573 3727 643 3774 non
658 3710 783 3774 sufficit
797 3709 840 3774 ad
854 3709 965 3775 valide
980 3711 1210 3775 assistendum
1224 3711 1397 3776 matrimo-

222 3814 279 3880 nio
293 3813 440 3880 militum
458 3818 501 3882 ad
516 3817 617 3883 aliam
633 3819 807 3884 dioecesim
820 3818 1077 3884 discedentium.

261 3921 309 3985 Ex
323 3922 468 3990 decretis
483 3923 604 4006 Gongr.
620 3924 718 3990 (lonc.
734 3927 849 3991 relatis
867 3927 1023 3992 aBened.
1041 3927 1109 3992 XIV
1122 3928 1215 4010 (lost.
1229 3929 1317 4010 eccl,
1333 3932 1395 4014 33),

222 4030 286 4096 rite
297 4033 498 4098 contrahere
511 4040 658 4118 possunt
667 4036 924 4100 matrimonium
938 4055 1054 4103 eoram
1068 4039 1216 4121 parocho
1229 4039 1294 4103 loci
1309 4039 1399 4104 intra

223 4141 321 4224 cujus
335 4141 495 4225 parochia
508 4141 635 4208 limites
651 4144 780 4226 degunt
796 4165 803 4208 :
819 4147 850 4209 l⁰
865 4144 1002 4224 Praetor,
1017 4147 1135 4230 judex,
1153 4147 1305 4212 medicus
1318 4153 1399 4211 tem-

222 4248 358 4332 poralis,
379 4251 553 4333 professor
569 4252 712 4336 alicujus
726 4253 907 4331 facultatis,
933 4255 1088 4339 discipuli
1109 4261 1144 4320 et
1165 4255 1294 4332 famuli,
1319 4254 1400 4320 licet

223 4358 331 4422 exteri
347 4377 354 4421 :
371 4358 460 4424 cirea
474 4360 565 4443 quod
579 4366 745 4444 punctum
768 4361 846 4426 vide
862 4362 1018 4444 regulam
1038 4365 1080 4428 ab
1103 4368 1240 4428 auctora
1261 4362 1398 4428 allatam

221 4461 278 4527 lib.
296 4463 336 4542 ll,
354 4465 404 4530 tit.
420 4485 453 4542 u,
467 4466 508 4532 do
519 4467 606 4534 Foro
622 4487 742 4554 comp,
759 4488 792 4533 n.
810 4471 845 4534 ll
863 4475 983 4554 etseq.
1002 4472 1035 4534 2⁰
1046 4469 1241 4535 Carceribus
1256 4470 1396 4546 detenti,

224 4569 409 4640 dummodo
423 4591 493 4640 non
502 4573 786 4661 detineanturpro
798 4577 954 4643 custodia
963 4582 1108 4658 tantum,
1120 4578 1279 4644 videlicet
1290 4578 1398 4643 donec

224 4697 343 4746 eorum
356 4682 589 4766 causajudicis
603 4685 773 4752 sententia
785 4689 1022 4767 cognoscatur.
1039 4687 1071 4750 30
1086 4685 1210 4754 Puellae
1235 4686 1397 4772 exposita

361 4809 406 4856 ιιι.
1160 4799 1180 4860 5
