3412 5570
517 555 605 608 11661
626 553 752 614 orturus
774 551 992 610 nacaermmr.
1290 529 1347 606 161

160 695 283 758 reum,
299 675 398 766 eique
412 680 586 748 remittere
608 698 747 764 poenam
764 679 996 765 depositionis,
1014 676 1043 743 si
1061 675 1213 746 monitus
1235 679 1350 744 statim

174 809 211 857 ae
226 791 396 856 emendet.
413 789 463 854 lta
477 790 704 855 communiter
722 789 789 854 DD.

212 900 246 985 11
272 899 428 964 Secunda
456 917 559 982 poena
581 903 633 962 est
658 898 804 980 privatio
834 899 989 965 omnium
1012 897 1273 973 beneficiorum,
1307 914 1349 960 ex

174 1027 244 1091 cap.
258 1007 323 1071 611.
342 1011 364 1069 1.
378 1005 480 1070 Juxta
492 1023 711 1071 communem
726 1005 1052 1090 interpretationem,
1065 1007 1138 1071 haec
1154 1004 1298 1089 privatio
1311 1005 1350 1067 tlt

173 1115 248 1199 ipso
263 1117 341 1198 jure
364 1133 425 1179 seu
447 1120 525 1178 ante
546 1131 685 1180 omnem
701 1114 920 1190 sententiam,
936 1132 1017 1178 nam
1031 1114 1176 1178 verbum
1189 1111 1349 1176 ultimum

173 1223 301 1288 laudati
315 1223 433 1307 capitis
448 1223 575 1288 indicat
588 1223 794 1288 sententiam
806 1225 879 1307 jam
892 1222 1007 1287 latam.

213 1331 246 1394 3·
260 1330 384 1396 Ultima
397 1349 500 1415 poena
513 1335 565 1395 est
578 1330 820 1412 irregularitas,
838 1351 913 1415 quae
930 1331 1034 1395 etiam
1045 1331 1120 1414 ipso
1125 1333 1202 1414 jure
1217 1335 1251 1395 et
1260 1330 1348 1394 lacto

173 1440 366 1504 incurritur.
391 1439 441 1506 Ita
460 1440 652 1505 communis
669 1443 703 1504 61
719 1445 811 1506 66116
826 1440 1007 1517 sententia,
1021 1458 1100 1504 cum
1117 1443 1206 1522 jura,
1224 1438 1350 1504 scilicet

174 1567 202 1614 c.
219 1550 286 1614 911.
304 1554 341 1626 1.,
359 1568 388 1614 6.
405 1549 435 1627 1,
452 1549 493 1613 de
509 1549 604 1616 Sent.
619 1569 759 1630 excom,
775 1551 810 1614 in
822 1551 865 1626 6⁰,
884 1555 960 1626 etc,
978 1551 1047 1614 sint
1059 1549 1159 1614 clara.

215 1659 244 1742 d)
262 1657 389 1722 Tamen
413 1658 625 1723 conditiones
647 1659 804 1742 quaedam
818 1659 1048 1742 requiruntur,
1068 1661 1141 1722 uta
1160 1657 1348 1722 censuratis

174 1766 366 1831 incurratur
388 1766 619 1848 irregularitas
641 1787 648 1829 :
672 1767 851 1850 Inprimis
872 1785 1013 1830 necesse
1037 1769 1089 1830 est
1111 1771 1149 1829 ut
1169 1773 1350 1831 exerceant

173 1878 286 1940 actum
296 1875 470 1959 proprium
486 1875 624 1951 ordinis,
638 1880 672 1939 et
683 1893 754 1940 non
767 1875 891 1940 sufficit
906 1875 978 1941 sola
987 1875 1135 1958 receptio
1145 1875 1271 1940 ordinis
1286 1893 1350 1940 nec

174 1984 373 2048 exercitium
382 1985 639 2067 jurisdictionis,
656 2002 719 2048 nec
735 1985 879 2068 simplex
892 1983 1085 2050 assistentia
1103 1985 1321 2050 matrimonio
1339 2005 1347 2047 ε

175 2111 272 2158 secus
292 2093 320 2156 si
340 2092 477 2157 daretur
494 2091 656 2157 solemnis
675 2093 867 2158 benedictio
887 2096 1085 2177 conjugum.
1101 2092 1150 2157 116
1168 2091 1349 2174 etiamqui

174 2205 327 2265 cantaret
350 2201 566 2282 evangelium
586 2201 658 2265 sine
679 2200 766 2267 stola
780 2201 836 2267 vel
859 2201 1039 2285 epistolam
1061 2203 1134 2265 sine
1159 2199 1347 2282 manipulo,

174 2307 361 2390 baptizaret
374 2307 534 2392 privatim
547 2314 583 2374 et
597 2311 670 2375 sine
686 2309 913 2387 solemnitate,
930 2329 1000 2376 non
1017 2311 1206 2375 incurreret
1218 2310 1349 2388 irregu-

172 2416 343 2482 laritatem
360 2437 483 2494 ;secus
499 2419 528 2483 si
541 2421 762 2484 caeremonias
777 2419 936 2502 baptismi
951 2423 1051 2483 antea
1065 2417 1175 2482 valide
1186 2417 1254 2480 dati
1270 2435 1349 2498 sup-

147 2595 148 2598 ,
171 2524 289 2607 ploret,
309 2525 484 2609 quiaillud
500 2526 727 2591 ministerium
741 2545 875 2592 sacrum
895 2531 958 2604 est,
978 2532 1013 2590 et
1025 2525 1169 2592 materia
1183 2524 1259 2588 talis
1274 2541 1349 2606 gra·

171 2631 223 2695 vis
244 2633 389 2697 habetur
405 2634 440 2698 in
461 2633 617 2698 Ecclesia.
635 2635 732 2700 Ratio
756 2635 996 2718 exceptionum
1017 2638 1080 2712 est,
1102 2633 1182 2717 quia
1200 2632 1235 2695 hi
1252 2636 1348 2697 actus

174 2736 378 2823 quandoque
395 2747 598 2806 exercentur
608 2743 710 2806 etiam
726 2761 745 2806 a
759 2761 829 2806 non
844 2742 1019 2806 ordinatis.

210 2845 339 2911 Deinde
352 2867 492 2913 necesse
508 2853 571 2926 est,
594 2852 634 2914 61
655 2848 710 2912 ille
734 2853 829 2913 actus
849 2849 979 2914 ordinis
1003 2853 1202 2913 exerceatur
1219 2852 1357 2932 temere,

172 2973 233 3020 seu
248 2973 328 3021 cum
342 2955 451 3039 culpa,
468 2957 548 3039 quia
559 2961 685 3032 textus,
701 2976 734 3020 v.
752 2976 785 3037 g.
802 2974 830 3020 c.
844 2956 911 3019 111.
928 2957 991 3033 tit,
1007 2958 1130 3040 quibus
1144 2957 1252 3020 lertur
1266 2955 1349 3018 irre·

170 3063 345 3144 gularitas,
360 3068 467 3144 agunt
482 3064 523 3129 de
538 3064 580 3128 iis
595 3065 652 3147 qui
669 3089 684 3122 «
697 3064 835 3140 audent,
850 3069 1065 3147 praesumunt
1080 3089 1095 3122 »
1108 3083 1144 3128 se
1160 3063 1283 3128 divinis
1296 3064 1348 3128 16-

170 3190 290 3252 gerere
303 3193 310 3235 :
323 3190 351 3236 c.
366 3172 585 3237 medecinalis
596 3173 636 3237 de
647 3172 741 3238 Sent.
755 3191 894 3250 excom,
905 3173 940 3236 in
950 3173 993 3237 6⁰.
1005 3171 1105 3249 Alias,
1116 3172 1347 3254 irregularitas

171 3279 236 3344 ista
245 3282 323 3363 jure
337 3280 407 3345 1616
428 3281 526 3344 estin
540 3297 679 3363 poenam
693 3277 800 3365 c'ulpae
815 3283 940 3363 gravis,
959 3287 993 3346 et
1003 3281 1139 3368 quidem
1153 3281 1346 3345 temeritate

171 3391 381 3471 conjuncta:
406 3393 611 3473 quapropter
634 3389 691 3473 qui
713 3389 953 3454 invincibiliter
970 3392 1130 3472 ignorant
1151 3409 1187 3453 se
1203 3407 1348 3453 censura

171 3496 284 3580 aliqua
306 3516 380 3562 esse
400 3499 549 3562 irretitos
564 3499 603 3581 (c.
619 3498 684 3562 911.
702 3497 1259 3580 1116166166616161661616661,
1277 3499 1347 3562 exi-

15 3623 17 3630 ’
96 3697 99 3702 Ι
170 3613 273 3686 gente
289 3612 442 3670 extrema
456 3607 657 3670 necessitate
673 3607 778 3687 (conc.
795 3605 898 3684 Trid,
920 3626 1003 3671 sess.
1029 3607 1077 3683 14,
1094 3593 1122 3671 c.
1141 3609 1170 3684 1,
1188 3607 1230 3670 de
1242 3605 1344 3688 lteri),

170 3714 225 3778 vel
244 3714 286 3779 ad
306 3715 503 3779 evitandum
520 3734 624 3796 grave
648 3715 847 3781 scandalum
866 3721 925 3780 aut
940 3716 1124 3793 infamiam,
1141 3714 1255 3780 veleb
1270 3732 1346 3796 gra-

170 3841 249 3888 vem
264 3829 395 3888 metum
408 3825 489 3906 (non
506 3829 620 3889 tamen
630 3825 805 3889 incussum
820 3826 856 3888 in
874 3830 1110 3908 contemptum
1122 3841 1345 3889 censurarum

170 3937 204 3996 et
216 3931 392 4016 Ecclesiae),
409 3951 480 3998 non
494 3933 672 3998 incurrunt
685 3934 981 4016 irregularitatem.
996 3935 1092 3998 Ratio
1109 3933 1256 3999 duorum
1270 3932 1344 3996 ulti-

168 4059 304 4106 morum
319 4059 461 4106 casuum
470 4045 532 4116 est,
547 4040 626 4124 quia
635 4039 690 4106 lex
698 4042 924 4108 ecclesiastica
934 4061 1004 4106 non
1015 4040 1143 4122 obligat
1156 4059 1235 4105 cum
1250 4044 1343 4104 tanto

171 4146 400 4214 incommodo.
429 4149 435 4160 '

208 4253 354 4322 Excusat
368 4258 471 4323 etiam
481 4258 524 4323 ab
536 4256 795 4340 irregularitate,
813 4262 887 4322 turn
902 4257 1039 4326 nullitas
1055 4256 1195 4322 evidens
1211 4261 1344 4321 senten-

169 4365 223 4430 tiae
238 4385 402 4444 censurae,
419 4385 498 4430 curn
512 4367 681 4432 sententia
695 4365 912 4431 nullaeareat
923 4365 1010 4449 juris
1026 4365 1159 4441 6116616,
1177 4369 1251 4428 1661
1268 4381 1343 4448 par-

167 4469 255 4538 vitas
270 4475 433 4552 materiae,
450 4481 524 4538 tum
538 4474 729 4557 generatim
744 4473 906 4558 quidquid
923 4475 1240 4556 excusatapeccato
1254 4489 1343 4536 mor-

169 4579 236 4646 tali.
253 4581 380 4647 Tamen
396 4582 453 4667 qui
478 4583 647 4648 dubitaret
663 4586 795 4646 tantum
810 4601 854 4646 an
870 4579 1039 4644 sententia
1053 4579 1155 4642 fuerit
1176 4577 1254 4656 lata,
1271 4597 1341 4642 non

168 4695 399 4770 excusaretur,
413 4690 490 4768 nisi,
508 4691 629 4757 saltem
641 4693 741 4776 Juxta
761 4689 898 4763 multos,
916 4689 990 4769 jam
1004 4686 1245 4770 appellasseta·
1266 4705 1341 4752 sen·
1419 4677 1422 4683 ’
