3514 5564
388 495 447 560 ltu
846 510 897 558 ms
918 508 1098 560 caroniam.

388 629 571 705 baptismum
589 627 661 686 oriri
680 631 794 700 potest,
809 627 882 701 quia
898 635 1068 702 perseverat
1084 627 1219 688 delectus
1239 625 1491 702 significationis:
1508 622 1562 682 sed

388 719 442 792 qui
456 719 487 778 in
498 717 690 793 generatione
702 731 761 775 non
774 721 821 776 est
832 723 925 790 pater,
939 734 994 778 nae
1006 724 1113 792 postea
1125 718 1190 776 erit.
1205 717 1282 776 Adi.
1295 719 1367 792 Neg.
1380 729 1478 783 cons.;
1493 727 1563 772 nam

389 814 496 868 caetera
510 807 723 880 impedimenta
738 822 798 865 non
817 815 890 866 sunt
906 824 942 866 ax
959 813 1066 868 natura
1081 823 1136 866 sua
1154 807 1292 882 relativa,
1310 806 1390 866 siout
1405 804 1561 880 cognatio,

390 898 442 958 sed
458 898 612 958 salvantur
625 897 656 955 in
673 912 734 954 uno
749 896 906 969 impedito;
923 897 1003 957 sicut
1020 897 1266 971 impedimentum
1282 895 1453 972 ligaminis,
1468 894 1563 966 impo-

390 988 503 1058 tentia,
517 993 547 1046 et
560 986 700 1046 similiter
714 986 860 1046 oriminis.

466 1152 508 1205 lv.
525 1142 592 1213 Qua
608 1149 790 1216 requirantur
803 1149 839 1203 ad
856 1149 919 1216 hoc,
935 1151 968 1204 ut
981 1149 1165 1206 contrabatur
1176 1149 1305 1218 cagnano
1319 1147 1492 1216 spiritualis?

339 1355 340 1358 Ἴ
430 1266 529 1352 Resp.
545 1269 575 1332 l.
592 1266 630 1332 ln
648 1268 839 1350 baptizante
862 1273 897 1333 et
919 1268 1086 1352 baptizato
1109 1267 1236 1344 adulto,
1259 1271 1382 1351 praeter
1404 1265 1565 1330 intentio-

391 1393 473 1440 nem
486 1375 529 1440 ad
547 1374 700 1442 valorem
713 1375 916 1440 sacramenti
930 1375 1169 1453 necessariam,
1194 1373 1277 1438 nibil
1291 1372 1435 1457 speciale
1456 1372 1565 1456 requi·

391 1483 487 1547 ritur.
504 1481 542 1546 ln
556 1483 780 1548 conflrmante
803 1482 988 1567 requiritur
1001 1482 1202 1563 regulariter
1214 1480 1298 1546 ordo
1319 1479 1518 1565 episcopalis
1532 1483 1567 1543 et

392 1589 535 1655 intentio
549 1588 746 1655 conferendi
760 1594 1011 1655 sacramentum
1025 1588 1304 1654 confirmationis.

432 1699 532 1782 Resp.
549 1698 579 1762 l.
596 1697 644 1762 Ex
658 1703 753 1782 parte
768 1701 892 1784 petrini
906 1701 1091 1783 requiritur
1108 1720 1116 1764 ε
1134 1701 1164 1764 l⁰
1180 1705 1253 1764 uta
1273 1693 1470 1782 parentibus
1488 1697 1567 1778 bap·

394 1805 518 1871 tizandi
536 1807 735 1888 designetur
754 1825 854 1883 unus,
880 1805 936 1872 vel
956 1806 999 1873 ad
1020 1805 1193 1872 sun'rmum
1216 1825 1305 1872 unus
1320 1811 1354 1871 at
1376 1825 1444 1871 una
1467 1802 1565 1888 (Trid.

394 1914 449 1977 cit.
467 1932 552 1979 sess.
567 1913 617 1990 tl,
633 1933 662 1978 c.
679 1915 710 1990 i,
728 1914 769 1978 de
786 1915 935 1996 Reform.
948 1917 1073 1998 mota).
1096 1914 1129 1978 Si
1148 1913 1262 1980 nullus
1277 1914 1569 1998 aparentibusest

396 2021 605 2103 designetur,
621 2022 790 2105 paroebus
805 2041 913 2086 unum
928 2022 1141 2104 designabit;
1159 2023 1283 2087 sivero
1299 2021 1490 2103 designatio
1505 2022 1570 2086 ista

397 2129 621 2205 omitteretur,
644 2135 678 2194 et
693 2129 809 2213 plures
827 2134 1008 2211 tangerent
1021 2148 1082 2194 seu
1095 2129 1250 2194 levarent
1261 2131 1479 2213 baptizatum,
1495 2145 1570 2212 pro·

397 2236 542 2302 babillus
557 2242 610 2302 est
622 2238 862 2318 cognationem
873 2236 1083 2320 spiritualem
1099 2239 1141 2302 ab
1156 2237 1314 2303 omnibus
1328 2237 1482 2302 contrahi
1492 2256 1499 2299 :
1510 2235 1567 2311 ita,

398 2350 484 2410 teste
497 2345 668 2427 Fagnano,
684 2345 792 2410 lertur
807 2344 996 2436 declarasse
1005 2345 1037 2410 S.
1048 2345 1170 2428 Gongr.
1184 2365 1191 2422 ;
1206 2361 1287 2410 nam
1298 2345 1472 2410 decretum
1480 2343 1567 2408 l'rid.

396 2451 548 2537 loquitur
561 2457 693 2518 tantum
709 2453 750 2518 de
771 2452 908 2536 illisqui
929 2457 1054 2536 praeter
1074 2453 1290 2536 designatum
1305 2457 1465 2534 tangunt;
1490 2469 1570 2532 ergo

399 2561 426 2624 si
448 2559 565 2624 nullus
584 2565 637 2625 est
656 2559 854 2641 designatus
871 2564 906 2625 et
924 2578 1044 2626 omnes
1065 2559 1190 2638 levant,
1205 2560 1304 2643 juxta
1322 2562 1379 2643 jus
1393 2559 1572 2642 antiquum

399 2687 520 2734 omnes
546 2669 752 2734 contrahunt
784 2667 1025 2750 cognationem
1057 2668 1278 2751 spiritualem,
1314 2667 1393 2732 licet
1424 2667 1572 2732 Sancban

400 2777 488 2842 dicat
502 2774 635 2840 nullum
648 2793 691 2840 ex
703 2773 769 2837 illis
784 2775 995 2850 contrahere,
1019 2781 1058 2839 ut
1080 2776 1206 2840 vitetur
1226 2775 1455 2859 multiplicitas
1468 2776 1572 2858 hujus

400 2883 624 2966 cognationis,
642 2883 698 2966 qui
712 2883 777 2947 luit
790 2881 869 2946 linis
884 2881 1079 2947 llidentini.
1096 2883 1128 2946 9⁰
1142 2883 1185 2946 Ut
1198 2881 1316 2948 levans
1330 2883 1454 2947 habeat
1465 2883 1573 2947 inten-

402 2994 540 3071 tionem,
560 2991 681 3056 saltem
694 2989 903 3074 implicitam,
924 2992 1048 3072 agendi
1070 3011 1196 3056 munus
1210 2992 1344 3075 patrini.
1368 2991 1402 3056 Si
1420 2991 1573 3075 patrinus

401 3099 628 3166 intentionem
649 3117 747 3164 suam
769 3099 955 3180 restringat
968 3099 1011 3163 ad
1030 3104 1161 3164 certum
1186 3099 1412 3178 individuum,
1433 3098 1524 3183 quod
1537 3099 1573 3162 in

402 3209 498 3292 praxi
515 3225 630 3272 rarum
655 3212 717 3284 est,
733 3205 881 3273 levando
896 3206 1000 3271 alium
1021 3226 1083 3290 pro
1105 3206 1171 3273 alio
1186 3205 1392 3291 probabilius
1407 3226 1477 3272 non
1492 3225 1571 3272 con-

403 3317 751 3397 trabitcognationem
762 3315 983 3398 spiritualem,
995 3334 1039 3380 ex
1052 3316 1184 3381 deiectu
1194 3315 1393 3380 intentionis
1407 3337 1413 3379 :
1426 3316 1571 3391 samsai,

403 3441 474 3490 non
488 3425 645 3489 obstante
659 3423 791 3506 privato
807 3441 932 3498 errore,
954 3422 1072 3487 babuit
1094 3423 1320 3488 intentionem
1341 3423 1478 3489 levandi
1492 3443 1575 3507 prae-

404 3536 538 3597 sentem
552 3549 745 3614 personam.
762 3529 801 3595 lu
815 3531 982 3614 baptismo
997 3529 1140 3613 privato,
1162 3531 1241 3614 quia
1254 3531 1455 3616 plerumque
1469 3537 1576 3596 mate-

404 3640 533 3704 rialiter
547 3645 683 3705 tenetur
696 3641 809 3706 inians
822 3641 949 3724 absque
965 3641 1079 3705 animo
1095 3640 1274 3706 exercendi
1289 3659 1415 3706 munus
1438 3642 1572 3724 patrini,

405 3766 482 3813 raro
495 3749 568 3814 haee
582 3750 740 3830 cognatio
758 3749 959 3826 incurritur;
981 3750 1032 3813 uti
1046 3769 1109 3815 nac
1127 3755 1209 3814 tunc
1225 3751 1360 3834 quando
1375 3751 1577 3834 supplentur

406 3857 628 3933 caeremonia,
646 3857 725 3941 quia
739 3875 809 3924 non
823 3857 957 3923 levatur
970 3859 1082 3922 inians
1098 3878 1141 3922 ex
1159 3877 1254 3923 sacro
1269 3860 1374 3924 fonte.
1390 3859 1422 3922 3⁰
1438 3857 1480 3922 Ut
1493 3863 1577 3922 tom-

406 3984 488 4050 pore
512 3966 670 4051 baptismi
691 3967 845 4049 patrlnus
859 3968 1025 4032 infantem
1042 3972 1165 4044 laneat,
1197 3973 1231 4033 et
1251 3967 1389 4053 quidem
1409 3968 1576 4034 ordinarie

407 4093 469 4156 per
481 4073 659 4156 physicum
673 4079 879 4151 contactum,
896 4075 962 4138 nisi
986 4073 1051 4140 alia
1071 4074 1283 4140 consuetudo
1306 4082 1407 4152 esset,
1432 4095 1465 4141 v.
1490 4095 1523 4158 g.
1540 4081 1579 4140 ut

342 4224 345 4236 ·
407 4183 553 4265 ipsemet
566 4182 740 4266 baptizans
752 4185 919 4250 infantem
934 4189 1068 4260 teneat;
1091 4190 1125 4249 et
1149 4191 1229 4249 tunc
1253 4185 1398 4249 sufficiet
1418 4189 1457 4248 ut
1478 4185 1580 4268 patri-

409 4307 475 4354 nus
494 4308 537 4355 ex
559 4308 664 4355 manu
685 4289 870 4357 sacerdotis
893 4291 1088 4357 immediate
1107 4292 1314 4375 baptizatum
1336 4291 1506 4375 suscipiat,
1525 4291 1581 4357 vel

411 4396 531 4462 saltem
560 4413 601 4462 eo
628 4397 696 4462 flne
718 4403 903 4483 praesentet
929 4399 1168 4484 baptizandum
1184 4397 1227 4482 (S.
1251 4399 1466 4482 Congrcgat,
1488 4399 1578 4478 1688,

411 4509 497 4570 teste
512 4505 704 4578 Petraeum
718 4509 835 4590 praxi).
850 4506 1067 4590 Respondere
1082 4513 1198 4573 autem
1212 4526 1273 4592 pro
1288 4509 1428 4586 infante,
1445 4508 1500 4575 vel
1516 4508 1582 4574 alia

410 4619 534 4698 praeter
554 4613 762 4681 levationem
783 4616 906 4692 lacere,
935 4635 997 4701 per
1022 4634 1058 4680 se
1079 4633 1148 4682 non
1173 4617 1357 4700 requiritur
1383 4618 1419 4682 in
1447 4619 1581 4703 patrino
