3508 5568
528 615 616 662 araas
638 617 774 670 suenrus
795 617 1016 664 uacaaramuu.
1321 605 1361 692 69

265 819 305 874 ix-
322 819 390 884 Qua
404 818 462 873 sint
475 829 566 886 pane
581 820 758 950 clandesttlnp
772 819 1014 949 cpintrapsntium,
1034 823 1079 875 vel
1099 823 1282 878 matrimonio

669 909 738 950 8888
753 908 788 949 θΙΙ
813 907 881 949 Um.
987 927 990 934 ·

228 1044 328 1128 Resp.
346 1045 375 1108 Ι.
402 1044 647 1112 contrahentes
670 1047 927 1112 matrimonium
951 1047 1024 1112 sine
1049 1048 1363 1116 denuntiationibus

188 1157 371 1236 sequentes
385 1153 563 1219 incurrunt
577 1173 695 1239 poenas
710 1175 718 1218 :
735 1157 766 1222 1⁰
782 1156 815 1219 Si
833 1155 897 1222 tals
911 1157 1168 1222 matrimonium
1181 1163 1233 1223 est
1246 1158 1364 1224 invali-

189 1259 270 1324 dum
287 1279 330 1326 ex
345 1279 559 1347 quocumque
580 1263 826 1348 impedimento
846 1265 1036 1342 dirimente,
1054 1265 1126 1331 sive
1145 1265 1228 1331 illud
1248 1267 1364 1350 sponsi

189 1369 358 1446 sciverint,
371 1371 442 1436 sive
458 1389 538 1448 non,
550 1371 664 1455 proles
677 1393 721 1438 ex
732 1373 789 1438 illo
800 1373 925 1456 genitae
936 1380 1017 1439 sunt
1029 1367 1215 1456 illegitimae
1229 1375 1270 1454 (c.
1288 1375 1360 1452 dn,

188 1478 1363 1566 §Siquiebttnamitaeontrabentespraesumuntnrhaberemalam

188 1585 292 1651 ssdem
307 1591 342 1651 et
361 1587 536 1652 seientiam
553 1587 689 1654 latentis
708 1589 954 1673 impedimenti.
977 1591 1044 1656 Nec
1062 1591 1175 1656 obstat
1193 1590 1286 1674 quod
1305 1591 1360 1655 cit.

187 1713 216 1760 o.
232 1697 290 1760 flu.
306 1697 435 1762 mentio
451 1697 511 1762 ssat
525 1702 658 1763 tantum
672 1700 989 1780 consanguinitatis,
1007 1699 1192 1790 affinitatis,
1208 1698 1265 1764 vel
1281 1698 1362 1764 alte-

187 1806 259 1870 rius
273 1805 466 1888 agnationis
478 1826 497 1881 ;·
510 1825 591 1870 nam
613 1806 654 1870 de
673 1806 747 1872 aliis
765 1807 1018 1890 impedimentis
1045 1808 1166 1873 eadem
1189 1812 1243 1872 est
1263 1809 1362 1886 ratio,
1468 1837 1470 1842 v

187 1918 222 1978 et
235 1913 362 1994 gradus
374 1913 533 1996 prohibiti
547 1919 722 1995 ponuntur
736 1933 797 1996 per
809 1913 951 1979 modum
966 1914 1124 1998 exempli,
1151 1915 1243 1998 quod
1263 1933 1364 1997 regu·

186 2020 255 2086 lam
268 2038 339 2085 non
352 2021 537 2103 restringit.
554 2022 596 2086 dt
610 2022 639 2086 si
658 2021 724 2086 tale
742 2023 1000 2088 matrimonium
1019 2021 1229 2106 publicatum
1249 2024 1362 2089 catab

184 2128 332 2194 Ecclesia
343 2133 382 2192 nt
396 2129 559 2205 validum,
575 2128 689 2214 proles
704 2135 785 2194 sunt
799 2129 970 2212 legitimae,
988 2135 1026 2194 ut
1038 2148 1162 2194 comm.
1178 2131 1363 2197 docetcon·

185 2242 236 2302 tra
252 2237 425 2313 Maurum3
444 2227 612 2322 siquidem
626 2237 662 2301 in
675 2239 730 2302 cit.
745 2255 773 2302 c.
787 2239 845 2302 lln.
862 2255 974 2303 sermo
989 2243 1041 2302 est
1052 2237 1094 2303 de
1108 2237 1260 2320 prolibus
1272 2240 1361 2304 natis

182 2363 225 2410 ex
239 2345 455 2410 matrimonio
470 2345 630 2410 invalido.
647 2344 730 2422 lmo,
747 2346 835 2410 facta
848 2345 1087 2428 ponderatione,
1106 2364 1180 2429 quae
1200 2351 1361 2413 retrotra-

182 2451 286 2530 hitur,
303 2469 424 2517 omnes
435 2451 550 2536 proles
560 2453 671 2518 catali
682 2436 1078 2536 matrimonio'suseeptae
1090 2458 1170 2518 sunt
1185 2453 1358 2536 legitimae,

180 2559 260 2624 licet
272 2566 392 2643 postea
414 2561 593 2642 detegatur
616 2562 901 2644 impedimentum
911 2561 1042 2638 latens;
1067 2563 1146 2647 quia
1161 2562 1359 2644 approbatio
1416 2547 1421 2554 ⁸

182 2669 337 2736 Ecclesiae
357 2669 445 2736 tollit
462 2689 564 2736 omne
583 2670 705 2735 vitium
726 2669 981 2736 clandestinatis
1005 2675 1039 2733 et
1058 2654 1362 2754 praeumptionem

178 2771 384 2861 'ignorantiae
398 2780 563 2844 afferma
581 2799 587 2842 :
606 2779 725 2844 Sanch.
740 2779 808 2862 (lib.
826 2777 881 2855 111,
897 2778 982 2861 disp.
999 2777 1040 2842 lh
1055 2784 1090 2842 et
1110 2779 1176 2860 43],
1196 2777 1358 2844 Schmalz.

184 2886 299 2964 etalii,
315 2887 394 2952 licet
407 2887 597 2963 Brunellus,
615 2886 750 2952 Rosella
766 2893 800 2952 et
815 2887 871 2952 alii
885 2887 999 2951 dicent
1011 2887 1086 2951 illas
1100 2890 1234 2950 tantum
1247 2887 1361 2970 proles

184 3012 259 3060 esse
274 2993 457 3078 legitimas,
484 3013 560 3079 quae
585 2999 673 3059 natae
696 2999 777 3058 'sunt
797 2999 875 3077 post
888 2993 1170 3076 approbationem
1192 2991 1358 3060 Ecclesiae.

183 3101 344 3168 battere
361 3121 464 3186 poena
481 3107 544 3179 est,
569 3101 661 3185 quod
683 3102 924 3166 contrahentes
948 3101 1022 3165 sine
1047 3101 1360 3166 denuntiationibus

183 3212 360 3294 priventur
374 3211 468 3276 omni
484 3229 543 3294 spe
559 3209 780 3293 impetrandae
795 3209 1058 3292 dispensationis
1068 3208 1103 3271 in
1116 3209 1359 3292 impedimento

184 3317 363 3384 dirimente
376 3317 476 3400 (Trid'.
495 3335 579 3382 sess.
595 3316 650 3392 at,
666 3335 694 3380 c.
710 3317 739 3391 Ι,
756 3315 895 3396 deRes„
909 3306 1068 3398 quianon
1083 3321 1164 3379 sunt
1176 3315 1270 3397 digni
1284 3333 1360 3398 gra·
1462 3376 1469 3389 ,

184 3425 230 3491 tia
243 3425 410 3502 Ecclesia,
428 3425 485 3509 qui
501 3427 576 3508 ejus
591 3423 751 3488 salutaria
763 3427 933 3507 precepta
946 3424 1229 3505 contempserunt
1244 3444 1252 3486 :
1267 3423 1359 3489 unde

183 3536 437 3612 circumstantia
446 3535 512 3598 ista
522 3532 705 3618 aperienda
713 3537 765 3598 est
778 3533 814 3596 in
825 3531 1070 3616 supplicatione
1081 3531 1356 3614 dispensationis.

183 3647 215 3712 3⁰
239 3647 344 3712 Poena
371 3645 646 3710 connubentium
673 3644 931 3709 matrimonium
956 3642 1207 3708 clandestinum
1228 3644 1358 3728 absque

184 3754 365 3839 prasentia
376 3753 515 3838 parochi
529 3758 564 3818 et
578 3753 728 3828 testium,
747 3757 871 3835 praeter
889 3750 1137 3817 inhabilitatem
1150 3750 1194 3816 ad
1213 3751 1261 3816 sic
1280 3769 1359 3817 con·

184 3862 403 3937 trahendum,
422 3865 474 3926 est
494 3861 624 3943 gravis,
641 3859 835 3935 arbitraria,
850 3861 893 3924 ab
915 3859 1073 3942 episcopo
1086 3858 1273 3940 infligenda
1290 3879 1297 3922 :
1312 3860 1360 3924 ita

180 3973 280 4054 jubat
296 3971 383 4036 Trid.
401 3987 485 4034 sess.
501 3969 551 4046 dl,
568 3985 597 4033 c.
615 3969 643 4044 Ι,
660 3969 701 4032 de
713 3967 810 4049 Μ,
823 3965 960 4048 gravior
977 3971 1093 4030 autem
1111 3966 1175 4030 erit
1192 3984 1309 4049 poena,
1330 3967 1359 4031 si

185 4080 250 4146 tale
264 4079 521 4146 matrimonium
537 4077 577 4143 da
594 4097 630 4143 se
644 4076 834 4142 invalidum
848 4080 1126 4140 consummatum
1143 4080 1206 4150 est,
1222 4093 1302 4140 cum
1325 4079 1359 4141 et

183 4188 322 4272 gravius
336 4187 380 4251 sit
394 4187 564 4278 delictum.
582 4184 621 4252 In
633 4183 837 4269 quibusdam
852 4183 1066 4260 dioecesibus,
1082 4183 1242 4247 statuitur
1256 4200 1360 4266 poena

185 4295 556 4372 excommunicationis,
571 4299 610 4359 ut
630 4294 753 4359 mehor
773 4293 878 4376 hujus
905 4292 1032 4357 decreti
1059 4291 1276 4357 observantia
1297 4290 1357 4355 ha-

185 4405 316 4474 beatur.

223 4513 323 4596 Resp.
339 4513 370 4576 2.
387 4511 491 4576 Poena
501 4509 639 4594 parochi
653 4507 844 4574 assistentis
858 4507 1077 4572 matrimonio
1090 4507 1164 4572 sine
1174 4505 1359 4590 premissis

185 4621 484 4695 denutiationibus,
516 4623 612 4684 extra
638 4635 757 4683 casum
784 4617 1075 4700 dispensationis,
1094 4620 1146 4681 est
1179 4615 1360 4698 suspensio

122 4809 125 4816 Ι
187 4729 361 4798 triennalis
372 4731 415 4794 ab
426 4728 549 4806 olitcio,
560 4727 615 4796 vel
630 4727 695 4794 alia
708 4727 846 4812 gravior
859 4743 920 4808 pro
936 4725 1098 4810 qualitate
1114 4724 1228 4790 delicti
1240 4724 1280 4806 (c.
1297 4724 1355 4787 dn.
