3388 5582
413 539 475 604 ὅθ
874 555 927 602 tus
948 555 1131 603 arausicus.

414 675 524 734 luisset
543 675 736 750 magnetismi
758 689 851 734 casus
874 676 1032 734 nonnullis
1054 675 1207 749 adjunctis
1239 673 1380 748 stipatos,
1408 673 1572 748 respondit:

415 765 506 825 Um
519 767 720 839 marturii,
733 772 825 839 prust
838 767 1010 838 exponitur,
1025 781 1086 824 noir
1100 766 1200 825 licere.

448 855 556 914 Eadem
567 857 682 915 mtione
696 856 852 930 respondit
865 857 1357 930 saerePoenlteutiarlaquestioni
1368 857 1526 930 propositae
1536 855 1575 912 his

412 945 513 1004 uerbis
527 963 535 1002 :
548 948 680 1004 Persona
689 946 897 1020 magnelizala,
909 945 1161 1020 queplerumque
1173 959 1266 1004 sexus
1278 953 1325 1004 est
1336 947 1469 1014 feminei,
1479 946 1509 1003 in
1518 958 1576 1002 enm

412 1039 524 1092 statum
539 1035 659 1107 soporis
670 1034 850 1110 ingreditur,
863 1033 977 1092 dictim
988 1033 1293 1093 somnambulismum
1307 1035 1576 1110 magnetieumnu

411 1123 481 1194 alte,
496 1131 530 1182 ut
540 1141 595 1183 occ
613 1126 765 1184 maximus
781 1127 884 1198 fragor
898 1125 934 1183 nd
946 1125 1013 1198 ejus
1023 1139 1125 1194 aures,
1140 1141 1197 1183 nec
1212 1125 1280 1183 terri
1296 1125 1415 1199 ignisne
1428 1125 1490 1183 ulla
1501 1123 1578 1181 rebe·

411 1215 522 1272 mentia
537 1215 619 1272 illam
633 1215 784 1274 suscitare
796 1215 925 1272 valane
940 1215 984 1272 Ab
1003 1215 1070 1273 solo
1081 1217 1325 1290 magnelizatore,
1341 1217 1391 1274 cui
1405 1228 1579 1274 consensum

410 1319 500 1362 suum
515 1305 596 1363 dedit
612 1309 792 1376 (consensus
805 1307 886 1364 enim
901 1311 948 1364 est
969 1307 1184 1376 necessarius),
1203 1307 1240 1363 ad
1260 1306 1333 1364 illud
1354 1306 1469 1364 extasis
1490 1319 1578 1379 genus

409 1393 578 1464 adducitur,
591 1395 655 1452 site
668 1396 762 1452 variis
778 1395 1002 1468 palpalionibus
1023 1395 1380 1468 gesticulationibusque,
1398 1395 1520 1468 quando
1539 1393 1580 1451 ille

409 1484 506 1552 adest,
529 1485 593 1543 sire
614 1485 745 1558 simplici
766 1486 908 1544 mandato
936 1485 1103 1558 eodemque
1137 1487 1272 1556 interno,
1294 1501 1364 1545 cum
1385 1489 1432 1544 rel
1452 1484 1581 1559 pluribus

409 1573 615 1632 leucisdistat.
623 1578 707 1633 Tunc
715 1576 861 1634 riraroce
873 1590 928 1633 seu
938 1575 1151 1634 mentaliterde
1162 1591 1221 1634 suo
1230 1577 1462 1651 absentiumque
1473 1577 1582 1650 penitus

408 1665 582 1738 ignotorum
596 1666 655 1724 sibi
671 1665 778 1725 morbo
791 1667 986 1740 interrogata,
1000 1667 1064 1726 baec
1080 1682 1208 1740 persona
1217 1668 1500 1733 euidenterindocta
1512 1665 1582 1724 illioo

408 1753 543 1812 medicos
556 1755 684 1813 scicntia
693 1756 784 1830 longe
793 1761 931 1828 superat;
942 1769 992 1813 res
1000 1755 1189 1815 anatomicas
1199 1757 1428 1816 accuratissime
1437 1755 1582 1815 enuntiat:

408 1843 582 1902 morborum
609 1845 797 1904 intemorum
820 1846 853 1902 in
871 1845 1004 1902 humano
1022 1861 1160 1918 corpore,
1181 1847 1234 1920 qni
1254 1847 1378 1921 cognitu
1404 1845 1583 1917 delinituque

408 1935 513 2006 peritis
526 1935 697 1994 difficillimi
713 1942 797 2005 sunt,
812 1949 947 2004 caumm,
961 1935 1076 2004 sedem,
1096 1943 1234 1994 naturam
1249 1936 1389 2010 indigitat
1394 1957 1404 2010 ς
1425 1948 1583 2006 corumque

409 2039 605 2098 progressus,
625 2027 809 2084 sedationes
822 2033 852 2083 et
874 2026 1122 2098 complicationes
1139 2027 1260 2096 evolvit,
1281 2026 1371 2100 idque
1394 2027 1526 2100 propriis
1538 2031 1585 2082 ter·

412 2114 502 2172 minis
513 2135 521 2184 ;
532 2129 613 2187 saepe
624 2115 714 2172 eliam
734 2115 881 2174 dictorum
895 2115 1070 2173 morborum
1084 2116 1313 2175 diutumilntem
1327 2124 1430 2175 exacle
1452 2129 1585 2188 prenun-

412 2205 476 2272 tiat,
492 2204 684 2276 remediaque
703 2204 931 2276 simplicissima
945 2211 973 2260 et
991 2204 1205 2263 efficacissima
1219 2206 1364 2278 precipit.
1378 2206 1409 2264 Si
1427 2206 1516 2264 adest
1529 2220 1586 2277 per-

413 2307 490 2348 sone
503 2291 540 2350 de
551 2305 613 2364 qua
624 2293 822 2365 magnetirata
837 2293 946 2350 mulier
962 2293 1143 2358 consulitur,
1157 2295 1331 2353 relationem
1346 2295 1425 2353 inler
1437 2301 1586 2364 utramque

414 2395 467 2452 per
484 2387 657 2439 contactum
674 2381 805 2440 institnit
824 2384 1057 2456 magneltzalor3
1079 2399 1149 2441 cum
1169 2397 1241 2441 vero
1257 2384 1356 2453 abest,
1377 2384 1541 2442 cincinnus
1556 2396 1586 2438 er

414 2469 482 2541 eJ'us
496 2469 695 2526 cosarieeam
711 2469 832 2543 supplet
845 2475 876 2528 el
889 2469 1013 2528 suflicit.
1027 2475 1087 2528 lloc
1101 2472 1182 2530 enim
1197 2471 1340 2530 cincinno
1355 2477 1473 2530 mutum
1490 2472 1526 2529 nd
1535 2469 1587 2542 pal·

414 2569 494 2615 mam
518 2559 724 2630 magnetizale
743 2559 876 2629 admoto,
896 2561 1057 2618 conteslim
1080 2559 1144 2618 mc
1166 2559 1318 2618 declarare
1339 2566 1439 2634 poloel
1463 2560 1536 2634 quid
1556 2559 1588 2616 sil

415 2647 499 2721 (quin
513 2647 642 2718 aspiciat
656 2647 775 2720 oculis),
790 2648 880 2721 cuius
892 2650 955 2706 sint
967 2648 1079 2720 capilli,
1091 2649 1213 2706 ubinam
1225 2654 1362 2708 versetur
1376 2663 1460 2707 nunc
1470 2661 1587 2722 persona

413 2736 451 2794 ad
465 2749 556 2808 quam
573 2736 733 2806 pertinent,
748 2737 821 2808 quid
836 2750 937 2794 rerum
952 2743 1033 2808 ngat,
1048 2737 1188 2811 circaque
1203 2738 1270 2809 ejus
1285 2737 1424 2796 morbum
1439 2737 1541 2795 omnia
1549 2752 1588 2796 su·

415 2823 549 2896 pradicta
563 2829 758 2881 monumenta
775 2824 958 2892 minislrare,
974 2824 1054 2883 baud
1063 2825 1161 2894 aliter,
1176 2831 1267 2897 atque
1277 2825 1304 2883 si
1317 2826 1505 2885 medicorum
1517 2839 1588 2884 more

415 2927 527 2984 corpus
541 2913 609 2983 ipsa
624 2911 844 2983 introspiceret.
862 2942 899 2953 -
914 2915 1070 2970 Postremo
1086 2913 1283 2986 magnetizata
1302 2929 1364 2973 non
1378 2914 1478 2974 oculis
1493 2915 1588 2980 ceruit,

416 3004 491 3076 ipsis
506 3002 623 3071 relatis,
639 3001 785 3076 quidquid
799 3002 865 3065 cell,
883 3001 955 3061 illud
976 3002 1054 3076 leget
1072 3003 1191 3075 legendi
1207 3005 1322 3074 nescia,
1333 3019 1388 3064 seu
1410 3004 1522 3064 libmm
1543 3019 1589 3062 seu

417 3091 668 3162 manuscriptum,
683 3090 728 3147 rel
749 3097 885 3162 apertum
901 3090 946 3147 rel
968 3091 1119 3160 clausum,
1134 3107 1188 3150 seu
1207 3094 1299 3164 capiti
1319 3109 1374 3151 seu
1394 3095 1493 3152 ventri
1508 3095 1591 3165 lupo

417 3182 520 3238 situm.
546 3181 640 3236 Etiam
661 3193 697 3236 er
722 3179 777 3237 bac
796 3181 920 3253 regione
935 3180 1001 3252 eJ'us
1018 3181 1108 3238 uerba
1125 3181 1227 3255 egredi
1242 3182 1391 3240 videntur.
1414 3186 1478 3241 ltoc
1501 3188 1589 3242 aulem

418 3273 499 3327 statu
514 3269 634 3337 educta,
647 3269 693 3325 rel
707 3269 745 3326 ad
761 3268 885 3340 jnssum
907 3270 996 3326 eliam
1012 3270 1164 3327 internum
1184 3271 1426 3344 magnetizantls,
1445 3271 1495 3330 rel
1513 3271 1590 3344 quasi

419 3365 527 3430 sponte
547 3373 605 3416 sua
627 3359 695 3431 ipso
719 3359 864 3430 temporis
886 3366 999 3430 puncto
1014 3373 1033 3416 a
1051 3375 1085 3417 se
1100 3362 1313 3432 praenuntiato,
1332 3361 1408 3420 nillil
1422 3363 1548 3420 omnino
1561 3359 1590 3416 dc

418 3446 510 3504 rebus
530 3448 559 3503 iu
576 3449 712 3518 proximo
727 3449 856 3520 peractis
872 3447 931 3504 sibi
942 3448 1078 3506 conscire
1093 3449 1222 3518 videtur,
1237 3451 1434 3522 quantumvis
1448 3451 1502 3509 ille
1516 3451 1591 3508 dura·

418 3537 504 3594 verit.
517 3539 660 3605 Quaenam
678 3534 797 3610 abipsa
812 3537 904 3609 petitu
917 3538 1039 3604 tuerint,
1061 3552 1216 3610 quaerero
1231 3539 1430 3611 responderit,
1446 3555 1516 3614 quae
1533 3554 1591 3613 per·

419 3627 531 3695 tulerit,
549 3626 614 3683 baec
633 3627 735 3684 omnia
755 3626 868 3684 nullam
883 3627 914 3684 in
935 3627 1002 3698 ejus
1021 3627 1175 3686 intelleclu
1196 3628 1304 3697 ideam,
1323 3643 1379 3687 nec
1394 3630 1553 3690 minimum
1565 3631 1590 3686 iu

421 3717 565 3774 memoria
580 3717 742 3789 uestigium
757 3717 954 3790 reliquerunt
975 3717 1088 3788 Qeilas
1101 3719 1257 3789 expositis,
1271 3719 1382 3793 puerit
1396 3735 1406 3777 :
1421 3723 1465 3777 An
1483 3721 1590 3778 conlcs·

421 3806 521 3863 sarium
535 3805 581 3862 rel
601 3806 751 3877 parochus
772 3809 870 3879 possit
886 3807 1104 3878 poenitentibus
1125 3807 1296 3879 permittere
1316 3815 1368 3866 aul
1391 3809 1590 3880 parochianis:

423 3901 451 3951 l·
465 3901 498 3952 ul
520 3897 754 3968 magnetismum
774 3897 946 3960 animalem.
966 3897 1027 3956 illis
1045 3897 1269 3956 characteribus
1294 3898 1422 3971 aliisque
1448 3899 1591 3958 similibus

422 3985 580 4056 praeditum
594 3991 761 4052 exerceant,
779 3991 920 4058 tunquam
933 3994 1027 4045 artem
1039 3987 1196 4045 medicine
1205 3987 1422 4046 auxiliatricem
1430 3996 1521 4062 alque
1532 4004 1592 4060 sup

423 4073 592 4144 pletoriam3
605 4079 635 4156 ζ·
647 4080 679 4129 ut
694 4088 762 4130 sese
774 4073 859 4131 illum
875 4077 905 4132 in
921 4083 1033 4134 statum
1045 4076 1307 4134 somnambulismi
1326 4079 1490 4152 magnelici
1503 4080 1592 4137 dimil-

422 4163 530 4221 tendos
544 4165 751 4230 consentiant;
766 4167 796 4220 3·
810 4171 844 4222 ut
857 4165 950 4223 uelde
964 4182 997 4225 se
1011 4166 1058 4224 vel
1071 4166 1108 4224 de
1124 4166 1192 4224 aliis
1206 4181 1353 4239 personas
1366 4169 1529 4228 consulant
1550 4167 1591 4226 illo

422 4252 512 4309 modo
525 4253 754 4325 magnetizatas;
766 4257 797 4311 l·
815 4261 849 4312 ul
863 4271 958 4313 unum
974 4256 1124 4314 dulcibus
1138 4257 1290 4328 praedictis
1305 4258 1486 4330 suscipiant,
1502 4257 1592 4316 babila

422 4342 507 4414 prius
520 4342 635 4399 cautela
650 4344 815 4401 formaliter
828 4361 866 4402 cx
881 4347 984 4403 animo
997 4346 1192 4404 renuntiandi
1213 4346 1336 4404 cuilibet
1350 4347 1500 4406 diabolico
1516 4351 1591 4422 pacto

422 4431 571 4502 explicito,
582 4433 762 4490 omuietiam
773 4435 919 4492 salunicae
929 4435 1155 4504 inlervenlioni3
1166 4435 1455 4507 quoniambacnon
1466 4438 1591 4497 obstante

423 4523 572 4590 cautione,
599 4537 618 4579 a
643 4524 799 4582 nonnullis
824 4539 862 4582 ex
883 4525 1084 4598 magneliano
1109 4524 1285 4599 hujusmodi
1303 4525 1352 4582 rel
1375 4526 1466 4584 iidem
1488 4527 1591 4600 aliquot

423 4611 548 4670 ellectus
562 4613 675 4670 obtenti
688 4613 751 4686 jam
762 4613 896 4672 luerunt.
910 4615 997 4688 Resp.
1023 4619 1054 4672 S.
1071 4615 1306 4687 Poeuitentiaria,
1325 4621 1441 4676 maturo
1460 4616 1590 4692 expensis

425 4701 580 4774 expositis,
595 4703 839 4775 respondendum
850 4709 963 4771 censet,
979 4711 1069 4776 prout
1084 4705 1263 4778 respondet:
