<?xml version="1.0" encoding="UTF-8"?>
<!DOCTYPE html PUBLIC "-//W3C//DTD XHTML 1.0 Transitional//EN"
    "http://www.w3.org/TR/xhtml1/DTD/xhtml1-transitional.dtd">
<html xmlns="http://www.w3.org/1999/xhtml" xml:lang="en" lang="en">
 <head>
  <title>
</title>
<meta http-equiv="Content-Type" content="text/html;charset=utf-8" />
  <meta name='ocr-system' content='tesseract 3.04.00' />
  <meta name='ocr-capabilities' content='ocr_page ocr_carea ocr_par ocr_line ocrx_word'/>
</head>
<body>
  <div class='ocr_page' id='page_1' title='image "./juscanonicumjux01grangoog/juscanonicumjux01grangoog_0560.png"; bbox 0 0 3500 5552; ppageno 0'>
   <div class='ocr_carea' id='block_1_1' title="bbox 350 557 1121 633">
    <p class='ocr_par' dir='ltr' id='par_1_1' title="bbox 350 557 1121 633">
     <span class='ocr_line' id='line_1_1' title="bbox 350 557 1121 633; baseline -0.005 0"><span class='ocrx_word' id='word_1_1' title='bbox 350 569 409 633; x_wconf 76' lang='lat' dir='ltr'>tto</span> <span class='ocrx_word' id='word_1_2' title='bbox 809 585 859 632; x_wconf 80' lang='lat' dir='ltr'>rus</span> <span class='ocrx_word' id='word_1_3' title='bbox 880 583 1061 631; x_wconf 78' lang='lat' dir='ltr'>canonican.</span> <span class='ocrx_word' id='word_1_4' title='bbox 1119 557 1121 568; x_wconf 80' lang='lat'>&#39;</span> 
     </span>
    </p>
   </div>
   <div class='ocr_carea' id='block_1_2' title="bbox 348 703 1573 4792">
    <p class='ocr_par' dir='ltr' id='par_1_2' title="bbox 348 703 1527 1116">
     <span class='ocr_line' id='line_1_2' title="bbox 348 703 1525 792; baseline -0.004 -19"><span class='ocrx_word' id='word_1_5' title='bbox 348 713 425 792; x_wconf 88' lang='lat' dir='ltr'>jure</span> <span class='ocrx_word' id='word_1_6' title='bbox 437 725 511 782; x_wconf 90' lang='lat' dir='ltr'>suo,</span> <span class='ocrx_word' id='word_1_7' title='bbox 525 705 726 790; x_wconf 82' lang='lat' dir='ltr'>quandojus</span> <span class='ocrx_word' id='word_1_8' title='bbox 741 706 850 772; x_wconf 90' lang='lat' dir='ltr'>estita</span> <span class='ocrx_word' id='word_1_9' title='bbox 863 707 1049 790; x_wconf 89' lang='lat' dir='ltr'>proprium,</span> <span class='ocrx_word' id='word_1_10' title='bbox 1064 707 1218 772; x_wconf 87' lang='lat' dir='ltr'>utcessio</span> <span class='ocrx_word' id='word_1_11' title='bbox 1231 704 1405 772; x_wconf 87' lang='lat' dir='ltr'>neminem</span> <span class='ocrx_word' id='word_1_12' title='bbox 1414 703 1525 770; x_wconf 80' lang='lat' dir='ltr'>laedat.</span> 
     </span>
     <span class='ocr_line' id='line_1_3' title="bbox 352 814 1524 898; baseline -0.002 -18"><span class='ocrx_word' id='word_1_13' title='bbox 352 817 505 881; x_wconf 85' lang='lat' dir='ltr'>Diximus</span> <span class='ocrx_word' id='word_1_14' title='bbox 517 840 533 874; x_wconf 77' lang='lat' dir='ltr'>s</span> <span class='ocrx_word' id='word_1_15' title='bbox 541 833 722 898; x_wconf 83' lang='lat' dir='ltr'>expressus</span> <span class='ocrx_word' id='word_1_16' title='bbox 734 832 921 880; x_wconf 73' lang='lat' dir='ltr'>consensus</span> <span class='ocrx_word' id='word_1_17' title='bbox 930 839 957 892; x_wconf 77' lang='lat' dir='ltr'>n,</span> <span class='ocrx_word' id='word_1_18' title='bbox 970 816 1050 898; x_wconf 88' lang='lat' dir='ltr'>quia</span> <span class='ocrx_word' id='word_1_19' title='bbox 1059 831 1235 898; x_wconf 85' lang='lat' dir='ltr'>nunquam</span> <span class='ocrx_word' id='word_1_20' title='bbox 1247 814 1391 896; x_wconf 89' lang='lat' dir='ltr'>supponi</span> <span class='ocrx_word' id='word_1_21' title='bbox 1403 818 1524 896; x_wconf 88' lang='lat' dir='ltr'>potest,</span> 
     </span>
     <span class='ocr_line' id='line_1_4' title="bbox 351 907 1527 1008; baseline 0.001 -19"><span class='ocrx_word' id='word_1_22' title='bbox 351 941 414 989; x_wconf 92' lang='lat' dir='ltr'>nec</span> <span class='ocrx_word' id='word_1_23' title='bbox 428 923 505 988; x_wconf 91' lang='lat' dir='ltr'>ullis</span> <span class='ocrx_word' id='word_1_24' title='bbox 521 923 653 988; x_wconf 87' lang='lat' dir='ltr'>indiciis</span> <span class='ocrx_word' id='word_1_25' title='bbox 667 923 890 1008; x_wconf 78' lang='lat' dir='ltr'>prseJudicari,</span> <span class='ocrx_word' id='word_1_26' title='bbox 907 941 986 988; x_wconf 91' lang='lat' dir='ltr'>cum</span> <span class='ocrx_word' id='word_1_27' title='bbox 1006 927 1128 1004; x_wconf 78' lang='lat' dir='ltr'><strong>agatur</strong></span> <span class='ocrx_word' id='word_1_28' title='bbox 1146 922 1187 986; x_wconf 91' lang='lat' dir='ltr'>da</span> <span class='ocrx_word' id='word_1_29' title='bbox 1202 940 1239 986; x_wconf 90' lang='lat' dir='ltr'>re</span> <span class='ocrx_word' id='word_1_30' title='bbox 1256 907 1410 988; x_wconf 87' lang='lat' dir='ltr'>absolute</span> <span class='ocrx_word' id='word_1_31' title='bbox 1425 921 1527 990; x_wconf 86' lang='lat' dir='ltr'>noxia</span> 
     </span>
     <span class='ocr_line' id='line_1_5' title="bbox 351 1031 1086 1116; baseline -0.003 -20"><span class='ocrx_word' id='word_1_32' title='bbox 351 1031 540 1116; x_wconf 72' lang='lat' dir='ltr'>paenitenti.</span> <span class='ocrx_word' id='word_1_33' title='bbox 1083 1105 1086 1114; x_wconf 70' lang='lat'>,</span> 
     </span>
    </p>

    <p class='ocr_par' dir='ltr' id='par_1_3' title="bbox 350 1138 1525 1652">
     <span class='ocr_line' id='line_1_6' title="bbox 391 1138 1525 1224; baseline -0.002 -19"><span class='ocrx_word' id='word_1_34' title='bbox 391 1142 424 1205; x_wconf 67' lang='grc' dir='ltr'>ιιο</span> <span class='ocrx_word' id='word_1_35' title='bbox 438 1141 597 1224; x_wconf 79' lang='lat' dir='ltr'><strong>Sequitur</strong></span> <span class='ocrx_word' id='word_1_36' title='bbox 612 1140 726 1214; x_wconf 90' lang='lat' dir='ltr'>etiam,</span> <span class='ocrx_word' id='word_1_37' title='bbox 745 1140 836 1224; x_wconf 87' lang='lat' dir='ltr'>quod</span> <span class='ocrx_word' id='word_1_38' title='bbox 849 1139 907 1204; x_wconf 91' lang='lat' dir='ltr'>illa</span> <span class='ocrx_word' id='word_1_39' title='bbox 926 1139 1087 1222; x_wconf 86' lang='lat' dir='ltr'>obligatio</span> <span class='ocrx_word' id='word_1_40' title='bbox 1103 1138 1205 1220; x_wconf 78' lang='lat' dir='ltr'>sigilli</span> <span class='ocrx_word' id='word_1_41' title='bbox 1223 1157 1292 1204; x_wconf 92' lang='lat' dir='ltr'>non</span> <span class='ocrx_word' id='word_1_42' title='bbox 1314 1139 1443 1204; x_wconf 90' lang='lat' dir='ltr'>oriatur</span> <span class='ocrx_word' id='word_1_43' title='bbox 1461 1141 1525 1204; x_wconf 90' lang='lat' dir='ltr'>nisi</span> 
     </span>
     <span class='ocr_line' id='line_1_7' title="bbox 351 1246 1523 1322; baseline -0.003 -9"><span class='ocrx_word' id='word_1_44' title='bbox 351 1267 394 1313; x_wconf 86' lang='lat' dir='ltr'>ex</span> <span class='ocrx_word' id='word_1_45' title='bbox 411 1247 625 1313; x_wconf 83' lang='lat' dir='ltr'>confessione</span> <span class='ocrx_word' id='word_1_46' title='bbox 649 1247 895 1322; x_wconf 77' lang='lat' dir='ltr'>sacramentali,</span> <span class='ocrx_word' id='word_1_47' title='bbox 926 1265 989 1312; x_wconf 89' lang='lat' dir='ltr'>seu</span> <span class='ocrx_word' id='word_1_48' title='bbox 1012 1247 1167 1312; x_wconf 89' lang='lat' dir='ltr'>ordinata</span> <span class='ocrx_word' id='word_1_49' title='bbox 1194 1247 1237 1311; x_wconf 90' lang='lat' dir='ltr'>ad</span> <span class='ocrx_word' id='word_1_50' title='bbox 1262 1246 1523 1320; x_wconf 87' lang='lat' dir='ltr'>absolutionem,</span> 
     </span>
     <span class='ocr_line' id='line_1_8' title="bbox 351 1353 1525 1439; baseline 0 -20"><span class='ocrx_word' id='word_1_51' title='bbox 351 1357 484 1422; x_wconf 89' lang='lat' dir='ltr'>etiamsi</span> <span class='ocrx_word' id='word_1_52' title='bbox 501 1355 671 1439; x_wconf 87' lang='lat' dir='ltr'>poenitens</span> <span class='ocrx_word' id='word_1_53' title='bbox 684 1356 876 1419; x_wconf 78' lang='lat' dir='ltr'>remittatur</span> <span class='ocrx_word' id='word_1_54' title='bbox 893 1374 963 1420; x_wconf 94' lang='lat' dir='ltr'>non</span> <span class='ocrx_word' id='word_1_55' title='bbox 978 1353 1155 1419; x_wconf 87' lang='lat' dir='ltr'>absolutus</span> <span class='ocrx_word' id='word_1_56' title='bbox 1173 1355 1215 1418; x_wconf 91' lang='lat' dir='ltr'>ob</span> <span class='ocrx_word' id='word_1_57' title='bbox 1231 1353 1525 1436; x_wconf 89' lang='lat' dir='ltr'>indispositionem</span> 
     </span>
     <span class='ocr_line' id='line_1_9' title="bbox 350 1461 1525 1546; baseline 0.001 -19"><span class='ocrx_word' id='word_1_58' title='bbox 350 1462 406 1528; x_wconf 86' lang='lat' dir='ltr'>vel</span> <span class='ocrx_word' id='word_1_59' title='bbox 415 1461 517 1528; x_wconf 90' lang='lat' dir='ltr'>aliam</span> <span class='ocrx_word' id='word_1_60' title='bbox 530 1479 678 1527; x_wconf 89' lang='lat' dir='ltr'>causam.</span> <span class='ocrx_word' id='word_1_61' title='bbox 691 1463 792 1526; x_wconf 82' lang='lat' dir='ltr'>Extra</span> <span class='ocrx_word' id='word_1_62' title='bbox 800 1463 887 1527; x_wconf 88' lang='lat' dir='ltr'>hano</span> <span class='ocrx_word' id='word_1_63' title='bbox 897 1463 1149 1528; x_wconf 84' lang='lat' dir='ltr'>contessionem</span> <span class='ocrx_word' id='word_1_64' title='bbox 1162 1461 1357 1546; x_wconf 85' lang='lat' dir='ltr'>dariposset</span> <span class='ocrx_word' id='word_1_65' title='bbox 1365 1462 1525 1545; x_wconf 88' lang='lat' dir='ltr'>obligatio</span> 
     </span>
     <span class='ocr_line' id='line_1_10' title="bbox 350 1567 1282 1652; baseline -0.004 -18"><span class='ocrx_word' id='word_1_66' title='bbox 350 1570 470 1635; x_wconf 80' lang='lat' dir='ltr'>secreti</span> <span class='ocrx_word' id='word_1_67' title='bbox 487 1567 661 1645; x_wconf 89' lang='lat' dir='ltr'>naturalis,</span> <span class='ocrx_word' id='word_1_68' title='bbox 678 1586 749 1634; x_wconf 92' lang='lat' dir='ltr'>non</span> <span class='ocrx_word' id='word_1_69' title='bbox 764 1573 880 1633; x_wconf 89' lang='lat' dir='ltr'>autem</span> <span class='ocrx_word' id='word_1_70' title='bbox 900 1569 1000 1652; x_wconf 84' lang='lat' dir='ltr'>sigilli</span> <span class='ocrx_word' id='word_1_71' title='bbox 1016 1569 1282 1634; x_wconf 87' lang='lat' dir='ltr'>sacramentalis.</span> 
     </span>
    </p>

    <p class='ocr_par' dir='ltr' id='par_1_4' title="bbox 348 1677 1527 2737">
     <span class='ocr_line' id='line_1_11' title="bbox 390 1677 1525 1761; baseline 0.003 -20"><span class='ocrx_word' id='word_1_72' title='bbox 390 1678 419 1761; x_wconf 83' lang='lat' dir='ltr'>b)</span> <span class='ocrx_word' id='word_1_73' title='bbox 440 1678 488 1741; x_wconf 85' lang='lat' dir='ltr'>De</span> <span class='ocrx_word' id='word_1_74' title='bbox 507 1678 658 1760; x_wconf 83' lang='lat' dir='ltr'>personis</span> <span class='ocrx_word' id='word_1_75' title='bbox 683 1695 769 1760; x_wconf 76' lang='lat' dir='ltr'>patos</span> <span class='ocrx_word' id='word_1_76' title='bbox 788 1677 916 1760; x_wconf 70' lang='lat' dir='ltr'>obligat</span> <span class='ocrx_word' id='word_1_77' title='bbox 932 1678 993 1741; x_wconf 81' lang='lat' dir='ltr'>ltoc</span> <span class='ocrx_word' id='word_1_78' title='bbox 1011 1678 1171 1761; x_wconf 66' lang='lat' dir='ltr'>sigillum.</span> <span class='ocrx_word' id='word_1_79' title='bbox 1197 1680 1229 1742; x_wconf 82' lang='lat' dir='ltr'>l⁰</span> <span class='ocrx_word' id='word_1_80' title='bbox 1253 1678 1300 1742; x_wconf 86' lang='lat' dir='ltr'>De</span> <span class='ocrx_word' id='word_1_81' title='bbox 1319 1679 1525 1744; x_wconf 79' lang='lat' dir='ltr'>confessario</span> 
     </span>
     <span class='ocr_line' id='line_1_12' title="bbox 349 1785 1526 1871; baseline 0.001 -20"><span class='ocrx_word' id='word_1_82' title='bbox 349 1788 423 1871; x_wconf 89' lang='lat' dir='ltr'>ipso</span> <span class='ocrx_word' id='word_1_83' title='bbox 439 1803 510 1851; x_wconf 92' lang='lat' dir='ltr'>non</span> <span class='ocrx_word' id='word_1_84' title='bbox 524 1791 577 1850; x_wconf 89' lang='lat' dir='ltr'>est</span> <span class='ocrx_word' id='word_1_85' title='bbox 591 1785 743 1860; x_wconf 88' lang='lat' dir='ltr'>dubium,</span> <span class='ocrx_word' id='word_1_86' title='bbox 760 1803 838 1848; x_wconf 89' lang='lat' dir='ltr'>cum</span> <span class='ocrx_word' id='word_1_87' title='bbox 851 1802 913 1868; x_wconf 89' lang='lat' dir='ltr'>pro</span> <span class='ocrx_word' id='word_1_88' title='bbox 926 1785 1000 1870; x_wconf 89' lang='lat' dir='ltr'>ipso</span> <span class='ocrx_word' id='word_1_89' title='bbox 1016 1785 1183 1868; x_wconf 72' lang='lat' dir='ltr'>praecipue</span> <span class='ocrx_word' id='word_1_90' title='bbox 1198 1785 1306 1850; x_wconf 90' lang='lat' dir='ltr'>latum</span> <span class='ocrx_word' id='word_1_91' title='bbox 1324 1787 1368 1850; x_wconf 91' lang='lat' dir='ltr'>sit</span> <span class='ocrx_word' id='word_1_92' title='bbox 1381 1803 1526 1871; x_wconf 80' lang='lat' dir='ltr'>praecep-</span> 
     </span>
     <span class='ocr_line' id='line_1_13' title="bbox 351 1893 1526 1978; baseline 0.002 -20"><span class='ocrx_word' id='word_1_93' title='bbox 351 1901 423 1958; x_wconf 93' lang='lat' dir='ltr'>tum</span> <span class='ocrx_word' id='word_1_94' title='bbox 447 1893 558 1976; x_wconf 88' lang='lat' dir='ltr'>sigilli.</span> <span class='ocrx_word' id='word_1_95' title='bbox 575 1893 723 1957; x_wconf 86' lang='lat' dir='ltr'>Tenetur</span> <span class='ocrx_word' id='word_1_96' title='bbox 742 1893 844 1957; x_wconf 89' lang='lat' dir='ltr'>etiam</span> <span class='ocrx_word' id='word_1_97' title='bbox 860 1893 972 1977; x_wconf 87' lang='lat' dir='ltr'>quoad</span> <span class='ocrx_word' id='word_1_98' title='bbox 989 1895 1103 1978; x_wconf 90' lang='lat' dir='ltr'>ipsum</span> <span class='ocrx_word' id='word_1_99' title='bbox 1125 1893 1361 1976; x_wconf 72' lang='lat' dir='ltr'>poenitentem,</span> <span class='ocrx_word' id='word_1_100' title='bbox 1379 1913 1526 1977; x_wconf 87' lang='lat' dir='ltr'>quocum</span> 
     </span>
     <span class='ocr_line' id='line_1_14' title="bbox 348 2003 1523 2088; baseline -0.001 -20"><span class='ocrx_word' id='word_1_101' title='bbox 348 2004 441 2088; x_wconf 84' lang='lat' dir='ltr'>loqui</span> <span class='ocrx_word' id='word_1_102' title='bbox 456 2021 527 2067; x_wconf 91' lang='lat' dir='ltr'>non</span> <span class='ocrx_word' id='word_1_103' title='bbox 540 2005 654 2085; x_wconf 90' lang='lat' dir='ltr'>potest</span> <span class='ocrx_word' id='word_1_104' title='bbox 669 2007 766 2066; x_wconf 85' lang='lat' dir='ltr'>extra</span> <span class='ocrx_word' id='word_1_105' title='bbox 780 2003 1031 2068; x_wconf 83' lang='lat' dir='ltr'>confessionem</span> <span class='ocrx_word' id='word_1_106' title='bbox 1049 2004 1090 2068; x_wconf 89' lang='lat' dir='ltr'>de</span> <span class='ocrx_word' id='word_1_107' title='bbox 1103 2003 1227 2068; x_wconf 91' lang='lat' dir='ltr'>auditis</span> <span class='ocrx_word' id='word_1_108' title='bbox 1245 2005 1280 2067; x_wconf 94' lang='lat' dir='ltr'>in</span> <span class='ocrx_word' id='word_1_109' title='bbox 1298 2005 1523 2069; x_wconf 88' lang='lat' dir='ltr'>confessione.</span> 
     </span>
     <span class='ocr_line' id='line_1_15' title="bbox 349 2111 1523 2196; baseline -0.001 -19"><span class='ocrx_word' id='word_1_110' title='bbox 349 2111 544 2194; x_wconf 87' lang='lat' dir='ltr'>Requiritur</span> <span class='ocrx_word' id='word_1_111' title='bbox 554 2129 743 2175; x_wconf 89' lang='lat' dir='ltr'>consensus</span> <span class='ocrx_word' id='word_1_112' title='bbox 753 2130 936 2194; x_wconf 84' lang='lat' dir='ltr'>expressus</span> <span class='ocrx_word' id='word_1_113' title='bbox 947 2111 1141 2177; x_wconf 85' lang='lat' dir='ltr'>etiormalis</span> <span class='ocrx_word' id='word_1_114' title='bbox 1153 2112 1308 2194; x_wconf 88' lang='lat' dir='ltr'>ejusdam</span> <span class='ocrx_word' id='word_1_115' title='bbox 1316 2113 1523 2196; x_wconf 79' lang='lat' dir='ltr'>pmnitentis.</span> 
     </span>
     <span class='ocr_line' id='line_1_16' title="bbox 349 2217 1526 2304; baseline 0.003 -22"><span class='ocrx_word' id='word_1_116' title='bbox 349 2217 441 2282; x_wconf 90' lang='lat' dir='ltr'>lutra</span> <span class='ocrx_word' id='word_1_117' title='bbox 460 2219 727 2294; x_wconf 81' lang='lat' dir='ltr'>contessionem,</span> <span class='ocrx_word' id='word_1_118' title='bbox 749 2224 876 2302; x_wconf 90' lang='lat' dir='ltr'>posset,</span> <span class='ocrx_word' id='word_1_119' title='bbox 897 2219 993 2300; x_wconf 89' lang='lat' dir='ltr'>gravi</span> <span class='ocrx_word' id='word_1_120' title='bbox 1017 2237 1119 2283; x_wconf 90' lang='lat' dir='ltr'>causa</span> <span class='ocrx_word' id='word_1_121' title='bbox 1140 2220 1346 2302; x_wconf 88' lang='lat' dir='ltr'>postulante,</span> <span class='ocrx_word' id='word_1_122' title='bbox 1367 2220 1460 2304; x_wconf 87' lang='lat' dir='ltr'>loqui</span> <span class='ocrx_word' id='word_1_123' title='bbox 1485 2221 1526 2286; x_wconf 90' lang='lat' dir='ltr'>da</span> 
     </span>
     <span class='ocr_line' id='line_1_17' title="bbox 349 2327 1526 2410; baseline 0.003 -19"><span class='ocrx_word' id='word_1_124' title='bbox 349 2327 609 2409; x_wconf 87' lang='lat' dir='ltr'>peceatisantea</span> <span class='ocrx_word' id='word_1_125' title='bbox 622 2329 798 2403; x_wconf 80' lang='lat' dir='ltr'>confessis,</span> <span class='ocrx_word' id='word_1_126' title='bbox 824 2347 884 2392; x_wconf 91' lang='lat' dir='ltr'>seu</span> <span class='ocrx_word' id='word_1_127' title='bbox 908 2329 1098 2410; x_wconf 84' lang='lat' dir='ltr'>generatim</span> <span class='ocrx_word' id='word_1_128' title='bbox 1123 2327 1164 2392; x_wconf 90' lang='lat' dir='ltr'>de</span> <span class='ocrx_word' id='word_1_129' title='bbox 1184 2329 1327 2392; x_wconf 86' lang='lat' dir='ltr'>materia</span> <span class='ocrx_word' id='word_1_130' title='bbox 1348 2329 1459 2410; x_wconf 89' lang='lat' dir='ltr'>sigilli.</span> <span class='ocrx_word' id='word_1_131' title='bbox 1479 2330 1526 2395; x_wconf 81' lang='lat' dir='ltr'>lie</span> 
     </span>
     <span class='ocr_line' id='line_1_18' title="bbox 349 2436 1526 2530; baseline 0.003 -32"><span class='ocrx_word' id='word_1_132' title='bbox 349 2436 548 2518; x_wconf 74' lang='lat' dir='ltr'>paenitente,</span> <span class='ocrx_word' id='word_1_133' title='bbox 570 2437 673 2502; x_wconf 89' lang='lat' dir='ltr'>etiam</span> <span class='ocrx_word' id='word_1_134' title='bbox 687 2441 818 2501; x_wconf 88' lang='lat' dir='ltr'>eertum</span> <span class='ocrx_word' id='word_1_135' title='bbox 834 2438 969 2530; x_wconf 81' lang='lat' dir='ltr'>videtur</span> <span class='ocrx_word' id='word_1_136' title='bbox 983 2456 1062 2502; x_wconf 87' lang='lat' dir='ltr'>eum</span> <span class='ocrx_word' id='word_1_137' title='bbox 1072 2457 1143 2510; x_wconf 91' lang='lat' dir='ltr'>non</span> <span class='ocrx_word' id='word_1_138' title='bbox 1159 2437 1299 2518; x_wconf 88' lang='lat' dir='ltr'>obligari</span> <span class='ocrx_word' id='word_1_139' title='bbox 1312 2437 1434 2520; x_wconf 90' lang='lat' dir='ltr'>sigillo,</span> <span class='ocrx_word' id='word_1_140' title='bbox 1449 2457 1526 2503; x_wconf 91' lang='lat' dir='ltr'>cum</span> 
     </span>
     <span class='ocr_line' id='line_1_19' title="bbox 349 2525 1527 2629; baseline 0.003 -22"><span class='ocrx_word' id='word_1_141' title='bbox 349 2545 385 2607; x_wconf 89' lang='lat' dir='ltr'>in</span> <span class='ocrx_word' id='word_1_142' title='bbox 400 2546 475 2627; x_wconf 89' lang='lat' dir='ltr'>ejus</span> <span class='ocrx_word' id='word_1_143' title='bbox 495 2545 649 2609; x_wconf 79' lang='lat' dir='ltr'>favorem</span> <span class='ocrx_word' id='word_1_144' title='bbox 670 2544 870 2628; x_wconf 90' lang='lat' dir='ltr'>impositum</span> <span class='ocrx_word' id='word_1_145' title='bbox 885 2547 946 2622; x_wconf 86' lang='lat' dir='ltr'>sit;</span> <span class='ocrx_word' id='word_1_146' title='bbox 964 2551 1079 2612; x_wconf 76' lang='lat' dir='ltr'>tamma</span> <span class='ocrx_word' id='word_1_147' title='bbox 1101 2525 1340 2629; x_wconf 48' lang='lat' dir='ltr'>tenari&#39;potest</span> <span class='ocrx_word' id='word_1_148' title='bbox 1354 2547 1397 2610; x_wconf 92' lang='lat' dir='ltr'>ad</span> <span class='ocrx_word' id='word_1_149' title='bbox 1419 2564 1527 2611; x_wconf 89' lang='lat' dir='ltr'>seore-</span> 
     </span>
     <span class='ocr_line' id='line_1_20' title="bbox 351 2652 1475 2737; baseline 0.002 -21"><span class='ocrx_word' id='word_1_150' title='bbox 351 2657 423 2716; x_wconf 90' lang='lat' dir='ltr'>tum</span> <span class='ocrx_word' id='word_1_151' title='bbox 439 2652 696 2718; x_wconf 89' lang='lat' dir='ltr'>naturale&#39;circa</span> <span class='ocrx_word' id='word_1_152' title='bbox 710 2672 751 2718; x_wconf 88' lang='lat' dir='ltr'>ea</span> <span class='ocrx_word' id='word_1_153' title='bbox 764 2673 840 2737; x_wconf 81' lang='lat' dir='ltr'>quae</span> <span class='ocrx_word' id='word_1_154' title='bbox 855 2655 1083 2720; x_wconf 84' lang='lat' dir='ltr'>confessarius</span> <span class='ocrx_word' id='word_1_155' title='bbox 1099 2654 1146 2718; x_wconf 90' lang='lat' dir='ltr'>illi</span> <span class='ocrx_word' id='word_1_156' title='bbox 1162 2655 1225 2718; x_wconf 90' lang='lat' dir='ltr'>sub</span> <span class='ocrx_word' id='word_1_157' title='bbox 1239 2659 1369 2719; x_wconf 91' lang='lat' dir='ltr'>secreto</span> <span class='ocrx_word' id='word_1_158' title='bbox 1386 2655 1475 2718; x_wconf 88' lang='lat' dir='ltr'>dicit.</span> 
     </span>
    </p>

    <p class='ocr_par' dir='ltr' id='par_1_5' title="bbox 349 2761 1573 4015">
     <span class='ocr_line' id='line_1_21' title="bbox 388 2761 1527 2849; baseline 0.004 -25"><span class='ocrx_word' id='word_1_159' title='bbox 388 2762 421 2824; x_wconf 65' lang='grc' dir='ltr'>ι·</span> <span class='ocrx_word' id='word_1_160' title='bbox 436 2761 528 2826; x_wconf 85' lang='lat' dir='ltr'>Circa</span> <span class='ocrx_word' id='word_1_161' title='bbox 542 2761 624 2827; x_wconf 88' lang='lat' dir='ltr'>alias</span> <span class='ocrx_word' id='word_1_162' title='bbox 638 2781 814 2846; x_wconf 91' lang='lat' dir='ltr'>personas,</span> <span class='ocrx_word' id='word_1_163' title='bbox 832 2783 980 2849; x_wconf 87' lang='lat' dir='ltr'>sequens</span> <span class='ocrx_word' id='word_1_164' title='bbox 996 2766 1066 2830; x_wconf 89' lang='lat' dir='ltr'>dari</span> <span class='ocrx_word' id='word_1_165' title='bbox 1079 2769 1192 2849; x_wconf 91' lang='lat' dir='ltr'>potest</span> <span class='ocrx_word' id='word_1_166' title='bbox 1204 2763 1333 2845; x_wconf 87' lang='lat' dir='ltr'>regula.</span> <span class='ocrx_word' id='word_1_167' title='bbox 1356 2764 1527 2829; x_wconf 86' lang='lat' dir='ltr'>Tenentur</span> 
     </span>
     <span class='ocr_line' id='line_1_22' title="bbox 349 2870 1525 2956; baseline 0.002 -22"><span class='ocrx_word' id='word_1_168' title='bbox 349 2887 470 2934; x_wconf 90' lang='lat' dir='ltr'>omnes</span> <span class='ocrx_word' id='word_1_169' title='bbox 489 2876 524 2934; x_wconf 91' lang='grc' dir='ltr'>ει</span> <span class='ocrx_word' id='word_1_170' title='bbox 547 2870 672 2952; x_wconf 87' lang='lat' dir='ltr'>singuli</span> <span class='ocrx_word' id='word_1_171' title='bbox 694 2872 752 2956; x_wconf 88' lang='lat' dir='ltr'>qui</span> <span class='ocrx_word' id='word_1_172' title='bbox 776 2891 819 2937; x_wconf 87' lang='lat' dir='ltr'>ex</span> <span class='ocrx_word' id='word_1_173' title='bbox 837 2873 1051 2938; x_wconf 87' lang='lat' dir='ltr'>confessione</span> <span class='ocrx_word' id='word_1_174' title='bbox 1065 2871 1311 2948; x_wconf 74' lang='lat' dir='ltr'>sacramentali,</span> <span class='ocrx_word' id='word_1_175' title='bbox 1328 2872 1525 2938; x_wconf 88' lang='lat' dir='ltr'>immediate</span> 
     </span>
     <span class='ocr_line' id='line_1_23' title="bbox 349 2977 1525 3068; baseline 0.001 -28"><span class='ocrx_word' id='word_1_176' title='bbox 349 2978 405 3041; x_wconf 94' lang='lat' dir='ltr'>vel</span> <span class='ocrx_word' id='word_1_177' title='bbox 419 2977 577 3055; x_wconf 88' lang='lat' dir='ltr'>mediate,</span> <span class='ocrx_word' id='word_1_178' title='bbox 595 2979 685 3044; x_wconf 90' lang='lat' dir='ltr'>licite</span> <span class='ocrx_word' id='word_1_179' title='bbox 700 2979 755 3044; x_wconf 87' lang='lat' dir='ltr'>vel</span> <span class='ocrx_word' id='word_1_180' title='bbox 774 2980 898 3056; x_wconf 89' lang='lat' dir='ltr'>illicite,</span> <span class='ocrx_word' id='word_1_181' title='bbox 914 2981 1028 3045; x_wconf 87' lang='lat' dir='ltr'>verbis</span> <span class='ocrx_word' id='word_1_182' title='bbox 1046 2985 1106 3068; x_wconf 85' lang='lat' dir='ltr'>aut</span> <span class='ocrx_word' id='word_1_183' title='bbox 1124 2981 1241 3061; x_wconf 88' lang='lat' dir='ltr'>signis,</span> <span class='ocrx_word' id='word_1_184' title='bbox 1257 2979 1406 3063; x_wconf 87' lang='lat' dir='ltr'>aliquam</span> <span class='ocrx_word' id='word_1_185' title='bbox 1426 2978 1525 3060; x_wconf 90' lang='lat' dir='ltr'>sigilli</span> 
     </span>
     <span class='ocr_line' id='line_1_24' title="bbox 349 3086 1523 3172; baseline 0.002 -24"><span class='ocrx_word' id='word_1_186' title='bbox 349 3086 528 3150; x_wconf 88' lang='lat' dir='ltr'>materiam</span> <span class='ocrx_word' id='word_1_187' title='bbox 552 3092 732 3152; x_wconf 89' lang='lat' dir='ltr'>noverunt.</span> <span class='ocrx_word' id='word_1_188' title='bbox 767 3088 849 3153; x_wconf 91' lang='lat' dir='ltr'>Hinc</span> <span class='ocrx_word' id='word_1_189' title='bbox 871 3089 978 3154; x_wconf 88' lang='lat' dir='ltr'>laicus</span> <span class='ocrx_word' id='word_1_190' title='bbox 1002 3091 1115 3172; x_wconf 90' lang='lat' dir='ltr'>quise</span> <span class='ocrx_word' id='word_1_191' title='bbox 1138 3088 1350 3153; x_wconf 84' lang='lat' dir='ltr'>sacerdotem</span> <span class='ocrx_word' id='word_1_192' title='bbox 1368 3089 1523 3170; x_wconf 81' lang='lat' dir='ltr'>lingeret,</span> 
     </span>
     <span class='ocr_line' id='line_1_25' title="bbox 349 3194 1525 3281; baseline 0.003 -25"><span class='ocrx_word' id='word_1_193' title='bbox 349 3194 526 3278; x_wconf 84' lang='lat' dir='ltr'>interpres,</span> <span class='ocrx_word' id='word_1_194' title='bbox 544 3197 700 3278; x_wconf 91' lang='lat' dir='ltr'>superior</span> <span class='ocrx_word' id='word_1_195' title='bbox 717 3215 737 3261; x_wconf 89' lang='lat' dir='ltr'>a</span> <span class='ocrx_word' id='word_1_196' title='bbox 754 3215 821 3280; x_wconf 90' lang='lat' dir='ltr'>quo</span> <span class='ocrx_word' id='word_1_197' title='bbox 836 3197 1009 3281; x_wconf 91' lang='lat' dir='ltr'>postulata</span> <span class='ocrx_word' id='word_1_198' title='bbox 1025 3203 1078 3262; x_wconf 90' lang='lat' dir='ltr'>est</span> <span class='ocrx_word' id='word_1_199' title='bbox 1095 3197 1237 3262; x_wconf 87' lang='lat' dir='ltr'>licentia</span> <span class='ocrx_word' id='word_1_200' title='bbox 1250 3195 1446 3261; x_wconf 83' lang='lat' dir='ltr'>absolvendi</span> <span class='ocrx_word' id='word_1_201' title='bbox 1464 3213 1525 3279; x_wconf 87' lang='lat' dir='ltr'>pro</span> 
     </span>
     <span class='ocr_line' id='line_1_26' title="bbox 349 3303 1525 3390; baseline 0 -24"><span class='ocrx_word' id='word_1_202' title='bbox 349 3319 428 3366; x_wconf 88' lang='lat' dir='ltr'>casu</span> <span class='ocrx_word' id='word_1_203' title='bbox 439 3303 643 3385; x_wconf 85' lang='lat' dir='ltr'>particulari,</span> <span class='ocrx_word' id='word_1_204' title='bbox 656 3304 772 3369; x_wconf 88' lang='lat' dir='ltr'>doctor</span> <span class='ocrx_word' id='word_1_205' title='bbox 787 3305 843 3388; x_wconf 86' lang='lat' dir='ltr'>qui</span> <span class='ocrx_word' id='word_1_206' title='bbox 856 3305 898 3368; x_wconf 89' lang='lat' dir='ltr'>de</span> <span class='ocrx_word' id='word_1_207' title='bbox 913 3305 1050 3370; x_wconf 88' lang='lat' dir='ltr'>licentia</span> <span class='ocrx_word' id='word_1_208' title='bbox 1064 3306 1262 3390; x_wconf 72' lang='lat' dir='ltr'>poenitentis</span> <span class='ocrx_word' id='word_1_209' title='bbox 1276 3305 1341 3368; x_wconf 85' lang='lat' dir='ltr'>luit</span> <span class='ocrx_word' id='word_1_210' title='bbox 1350 3303 1525 3368; x_wconf 88' lang='lat' dir='ltr'>consultus</span> 
     </span>
     <span class='ocr_line' id='line_1_27' title="bbox 349 3409 1525 3493; baseline -0.002 -19"><span class='ocrx_word' id='word_1_211' title='bbox 349 3409 597 3485; x_wconf 84' lang='lat' dir='ltr'>aconiessario,</span> <span class='ocrx_word' id='word_1_212' title='bbox 611 3416 672 3476; x_wconf 90' lang='lat' dir='ltr'>etc.</span> <span class='ocrx_word' id='word_1_213' title='bbox 687 3411 805 3488; x_wconf 85' lang='lat' dir='ltr'>Quoad</span> <span class='ocrx_word' id='word_1_214' title='bbox 814 3412 890 3477; x_wconf 92' lang='lat' dir='ltr'>illos</span> <span class='ocrx_word' id='word_1_215' title='bbox 900 3418 933 3476; x_wconf 91' lang='grc' dir='ltr'>ει</span> <span class='ocrx_word' id='word_1_216' title='bbox 947 3412 1032 3477; x_wconf 89' lang='lat' dir='ltr'>alios</span> <span class='ocrx_word' id='word_1_217' title='bbox 1045 3411 1212 3493; x_wconf 89' lang='lat' dir='ltr'>obligatos</span> <span class='ocrx_word' id='word_1_218' title='bbox 1224 3410 1266 3476; x_wconf 90' lang='lat' dir='ltr'>ad</span> <span class='ocrx_word' id='word_1_219' title='bbox 1280 3411 1440 3492; x_wconf 87' lang='lat' dir='ltr'>sigillum,</span> <span class='ocrx_word' id='word_1_220' title='bbox 1448 3409 1525 3474; x_wconf 89' lang='lat' dir='ltr'>vide</span> 
     </span>
     <span class='ocr_line' id='line_1_28' title="bbox 351 3515 1525 3602; baseline -0.001 -23"><span class='ocrx_word' id='word_1_221' title='bbox 351 3515 383 3580; x_wconf 88' lang='lat' dir='ltr'>S.</span> <span class='ocrx_word' id='word_1_222' title='bbox 400 3517 482 3597; x_wconf 68' lang='lat' dir='ltr'>lig,</span> <span class='ocrx_word' id='word_1_223' title='bbox 500 3535 533 3580; x_wconf 94' lang='lat' dir='ltr'>n.</span> <span class='ocrx_word' id='word_1_224' title='bbox 550 3519 692 3594; x_wconf 74' lang='lat' dir='ltr'>cli-649,</span> <span class='ocrx_word' id='word_1_225' title='bbox 711 3519 768 3602; x_wconf 89' lang='lat' dir='ltr'>qui</span> <span class='ocrx_word' id='word_1_226' title='bbox 788 3520 858 3600; x_wconf 91' lang='lat' dir='ltr'>agit</span> <span class='ocrx_word' id='word_1_227' title='bbox 877 3519 980 3583; x_wconf 90' lang='lat' dir='ltr'>etiam</span> <span class='ocrx_word' id='word_1_228' title='bbox 995 3518 1036 3583; x_wconf 90' lang='lat' dir='ltr'>de</span> <span class='ocrx_word' id='word_1_229' title='bbox 1050 3519 1107 3583; x_wconf 93' lang='lat' dir='ltr'>illo</span> <span class='ocrx_word' id='word_1_230' title='bbox 1122 3520 1180 3602; x_wconf 85' lang='lat' dir='ltr'>qui</span> <span class='ocrx_word' id='word_1_231' title='bbox 1195 3517 1434 3583; x_wconf 80' lang='lat' dir='ltr'>confessionali</span> <span class='ocrx_word' id='word_1_232' title='bbox 1448 3517 1525 3581; x_wconf 86' lang='lat' dir='ltr'>vici-</span> 
     </span>
     <span class='ocr_line' id='line_1_29' title="bbox 351 3611 1526 3711; baseline -0.001 -21"><span class='ocrx_word' id='word_1_233' title='bbox 351 3643 416 3690; x_wconf 91' lang='lat' dir='ltr'>nus</span> <span class='ocrx_word' id='word_1_234' title='bbox 430 3611 557 3708; x_wconf 88' lang='lat' dir='ltr'>aliquid</span> <span class='ocrx_word' id='word_1_235' title='bbox 570 3626 700 3691; x_wconf 90' lang='lat' dir='ltr'>audivit</span> <span class='ocrx_word' id='word_1_236' title='bbox 713 3632 773 3692; x_wconf 89' lang='lat' dir='ltr'>aut</span> <span class='ocrx_word' id='word_1_237' title='bbox 788 3629 1045 3711; x_wconf 88' lang='lat' dir='ltr'>conjecturavit,</span> <span class='ocrx_word' id='word_1_238' title='bbox 1067 3627 1179 3693; x_wconf 87' lang='lat' dir='ltr'>valde</span> <span class='ocrx_word' id='word_1_239' title='bbox 1194 3626 1251 3692; x_wconf 91' lang='lat' dir='ltr'>illo</span> <span class='ocrx_word' id='word_1_240' title='bbox 1266 3627 1322 3710; x_wconf 83' lang='lat' dir='ltr'>qui</span> <span class='ocrx_word' id='word_1_241' title='bbox 1343 3625 1526 3692; x_wconf 81' lang='lat' dir='ltr'>confossio-</span> 
     </span>
     <span class='ocr_line' id='line_1_30' title="bbox 350 3732 1525 3818; baseline 0 -22"><span class='ocrx_word' id='word_1_242' title='bbox 350 3751 431 3796; x_wconf 88' lang='lat' dir='ltr'>nam</span> <span class='ocrx_word' id='word_1_243' title='bbox 445 3734 603 3816; x_wconf 85' lang='lat' dir='ltr'>scriptam</span> <span class='ocrx_word' id='word_1_244' title='bbox 617 3732 710 3815; x_wconf 88' lang='lat' dir='ltr'>legit.</span> <span class='ocrx_word' id='word_1_245' title='bbox 723 3734 804 3800; x_wconf 91' lang='lat' dir='ltr'>Vide</span> <span class='ocrx_word' id='word_1_246' title='bbox 821 3736 923 3800; x_wconf 92' lang='lat' dir='ltr'>etiam</span> <span class='ocrx_word' id='word_1_247' title='bbox 938 3737 984 3800; x_wconf 86' lang='lat' dir='ltr'>De</span> <span class='ocrx_word' id='word_1_248' title='bbox 1000 3738 1104 3818; x_wconf 88' lang='lat' dir='ltr'>Lugo,</span> <span class='ocrx_word' id='word_1_249' title='bbox 1127 3737 1148 3800; x_wconf 87' lang='lat' dir='ltr'>I.</span> <span class='ocrx_word' id='word_1_250' title='bbox 1169 3756 1210 3812; x_wconf 85' lang='lat' dir='ltr'>c,</span> <span class='ocrx_word' id='word_1_251' title='bbox 1234 3755 1261 3800; x_wconf 89' lang='lat' dir='ltr'>s.</span> <span class='ocrx_word' id='word_1_252' title='bbox 1282 3737 1312 3810; x_wconf 63' lang='grc' dir='ltr'>ἓ,</span> <span class='ocrx_word' id='word_1_253' title='bbox 1336 3736 1394 3818; x_wconf 87' lang='lat' dir='ltr'>qui</span> <span class='ocrx_word' id='word_1_254' title='bbox 1413 3734 1525 3798; x_wconf 85' lang='lat' dir='ltr'>varias</span> 
     </span>
     <span class='ocr_line' id='line_1_31' title="bbox 351 3840 1573 3928; baseline 0.002 -23"><span class='ocrx_word' id='word_1_255' title='bbox 351 3841 513 3924; x_wconf 85' lang='lat' dir='ltr'>expendit</span> <span class='ocrx_word' id='word_1_256' title='bbox 538 3840 725 3906; x_wconf 89' lang='lat' dir='ltr'>sententias</span> <span class='ocrx_word' id='word_1_257' title='bbox 751 3843 839 3907; x_wconf 90' lang='lat' dir='ltr'>circa</span> <span class='ocrx_word' id='word_1_258' title='bbox 858 3843 1026 3926; x_wconf 88' lang='lat' dir='ltr'>obligatos</span> <span class='ocrx_word' id='word_1_259' title='bbox 1051 3845 1128 3928; x_wconf 89' lang='lat' dir='ltr'>lege</span> <span class='ocrx_word' id='word_1_260' title='bbox 1153 3844 1254 3926; x_wconf 89' lang='lat' dir='ltr'>sigilli</span> <span class='ocrx_word' id='word_1_261' title='bbox 1277 3848 1312 3908; x_wconf 90' lang='lat' dir='ltr'>et</span> <span class='ocrx_word' id='word_1_262' title='bbox 1337 3843 1525 3927; x_wconf 71' lang='lat' dir='ltr'>praecipuos</span> <span class='ocrx_word' id='word_1_263' title='bbox 1567 3865 1573 3877; x_wconf 92' lang='lat'><strong>·</strong></span> 
     </span>
     <span class='ocr_line' id='line_1_32' title="bbox 350 3954 651 4015; baseline -0.003 -2"><span class='ocrx_word' id='word_1_264' title='bbox 350 3968 449 4013; x_wconf 86' lang='lat' dir='ltr'>casus</span> <span class='ocrx_word' id='word_1_265' title='bbox 463 3954 651 4015; x_wconf 85' lang='lat' dir='ltr'>enumerat.</span> 
     </span>
    </p>

    <p class='ocr_par' dir='ltr' id='par_1_6' title="bbox 348 4056 1526 4568">
     <span class='ocr_line' id='line_1_33' title="bbox 389 4056 1526 4144; baseline 0 -24"><span class='ocrx_word' id='word_1_266' title='bbox 389 4057 422 4120; x_wconf 78' lang='lat'>3⁰</span> <span class='ocrx_word' id='word_1_267' title='bbox 436 4056 629 4122; x_wconf 90' lang='lat' dir='ltr'>Notandum</span> <span class='ocrx_word' id='word_1_268' title='bbox 644 4060 800 4144; x_wconf 89' lang='lat' dir='ltr'>estquod</span> <span class='ocrx_word' id='word_1_269' title='bbox 820 4061 978 4125; x_wconf 89' lang='lat' dir='ltr'>sacerdos</span> <span class='ocrx_word' id='word_1_270' title='bbox 993 4061 1223 4141; x_wconf 88' lang='lat' dir='ltr'>interrogatus</span> <span class='ocrx_word' id='word_1_271' title='bbox 1238 4079 1258 4125; x_wconf 89' lang='lat' dir='ltr'>a</span> <span class='ocrx_word' id='word_1_272' title='bbox 1274 4059 1388 4143; x_wconf 90' lang='lat' dir='ltr'>judice</span> <span class='ocrx_word' id='word_1_273' title='bbox 1404 4057 1446 4122; x_wconf 89' lang='lat' dir='ltr'>de</span> <span class='ocrx_word' id='word_1_274' title='bbox 1467 4074 1526 4121; x_wconf 93' lang='lat' dir='ltr'>au·</span> 
     </span>
     <span class='ocr_line' id='line_1_34' title="bbox 350 4165 1525 4252; baseline 0 -22"><span class='ocrx_word' id='word_1_275' title='bbox 350 4165 428 4230; x_wconf 90' lang='lat' dir='ltr'>ditis</span> <span class='ocrx_word' id='word_1_276' title='bbox 449 4167 484 4230; x_wconf 95' lang='lat' dir='ltr'>in</span> <span class='ocrx_word' id='word_1_277' title='bbox 499 4167 714 4232; x_wconf 76' lang='lat' dir='ltr'>confessione</span> <span class='ocrx_word' id='word_1_278' title='bbox 729 4174 843 4252; x_wconf 88' lang='lat' dir='ltr'>potest</span> <span class='ocrx_word' id='word_1_279' title='bbox 861 4169 1044 4245; x_wconf 90' lang='lat' dir='ltr'>declarare,</span> <span class='ocrx_word' id='word_1_280' title='bbox 1064 4170 1167 4234; x_wconf 88' lang='lat' dir='ltr'>etiam</span> <span class='ocrx_word' id='word_1_281' title='bbox 1186 4170 1250 4232; x_wconf 91' lang='lat' dir='ltr'>sub</span> <span class='ocrx_word' id='word_1_282' title='bbox 1263 4171 1471 4251; x_wconf 84' lang='lat' dir='ltr'>juramento,</span> <span class='ocrx_word' id='word_1_283' title='bbox 1488 4185 1525 4230; x_wconf 90' lang='lat' dir='ltr'>se</span> 
     </span>
     <span class='ocr_line' id='line_1_35' title="bbox 350 4274 1526 4358; baseline 0 -20"><span class='ocrx_word' id='word_1_284' title='bbox 350 4274 481 4339; x_wconf 87' lang='lat' dir='ltr'>nescire</span> <span class='ocrx_word' id='word_1_285' title='bbox 502 4277 727 4358; x_wconf 72' lang='lat' dir='ltr'>poenitentem</span> <span class='ocrx_word' id='word_1_286' title='bbox 748 4277 814 4342; x_wconf 90' lang='lat' dir='ltr'>tale</span> <span class='ocrx_word' id='word_1_287' title='bbox 831 4279 961 4342; x_wconf 85' lang='lat' dir='ltr'>crimen</span> <span class='ocrx_word' id='word_1_288' title='bbox 984 4277 1213 4352; x_wconf 86' lang='lat' dir='ltr'>commisisse;</span> <span class='ocrx_word' id='word_1_289' title='bbox 1239 4293 1331 4352; x_wconf 86' lang='lat' dir='ltr'>nam,</span> <span class='ocrx_word' id='word_1_290' title='bbox 1349 4280 1388 4338; x_wconf 92' lang='lat' dir='ltr'>ut</span> <span class='ocrx_word' id='word_1_291' title='bbox 1409 4279 1526 4340; x_wconf 87' lang='lat' dir='ltr'>monet</span> 
     </span>
     <span class='ocr_line' id='line_1_36' title="bbox 349 4383 1526 4470; baseline 0 -24"><span class='ocrx_word' id='word_1_292' title='bbox 349 4385 387 4447; x_wconf 87' lang='lat' dir='ltr'>D.</span> <span class='ocrx_word' id='word_1_293' title='bbox 406 4383 551 4448; x_wconf 86' lang='lat' dir='ltr'>Thomas</span> <span class='ocrx_word' id='word_1_294' title='bbox 568 4383 613 4465; x_wconf 88' lang='lat' dir='ltr'>(in</span> <span class='ocrx_word' id='word_1_295' title='bbox 634 4384 768 4469; x_wconf 80' lang='lat' dir='ltr'>Suppl,</span> <span class='ocrx_word' id='word_1_296' title='bbox 789 4405 821 4470; x_wconf 88' lang='lat' dir='ltr'>q.</span> <span class='ocrx_word' id='word_1_297' title='bbox 838 4387 890 4462; x_wconf 89' lang='grc' dir='ltr'>ιι,</span> <span class='ocrx_word' id='word_1_298' title='bbox 906 4404 936 4449; x_wconf 90' lang='lat' dir='ltr'>a.</span> <span class='ocrx_word' id='word_1_299' title='bbox 953 4387 985 4466; x_wconf 90' lang='lat' dir='ltr'>l)</span> <span class='ocrx_word' id='word_1_300' title='bbox 1002 4406 1009 4448; x_wconf 96' lang='lat'><strong>:</strong></span> <span class='ocrx_word' id='word_1_301' title='bbox 1032 4411 1047 4442; x_wconf 86' lang='lat'>«</span> <span class='ocrx_word' id='word_1_302' title='bbox 1069 4383 1303 4451; x_wconf 82' lang='lat' dir='ltr'>contessarius</span> <span class='ocrx_word' id='word_1_303' title='bbox 1320 4401 1390 4448; x_wconf 95' lang='lat' dir='ltr'>non</span> <span class='ocrx_word' id='word_1_304' title='bbox 1409 4383 1472 4446; x_wconf 90' lang='lat' dir='ltr'>scit</span> <span class='ocrx_word' id='word_1_305' title='bbox 1488 4388 1526 4446; x_wconf 93' lang='lat' dir='ltr'>ut</span> 
     </span>
     <span class='ocr_line' id='line_1_37' title="bbox 348 4491 1127 4568; baseline -0.001 -13"><span class='ocrx_word' id='word_1_306' title='bbox 348 4491 463 4566; x_wconf 92' lang='lat' dir='ltr'>homo,</span> <span class='ocrx_word' id='word_1_307' title='bbox 482 4491 709 4568; x_wconf 76' lang='lat' dir='ltr'>sedelocus,</span> <span class='ocrx_word' id='word_1_308' title='bbox 730 4515 745 4548; x_wconf 76' lang='lat' dir='ltr'>n</span> <span class='ocrx_word' id='word_1_309' title='bbox 762 4510 823 4556; x_wconf 89' lang='lat' dir='ltr'>seu</span> <span class='ocrx_word' id='word_1_310' title='bbox 836 4497 875 4555; x_wconf 95' lang='lat' dir='ltr'>ut</span> <span class='ocrx_word' id='word_1_311' title='bbox 887 4493 1045 4557; x_wconf 88' lang='lat' dir='ltr'>minister</span> <span class='ocrx_word' id='word_1_312' title='bbox 1056 4493 1127 4557; x_wconf 85' lang='lat' dir='ltr'>Dei.</span> 
     </span>
    </p>

    <p class='ocr_par' dir='ltr' id='par_1_7' title="bbox 349 4597 1524 4792">
     <span class='ocr_line' id='line_1_38' title="bbox 389 4597 1521 4682; baseline 0 -20"><span class='ocrx_word' id='word_1_313' title='bbox 389 4601 416 4678; x_wconf 83' lang='lat' dir='ltr'>c)</span> <span class='ocrx_word' id='word_1_314' title='bbox 429 4599 476 4662; x_wconf 86' lang='lat' dir='ltr'>De</span> <span class='ocrx_word' id='word_1_315' title='bbox 490 4599 636 4662; x_wconf 82' lang='lat' dir='ltr'>materia</span> <span class='ocrx_word' id='word_1_316' title='bbox 649 4599 762 4682; x_wconf 79' lang='lat' dir='ltr'>sipilli.</span> <span class='ocrx_word' id='word_1_317' title='bbox 785 4600 816 4663; x_wconf 71' lang='grc' dir='ltr'>ιο</span> <span class='ocrx_word' id='word_1_318' title='bbox 831 4599 967 4664; x_wconf 87' lang='lat' dir='ltr'>Certum</span> <span class='ocrx_word' id='word_1_319' title='bbox 989 4605 1042 4665; x_wconf 88' lang='lat' dir='ltr'>est</span> <span class='ocrx_word' id='word_1_320' title='bbox 1061 4601 1177 4665; x_wconf 86' lang='lat' dir='ltr'>omnia</span> <span class='ocrx_word' id='word_1_321' title='bbox 1198 4606 1335 4682; x_wconf 88' lang='lat' dir='ltr'>peccata</span> <span class='ocrx_word' id='word_1_322' title='bbox 1354 4597 1521 4674; x_wconf 88' lang='lat' dir='ltr'>mortalia,</span> 
     </span>
     <span class='ocr_line' id='line_1_39' title="bbox 349 4705 1524 4792; baseline -0.001 -20"><span class='ocrx_word' id='word_1_323' title='bbox 349 4707 419 4772; x_wconf 90' lang='lat' dir='ltr'>imo</span> <span class='ocrx_word' id='word_1_324' title='bbox 438 4711 472 4770; x_wconf 90' lang='grc' dir='ltr'>ει</span> <span class='ocrx_word' id='word_1_325' title='bbox 493 4705 649 4780; x_wconf 83' lang='lat' dir='ltr'>venialia,</span> <span class='ocrx_word' id='word_1_326' title='bbox 673 4725 750 4772; x_wconf 89' lang='lat' dir='ltr'>esse</span> <span class='ocrx_word' id='word_1_327' title='bbox 769 4707 948 4774; x_wconf 88' lang='lat' dir='ltr'>materiam</span> <span class='ocrx_word' id='word_1_328' title='bbox 968 4709 1080 4792; x_wconf 87' lang='lat' dir='ltr'>sigilli,</span> <span class='ocrx_word' id='word_1_329' title='bbox 1100 4727 1179 4777; x_wconf 89' lang='lat' dir='ltr'>cum</span> <span class='ocrx_word' id='word_1_330' title='bbox 1193 4709 1258 4776; x_wconf 93' lang='lat' dir='ltr'>hoc</span> <span class='ocrx_word' id='word_1_331' title='bbox 1280 4713 1394 4776; x_wconf 84' lang='lat' dir='ltr'>tamen</span> <span class='ocrx_word' id='word_1_332' title='bbox 1410 4706 1524 4774; x_wconf 84' lang='lat' dir='ltr'>discri-</span> 
     </span>
    </p>
   </div>
   <div class='ocr_carea' id='block_1_3' title="bbox 0 0 1754 5552">
    <p class='ocr_par' dir='ltr' id='par_1_8' title="bbox 0 0 1754 5552">
     <span class='ocr_line' id='line_1_40' title="bbox 0 0 1754 5552; baseline 0 0"><span class='ocrx_word' id='word_1_333' title='bbox 0 0 1754 5552; x_wconf 95' lang='lat' dir='ltr'> </span> 
     </span>
    </p>
   </div>
  </div>
 </body>
</html>
