3388 5582
345 591 429 636 sams
451 571 637 636 nrosromcar'
657 591 792 636 nacanra
813 589 851 634 lc
873 587 1123 634 nncnaaarronns.
1266 571 1321 636 obl

145 709 375 779 suburbicariis,
388 709 415 768 si
430 709 608 770 ordinentur
621 715 705 768 extra
721 723 807 768 suam
822 707 990 775 diaecesim,
1008 707 1261 766 dimissorialibus
1277 709 1326 786 sqi
1357 753 1360 758 ,

143 800 286 859 ordinarii
307 801 342 858 ad
366 799 458 859 alium
479 799 601 858 directis
621 813 711 872 quam
735 799 772 857 ad
795 797 875 857 card.
900 796 987 855 Urbis
1005 797 1151 855 vicarium
1167 815 1174 854 :
1192 797 1239 855 val
1263 813 1324 857 non

144 891 308 965 praemissis
323 895 392 950 ante
406 890 541 950 ordinem
564 903 685 948 sacrum
707 885 933 961 suscipiendum
948 885 1098 944 exercitiis
1115 885 1325 959 spiritualibus

144 981 310 1053 perdecem
327 981 391 1040 dies
406 981 437 1038 in
450 980 540 1039 domo
551 980 667 1040 urbana
680 978 869 1037 sacerdotum
886 975 1057 1035 altissinne
1068 983 1324 1049 nuncupatorum,

144 1071 380 1144 suspensionem
393 1071 430 1129 ab
441 1068 600 1130 ordinibus
615 1069 660 1128 sic
672 1067 826 1140 susceptis
837 1067 874 1124 ad
887 1065 1106 1138 beneplacitum
1117 1067 1146 1124 S.
1159 1066 1244 1125 Sedis
1259 1065 1326 1139 ipso

141 1160 208 1232 jure
232 1160 392 1218 incurrunt
417 1179 424 1217 ι
450 1159 585 1234 episcopi
607 1173 679 1217 vero
702 1156 877 1215 ordinantes
906 1153 944 1214 ab
962 1169 1019 1213 usu
1035 1153 1252 1227 pontificalium
1275 1169 1327 1228 per

144 1263 257 1308 annum
268 1249 352 1323 (Vide
368 1250 413 1307 tit.
429 1267 459 1306 xr
471 1248 522 1307 lib.
539 1251 561 1318 l,
575 1253 649 1307 sect.
664 1253 692 1316 l,
707 1247 724 1320 5
738 1251 765 1314 t,
783 1247 821 1318 ri.

418 1495 421 1504 ,
502 1448 625 1500 interdicta
640 1447 693 1500 lale
707 1447 829 1499 sententia
842 1451 968 1498 reservata.

81 1646 82 1650 =
180 1617 201 1672 l.
216 1613 408 1672 interdictum
422 1617 557 1672 Romano
572 1613 708 1672 Pontifici
725 1613 847 1689 speciali
863 1612 952 1672 modo
971 1619 1155 1672 reservatum
1175 1615 1242 1688 ipso
1259 1617 1328 1688 jura

144 1705 303 1764 incurrunt
319 1702 543 1774 universitates,
561 1703 689 1778 collegia
704 1709 733 1761 et
749 1702 892 1776 capitula,
907 1717 1099 1777 quocumque
1116 1707 1237 1764 nomine
1249 1721 1327 1764 nnn-

143 1799 300 1867 cupentur,
316 1793 355 1851 ab
369 1793 611 1853 ordinationibus
626 1807 680 1853 seu
702 1791 853 1852 mandalis
871 1791 1008 1864 ejusdem
1030 1794 1155 1853 Romani
1172 1795 1327 1854 ronriucis

143 1898 197 1956 pro
214 1889 347 1956 tempore
369 1883 527 1942 existentis
550 1882 586 1941 ad
610 1883 777 1942 universale
798 1881 935 1940 laturum
957 1881 1119 1941 concilium
1145 1883 1327 1956 appellantia

143 1973 225 2046 (Vide
239 1973 284 2030 tit.
300 1987 350 2031 vm
364 1971 416 2030 lib.
427 1973 472 2044 V).

179 2065 212 2119 ll.
235 2062 369 2122 Scienter
392 2061 578 2121 celebrantes
602 2064 649 2121 rel
675 2063 818 2121 celebrari
838 2063 985 2121 iacientes
1009 2062 1111 2122 dirina
1138 2063 1170 2121 in
1193 2062 1269 2122 locis
1289 2063 1326 2122 ab

143 2151 305 2220 ordinario,
331 2151 377 2208 rel
397 2152 533 2226 delegato
545 2151 657 2225 jndice,
676 2153 755 2211 vela
777 2153 845 2226 jure
866 2152 1052 2222 interdictis;
1071 2159 1124 2211 aut
1143 2153 1324 2212 nominatim

142 2242 421 2302 excommunicatos
441 2243 477 2300 ad
503 2243 605 2301 divina
624 2243 734 2314 ollicin,
758 2257 812 2302 seu
832 2242 1036 2302 ecclesiastica
1057 2249 1256 2314 sacramenta,
1279 2245 1326 2302 rel

143 2332 376 2392 eeclesiasticam
391 2334 576 2406 sepulturam
595 2332 799 2402 admiltenles
813 2332 1006 2392 interdictum
1019 2332 1057 2391 ab
1079 2332 1219 2408 ingressu
1232 2333 1325 2394 eccle·

144 2422 197 2480 sice
214 2423 279 2497 ipso
292 2423 361 2496 jure
385 2424 563 2492 incurrunt,
584 2422 679 2482 donec
699 2423 736 2482 ad
759 2422 915 2482 arbitrium
943 2423 1010 2496 ejus
1031 2423 1120 2497 cuius
1144 2425 1325 2484 sententiam

143 2517 398 2586 contempsemnt,
420 2517 622 2586 competenter
635 2513 838 2572 satisfecerint
852 2512 935 2584 (Vide
949 2513 992 2570 tit.
1008 2529 1111 2582 xxxix,
1127 2517 1200 2571 secl.
1216 2514 1274 2587 i,§
1297 2518 1323 2584 l,

142 2615 182 2670 rrr,
199 2599 250 2658 lib.
268 2601 314 2670 V).

181 2691 315 2763 lienique
338 2703 548 2764 quoscumque
574 2690 651 2750 alios
676 2695 904 2749 sacrosanctum
926 2690 1089 2749 concilium
1118 2690 1326 2750 Tridentinum

144 2793 313 2853 suspensos
340 2784 392 2836 aut
412 2778 587 2838 interdictos
613 2778 681 2852 ipso
703 2779 771 2852 jure
799 2793 869 2836 esse
897 2777 1042 2847 decrevit,
1065 2781 1124 2836 llos
1149 2779 1213 2852 pari
1238 2779 1327 2838 modo

143 2869 337 2942 suspensioni
362 2868 409 2927 vel
434 2868 591 2926 interdicto
616 2868 737 2926 eosdem
761 2867 912 2926 obnoxios
932 2881 1001 2925 essa
1022 2866 1163 2928 volumus
1184 2873 1213 2926 et
1232 2868 1327 2928 decla-

146 2972 260 3018 ramus.

180 3051 251 3118 Quae
263 3063 334 3105 vern
347 3055 483 3106 censurae
503 3046 565 3109 sive
580 3046 913 3116 excommunicationis,
934 3047 997 3106 sire
1012 3047 1238 3120 suspensionis,
1263 3047 1327 3106 sire

144 3137 306 3206 interdicti,
318 3137 433 3196 nostris
444 3143 497 3196 aut
515 3137 772 3210 predecessorum
791 3141 964 3195 nostrorum
979 3136 1261 3205 constitutionibus,
1273 3144 1327 3196 aut

144 3229 239 3288 sacris
263 3227 440 3298 canonibus,
466 3231 644 3300 praetereas
667 3239 744 3300 quas
764 3225 986 3295 recensuimus,
1010 3225 1078 3284 latae
1101 3231 1185 3296 stant,
1208 3227 1323 3300 absque

143 3319 290 3378 hactenus
313 3318 343 3374 in
367 3329 423 3376 suo
444 3317 547 3391 vigore
568 3314 765 3387 perstiterunt
786 3315 851 3373 sire
872 3315 1150 3387 promeantibus
1170 3317 1326 3387 electione,

145 3409 209 3467 sire
230 3423 283 3481 pro
307 3408 426 3466 interno
448 3405 595 3482 regimine
619 3419 880 3479 quorumcumque
904 3407 1046 3466 ordinum
1066 3413 1096 3465 et
1118 3408 1328 3468 institutorum

145 3499 346 3574 regularium,
369 3513 425 3556 nec
449 3511 510 3555 uon
536 3509 798 3569 quorumcumque
821 3497 1033 3571 collegiorum,
1057 3498 1327 3574 congregationum

145 3593 277 3646 ooetuum
292 3586 488 3660 locorumque
504 3585 634 3658 piorum,
653 3585 873 3659 cujuscumque
894 3586 1028 3644 nominis
1048 3591 1101 3644 aut
1116 3586 1238 3661 generis
1254 3587 1327 3658 sint,

146 3693 197 3736 eas
213 3677 319 3737 omnes
333 3677 437 3736 firmas
452 3691 532 3748 esse,
548 3684 578 3736 et
598 3676 628 3734 in
644 3691 702 3736 sno
713 3676 819 3735 robore
830 3691 1006 3751 permanere
1022 3676 1165 3736 volumus
1187 3683 1216 3735 et
1233 3677 1329 3738 decla-

146 3782 258 3827 ramus.

182 3859 328 3916 Celerum
338 3855 541 3927 decernimus,
551 3855 583 3914 in
599 3855 685 3922 noris
695 3854 942 3929 quibuscumque
954 3856 1205 3918 concessionibus
1219 3873 1254 3917 ao
1270 3860 1327 3931 pri·

146 3946 274 4022 vilegiis‚
288 3959 356 4018 que
371 3943 408 4003 ab
420 3945 595 4018 apostolica
610 3945 684 4003 Sede
699 3945 823 4004 concedi
839 3945 937 4004 cuivis
951 3948 1122 4022 contigerit,
1138 3947 1222 4006 nullo
1239 3949 1328 4008 modo

146 4053 181 4095 ac
195 4037 309 4095 ratione
324 4034 453 4110 intelligi
467 4049 604 4108 unquam
620 4033 739 4104 debere,
754 4039 807 4092 aut
822 4049 913 4108 posse
928 4035 1142 4109 comprehendi
1158 4037 1328 4098 faculatem

146 4125 321 4185 absolvendi
337 4123 488 4183 acaaibus
502 4128 531 4182 et
548 4123 688 4182 censuris
709 4122 896 4195 quibuslibet
916 4127 1050 4182 Romano
1072 4125 1209 4184 Pontillci
1229 4140 1328 4186 reser-

147 4214 235 4284 vatis,
259 4214 318 4272 nisi
337 4213 374 4272 de
395 4214 433 4272 iis
451 4213 586 4272 formalis
606 4211 747 4285 explicita
765 4227 800 4271 ao
820 4213 976 4272 individua
989 4213 1103 4273 mentio
1117 4216 1197 4274 facta
1212 4216 1326 4276 luerit:

147 4319 215 4377 quas
240 4318 310 4360 vero
334 4302 492 4377 privilegia
513 4307 566 4362 aut
589 4301 757 4371 facultates,
779 4302 842 4360 sive
863 4319 882 4361 a
902 4302 1175 4374 predecessoribus
1201 4305 1328 4375 nostris,

149 4393 311 4451 sireetiam
329 4391 452 4450 atlobls
474 4391 597 4450 cuilibet
619 4391 720 4461 coetni,
743 4390 858 4462 ordini,
880 4393 1123 4466 congregationi,
1143 4393 1278 4453 societati
1300 4402 1330 4454 et

149 4481 297 4550 instituto,
314 4480 402 4540 etiam
418 4481 548 4556 regulari
565 4479 702 4553 cuiusvis
719 4481 841 4553 speciei,
857 4481 915 4540 etsi
931 4481 1018 4539 titulo
1034 4481 1177 4554 peculiari
1192 4483 1328 4555 predita,

148 4577 238 4644 atque
259 4572 348 4628 etiam
370 4569 493 4643 speciali
514 4570 667 4628 mentione
682 4569 816 4644 digno,a
836 4571 944 4645 quovis
965 4585 1099 4644 unquam
1120 4577 1252 4646 tempore
1269 4571 1329 4632 buc

149 4675 246 4735 usque
261 4675 413 4732 concessae
429 4659 550 4731 luerint,
566 4676 599 4718 aa
615 4660 727 4729 omnia,
740 4675 853 4734 easque
868 4675 974 4720 omnes
988 4667 1093 4720 nostra
1107 4661 1163 4720 hac
1185 4661 1330 4720 constitu-

150 4751 231 4810 tione
256 4755 424 4822 rerocataS,
447 4763 628 4823 suppressas
651 4754 679 4806 et
701 4748 828 4808 abolitas
849 4750 1089 4821 essevolumus,
1111 4755 1200 4825 prout
1226 4765 1330 4824 reapse
