3412 5570
783 642 835 696 tiis
857 647 1034 696 carnutensi.

619 842 638 892 1.
651 839 723 902 Quid
738 841 768 894 et
781 843 933 908 quotuplex
947 841 984 896 sit
996 843 1104 896 crimen
1119 841 1198 896 inicii

366 989 399 1070 α)
415 987 528 1069 Quid?
546 989 577 1052 10
592 987 727 1053 Falsum
747 991 938 1072 generatim
962 995 1015 1055 εει
1033 990 1069 1055 id
1093 989 1184 1074 quod
1203 1007 1272 1054 non
1288 992 1340 1053 est
1354 1007 1495 1062 verum;

326 1096 483 1172 strictius,
501 1095 537 1160 in
557 1097 674 1162 ordine
694 1096 737 1163 ad
751 1103 957 1181 presentem
971 1099 1160 1175 materiam,
1185 1103 1238 1162 eei
1255 1097 1399 1162 mutatio
1413 1096 1498 1162 veri-

326 1204 403 1268 tatis
417 1223 496 1270 cum
514 1205 592 1270 doio
607 1206 705 1284 facta,
727 1207 883 1289 quamvis
901 1207 998 1271 altari
1018 1225 1061 1274 ex
1081 1201 1295 1294 hoc-nullum
1318 1209 1497 1270 enascatur

324 1313 577 1396 prejudicium
593 1313 731 1380 tandem
741 1313 875 1399 proprie
889 1320 1076 1398 acceptum,
1089 1319 1141 1378 est
1150 1311 1233 1378 iilud
1243 1313 1332 1397 quod
1343 1311 1497 1377 commit-

325 1423 406 1486 titur
415 1440 493 1487 cum
508 1422 585 1487 dolo
601 1409 703 1487 simul
718 1428 753 1487 et
768 1423 892 1487 damno
906 1421 1055 1499 alterius,
1073 1422 1155 1487 etin
1168 1421 1233 1486 hoc
1246 1439 1350 1485 sensu
1363 1418 1496 1484 definiri

322 1536 435 1617 potest
450 1551 457 1594 :
472 1557 487 1589 «
501 1529 728 1597 Fraudulenta
740 1531 933 1598 immutatio
945 1531 1098 1596 veritatis
1112 1532 1201 1596 facta
1214 1529 1249 1594 in
1259 1527 1496 1614 praejudicium

324 1639 472 1704 ulterius.
491 1664 507 1697 o

363 1749 395 1811 10
405 1747 564 1831 Sequitur
577 1748 669 1833 quod
680 1747 723 1814 ad
734 1749 863 1814 crimen
875 1747 951 1814 salsi
966 1747 1258 1832 iriarequiruntur
1269 1767 1276 1810 ε
1288 1748 1320 1810 10
1330 1747 1422 1811 iraus
1433 1763 1495 1808 scu

325 1855 433 1931 dolus,
453 1859 488 1919 et
499 1855 577 1920 ideo
593 1857 650 1939 qui
664 1856 744 1920 dicit
757 1855 882 1921 imaum
893 1857 983 1941 quod
997 1861 1094 1940 putat
1108 1873 1183 1920 esse
1199 1873 1330 1932 verum,
1344 1853 1421 1918 falsi
1434 1853 1495 1918 cri-

323 1964 425 2028 minis
437 1983 507 2030 non
519 1969 672 2029 tenetur:
688 1965 758 2031 imo
769 1984 838 2031 non
853 1966 977 2032 sufficit
987 1965 1084 2030 dolus
1094 1969 1332 2049 praesumptus,
1347 1963 1494 2027 sedvere

324 2072 420 2137 ilium
442 2071 589 2138 adfuisse
612 2073 749 2156 probari
771 2074 889 2151 debet3
910 2074 942 2137 2⁰
955 2073 1149 2139 immutatio
1168 2073 1337 2149 veritatis;
1361 2070 1495 2136 etiamsi

325 2179 423 2246 dolus
446 2180 566 2246 fuisset
589 2180 770 2257 adhibitus,
793 2181 822 2245 si
846 2181 971 2246 veritas
994 2200 1064 2247 non
1088 2184 1336 2256 immutaretur,
1365 2180 1495 2244 crimen

323 2288 399 2354 falsi
413 2307 483 2354 non
498 2289 679 2354 existeret:
696 2289 787 2354 unde
803 2290 831 2354 si
846 2290 942 2354 testis
955 2289 1074 2354 doloso
1087 2289 1203 2354 animo
1213 2307 1334 2352 verum
1350 2287 1496 2370 depone-

323 2402 387 2475 ret,
401 2402 527 2479 putans
540 2415 576 2460 se
592 2397 715 2462 falsum
729 2397 851 2475 dicere,
865 2417 936 2463 non
952 2403 1004 2462 cst
1013 2415 1092 2462 rcus
1105 2396 1196 2472 falai;
1208 2397 1241 2460 3⁰
1250 2401 1495 2463 nocumentum

323 2505 420 2571 alteri
442 2505 575 2570 illatum
595 2506 651 2570 vel
672 2507 900 2585 inferendum,
924 2507 988 2572 etsi
1012 2525 1075 2590 per
1097 2505 1253 2572 accidens
1274 2505 1493 2588 impediatur;

324 2615 403 2698 quia
416 2614 569 2698 potentia
580 2615 668 2680 actui
681 2616 992 2700 proximahabetur
1005 2635 1066 2700 pro
1081 2620 1156 2681 actu
1172 2615 1258 2698 ipso.

363 2723 396 2786 3⁰
411 2722 543 2788 Falsum
557 2727 610 2788 est
623 2723 753 2788 crimen
767 2725 1018 2806 gravissimum,
1033 2725 1123 2808 quod
1138 2723 1345 2788 assimilatur
1356 2721 1494 2788 homici-

256 2823 259 2832 '
324 2831 379 2897 dio
395 2837 429 2896 et
445 2832 620 2898 veneficio.
638 2831 696 2896 Est
708 2833 838 2897 crimen
852 2833 1035 2918 publicum,
1049 2834 1097 2897 ite
1112 2837 1150 2896 ut
1170 2831 1311 2916 quilibet
1324 2832 1431 2914 possit
1450 2829 1493 2895 de

323 2938 380 3007 iiio
391 2959 558 3014 accusare,
571 2942 702 3006 etiamsi
719 2942 772 3007 sui
786 2941 870 3007 nibil
879 2943 1022 3008 intersit.
1037 2941 1075 3006 ln
1085 2945 1161 3026 J'ure
1176 2941 1351 3015 canonico,
1364 2946 1398 3004 et
1411 2937 1493 3004 olim

323 3047 443 3132 injure
453 3047 618 3126 Romano,
631 3055 683 3114 est
696 3051 826 3116 crimen
843 3056 1034 3133 exceptum.
1051 3055 1086 3115 ct
1100 3055 1281 3134 propterea
1291 3049 1329 3114 in
1342 3045 1493 3130 generali

322 3156 524 3223 remissione
540 3162 574 3222 ει
588 3156 841 3241 dispensatione
856 3175 926 3222 non
937 3157 1247 3242 comprehenditur.

364 3265 393 3348 b)
410 3266 601 3351 Quotupleu:
615 3267 680 3332 sit?
693 3267 860 3332 Dividitur
878 3269 909 3331 10
924 3268 959 3331 in
977 3285 1098 3332 verum
1112 3271 1147 3332 et
1165 3266 1262 3351 quasi
1280 3264 1492 3330 tale.me

324 3371 405 3440 olim
420 3373 594 3440 dicebatur
608 3374 699 3458 quod
711 3374 787 3457 lege
802 3375 956 3440 Cornelia
979 3379 1051 3440 arat
1073 3379 1239 3452 notatum,
1262 3371 1387 3438 scilicet
1401 3371 1493 3456 quod

323 3481 547 3547 committitur
573 3483 661 3548 circa
680 3482 885 3560 testimonia,
911 3487 1115 3549 testamenta
1140 3489 1175 3546 et
1191 3500 1362 3547 nummos.
1388 3481 1497 3561 Quasi

324 3589 393 3653 tole
416 3588 536 3655 dicitur
550 3591 641 3673 quod
657 3589 800 3673 illulege
811 3609 881 3656 non
895 3595 967 3656 eret
985 3596 1151 3668 notatum,
1167 3591 1227 3656 sed
1240 3589 1313 3656 aliis
1330 3589 1492 3655 constitu-

324 3695 486 3772 tionibus,
501 3702 541 3761 ut
552 3697 580 3762 si
595 3699 652 3782 qui
662 3699 822 3776 rationes,
839 3699 1066 3764 instrumenta
1077 3697 1284 3764 falsaverint.

362 3805 395 3867 10
410 3804 468 3869 Εει
480 3805 659 3888 personale
675 3806 731 3872 vel
744 3805 845 3873 reale.
857 3807 1037 3874 Persoocle
1048 3806 1199 3890 estquod
1214 3807 1301 3871 circa
1309 3823 1491 3889 personam

323 3913 530 3990 committur,
550 3919 588 3978 ut
608 3915 752 3981 mutatio
778 3915 938 3991 nominis,
964 3915 1161 3980 subornatio
1192 3915 1340 3989 testium,
1367 3914 1491 3999 judicis

322 4022 505 4104 corruptio.
517 4023 630 4103 Recte,
643 4024 734 4108 quod
748 4023 971 4090 committitur
984 4023 1151 4101 circatam
1168 4031 1287 4108 estque
1300 4022 1448 4097 verbale,
1461 4021 1491 4086 si

323 4129 384 4194 ssat
398 4130 531 4206 verbis;
545 4130 718 4215 scripturn,
735 4131 764 4196 si
779 4133 958 4216 scriptura;
974 4131 1170 4215 simpliciter
1183 4131 1284 4208 reale,
1303 4129 1439 4215 quando
1453 4130 1492 4193 iit

322 4236 411 4302 iacto
426 4242 485 4303 eut
498 4257 563 4302 usu
581 4238 759 4322 velpotius
774 4241 883 4305 abusu
897 4240 956 4304 rei.
974 4239 1067 4304 Unde
1078 4232 1208 4305 ratione
1223 4238 1316 4303 modi
1328 4237 1492 4322 quadrifa-

322 4345 409 4410 riam
428 4347 655 4411 communiter
676 4346 845 4428 dividitur,
864 4354 966 4432 prout
983 4347 1205 4414 committitur
1228 4345 1327 4423 dicto,
1352 4346 1488 4428 scripto,

321 4453 409 4518 iacto
425 4457 460 4518 et
472 4472 548 4518 usu.
563 4455 664 4519 Juxta
678 4454 752 4520 illas
766 4461 911 4539 quatuor
927 4457 1055 4539 species
1069 4456 1248 4540 subjectas,
1260 4454 1489 4520 describemus

323 4562 452 4629 crimen
467 4559 552 4628 taisi.
