3418 5566
414 514 475 580 384
872 536 924 584 rus
944 537 1122 586 canonicor.

414 649 496 725 voti,
520 649 642 714 saltem
667 650 841 729 solemnis,
868 670 928 716 seu
950 655 1140 736 generatim
1161 657 1203 721 ab
1224 657 1318 722 omni
1340 657 1588 740 impedimento

415 757 505 841 quod
530 759 747 826 matrimonio
765 762 925 828 obstaret.
945 763 1011 828 Sed
1028 765 1061 828 3⁰
1073 753 1109 829 in
1123 766 1355 849 propriissime
1371 773 1406 832 et
1429 768 1588 852 specifico

414 883 528 943 sensu,
549 871 583 930 et
606 871 707 951 prout
729 887 749 932 a
768 873 885 953 stupro
910 871 1140 953 distinguitur,
1166 873 1334 956 significat
1358 874 1455 940 illum
1474 875 1589 942 solum

413 974 630 1039 concubitum
653 976 773 1059 quide
801 982 922 1044 mutuo
945 997 1116 1045 consensu
1139 982 1179 1045 flt
1200 1000 1220 1047 a
1240 983 1351 1048 soluto
1372 1002 1450 1048 cum
1474 984 1590 1050 solute

409 1083 482 1165 jam
499 1088 681 1167 corrupta:
698 1085 746 1150 sic
760 1086 907 1150 sumitur
920 1089 955 1151 in
971 1105 1044 1152 can.
1060 1088 1131 1154 Lae
1147 1090 1220 1170 illa,
1239 1091 1283 1168 2⁰,
1303 1109 1406 1158 causa
1423 1093 1473 1170 36,
1491 1112 1523 1176 q.
1542 1093 1559 1156 l
1579 1114 1586 1155 :

413 1191 684 1259 «Fornicatio...
702 1195 891 1277 specialiter
905 1197 1105 1280 intelligitur
1116 1199 1151 1264 in
1162 1219 1228 1264 usu
1238 1200 1420 1268 viduarum
1431 1202 1488 1266 vel
1507 1219 1588 1268 oon-

411 1301 623 1367 cubinarum.
641 1328 656 1362 n

452 1409 481 1493 d)
495 1410 627 1495 Duplex
644 1413 864 1498 distinguitur
878 1416 1058 1498 fornicatio
1075 1417 1279 1482 strictissime
1289 1425 1425 1502 sumpto
1440 1437 1452 1483 .·
1466 1420 1498 1483 1⁰
1508 1418 1587 1484 For-

324 1541 327 1546 ·
411 1519 535 1583 nicetio
549 1519 703 1603 simplex,
722 1523 856 1606 quando
872 1524 911 1586 flt
924 1522 1051 1607 absque
1063 1525 1329 1590 consuetudine:
1344 1527 1494 1591 exunieo
1505 1531 1586 1592 actu

411 1625 532 1710 aliquis
551 1627 792 1693 denominatur
811 1631 1004 1695 fornicator.
1021 1631 1148 1696 Dicitur
1167 1633 1269 1697 etiam
1283 1632 1465 1717 aliquando
1480 1654 1584 1718 vaga,

411 1735 490 1818 quia
513 1735 563 1812 tlt,
579 1739 675 1801 more
689 1737 870 1820 pecudum,
885 1738 988 1804 modo
1013 1757 1092 1806 curn
1116 1740 1175 1804 tali
1200 1759 1357 1824 persona,
1378 1741 1481 1808 modo
1504 1759 1585 1806 eum

409 1841 526 1908 altera.
766 1829 771 1838 ’

450 1950 482 2013 2⁰
493 1947 753 2032 Concubinotus,
765 1953 901 2037 quando
911 1959 965 2019 est
974 1961 1137 2022 consueta
1151 1974 1230 2022 cum
1245 1956 1365 2021 eadem
1376 1961 1470 2022 certa
1479 1974 1518 2022 ac
1529 1957 1584 2022 de·

411 2055 592 2121 terminata
604 2076 750 2140 persona
767 2078 773 2120 :
792 2058 882 2122 unde
898 2077 1000 2143 supra
1018 2061 1277 2125 fornicationem
1290 2059 1478 2144 simplicem
1490 2061 1584 2126 addit

411 2168 538 2229 statum
557 2169 592 2229 et
612 2167 916 2246 perseverantiam.
934 2167 1126 2232 Notandum
1148 2173 1209 2246 est,
1228 2169 1318 2252 quod
1337 2170 1582 2234 concubinatus

409 2276 508 2341 aliter
526 2278 672 2342 sumitur
682 2281 758 2360 jure
777 2277 878 2354 civili,
893 2278 991 2344 aliter
1001 2283 1079 2363 jure
1096 2281 1259 2346 canonico
1275 2299 1282 2343 ε
1295 2267 1373 2365 jure
1387 2280 1487 2357 civili,
1502 2299 1582 2345 eon-

409 2395 603 2459 cubinarius
619 2395 739 2459 dicitur
755 2395 812 2479 qui
825 2395 1005 2460 mulierem
1020 2397 1167 2462 solutam
1183 2397 1274 2463 domi
1289 2416 1360 2464 suae
1374 2397 1450 2464 loco
1464 2399 1581 2463 uxoris

410 2501 540 2566 detinet
557 2508 684 2567 etcum
701 2521 742 2568 ea
755 2504 1039 2570 consuetudinem
1051 2505 1168 2583 habet,
1189 2507 1352 2573 canonico
1364 2510 1453 2591 jure,
1469 2507 1582 2571 omnis

409 2608 464 2674 ille
486 2611 746 2676 concubinarius
771 2613 969 2696 appellatur,
995 2616 1152 2698 quicum
1173 2616 1315 2682 muliere
1339 2616 1452 2700 aliqua
1470 2615 1582 2681 soluta
1675 2645 1676 2648 ¹

408 2724 542 2790 carnale
555 2726 797 2790 commercium
821 2727 946 2792 babere
963 2730 1152 2806 consuevit,
1169 2730 1239 2794 sive
1262 2729 1355 2794 illam
1378 2729 1413 2793 in
1436 2747 1497 2794 sua
1511 2728 1581 2793 sive
1675 2795 1676 2804 ,

407 2834 444 2898 in
457 2833 568 2899 aliena
588 2835 690 2901 domo
704 2835 860 2900 retineat.
1675 2827 1676 2832 ’

789 3022 820 3072 ll.
837 3021 897 3081 Quo
908 3020 974 3085 jura
987 3021 1025 3075 sit
1038 3021 1200 3087 problbltat

448 3167 478 3230 1⁰
498 3165 557 3230 ΤΤ.
583 3165 769 3231 ostendunt
792 3167 1051 3232 fornicationem
1082 3187 1157 3233 esse
1177 3171 1255 3251 jura
1280 3167 1395 3235 divino
1416 3167 1577 3244 illicitam,

407 3291 485 3338 cum
509 3275 679 3359 Scriptura
705 3274 965 3340 fornicationem
990 3280 1166 3340 recenseat
1192 3275 1283 3340 inter
1309 3293 1412 3360 opera
1429 3277 1579 3358 graviter
1675 3287 1676 3296 ¹

406 3381 581 3446 hominem
609 3381 875 3465 coinquinantia.
906 3382 969 3447 Sed
987 3390 1145 3468 qoaerunt
1159 3384 1273 3468 aliqui,
1299 3403 1344 3448 an
1363 3383 1491 3449 malitia
1510 3386 1578 3449 for·
1675 3371 1676 3374 ¹

406 3489 584 3554 nicationis
604 3485 764 3574 simplicis
782 3491 965 3556 descendat
984 3491 1095 3555 solum
1118 3509 1161 3554 er
1178 3493 1255 3574 jure
1276 3491 1390 3556 divino
1410 3493 1576 3575 positivo;
1675 3503 1676 3506 ’

406 3614 449 3660 an
479 3597 581 3662 etiam
607 3617 649 3660 ex
672 3597 840 3662 naturali?
864 3597 1023 3662 Doctrina
1043 3599 1233 3663 communis
1262 3604 1296 3664 et
1318 3605 1410 3664 certa
1436 3600 1501 3662 DD.
1526 3603 1578 3665 est

407 3705 498 3787 quod
510 3705 687 3769 fornicatio
705 3704 850 3788 simplex
865 3707 991 3788 sitjure
1007 3705 1153 3771 naturali
1168 3705 1292 3771 iDicita.
1312 3706 1450 3771 Constat
1464 3707 1577 3790 impri-

404 3811 470 3874 mis
486 3829 527 3875 ex
542 3829 638 3895 prop.
656 3813 815 3877 damnata
830 3814 871 3876 ab
886 3811 959 3877 lnn.
976 3811 1039 3876 lll:
1055 3838 1070 3870 «
1087 3812 1168 3876 'lam
1180 3813 1309 3878 clarum
1319 3813 1576 3879 videturforni-
1675 3811 1676 3838 ¹

405 3920 574 3984 sationem
598 3921 786 4002 secundum
812 3941 848 3986 sa
871 3922 1000 3986 nullam
1022 3919 1197 3986 involvere
1215 3921 1391 3998 malitiam,
1411 3926 1445 3986 et
1464 3920 1577 3987 solum

406 4047 481 4094 esse
495 4027 621 4092 malam
636 4029 714 4112 quia
734 4029 924 4107 interdicta,
940 4034 978 4093 ut
991 4029 1200 4094 contrarium
1216 4029 1309 4092 omni
1325 4030 1447 4094 rationi
1470 4030 1576 4095 disso

405 4155 489 4201 num
503 4136 669 4201 videatur.
688 4161 703 4194 n
723 4137 800 4201 Haec
815 4136 982 4222 oppositio
1000 4137 1070 4218 legi
1084 4135 1230 4200 naturali
1249 4136 1383 4201 ostendi
1395 4141 1512 4220 posset
1534 4155 1577 4203 ex

403 4245 486 4328 ipsis
503 4245 691 4328 scripturis,
706 4264 781 4328 quae
789 4245 1048 4310 fornicationem
1057 4244 1231 4309 vitandam
1242 4246 1498 4328 proponunt,ob
1508 4249 1576 4309 tur·
1675 4291 1676 4294 ,

404 4353 595 4436 pitudinem
617 4361 650 4418 et
664 4354 916 4418 inhonestatem
932 4371 1030 4418 suam
1046 4371 1053 4414 :
1068 4371 1100 4416 vr
1121 4372 1155 4435 g.
1172 4353 1299 4428 batth,
1315 4372 1367 4431 xv,
1385 4353 1443 4429 19;
1460 4351 1573 4429 lCor.,
1675 4429 1676 4436 ἵ

404 4481 447 4538 11,
456 4463 487 4537 9,
503 4466 749 4541 annumeratur
762 4465 796 4525 et
808 4465 1024 4544 comparatur
1038 4457 1207 4525 idolorum
1221 4461 1387 4536 servituti,
1396 4461 1573 4537 veneficio,

386 4641 387 4646 ἵ
404 4571 495 4634 furto
512 4569 749 4644 ethomieidio,
767 4575 843 4646 etc,
860 4587 935 4653 quaa
953 4571 1033 4632 sunt
1051 4587 1094 4632 ex
1114 4587 1189 4632 sese
1205 4550 1395 4633 'inhonesta
1409 4573 1444 4632 et
1457 4569 1575 4631 intrin-
1675 4645 1676 4668 ἢ

406 4696 482 4743 sese
493 4677 593 4744 mela.
619 4677 746 4744 Deinde
760 4679 792 4742 S.
809 4677 933 4746 Paulus
948 4675 1096 4742 declaret
1108 4677 1253 4758 gentiles
1269 4677 1451 4744 traditosin
1461 4696 1573 4760 repro·
1675 4669 1676 4746 Ῠ
