3388 5582
372 525 433 592 olo
748 549 753 554 ·
830 541 881 588 rus
902 529 1089 588 currorvcvu.¹

373 659 574 736 officiorum,
589 660 621 724 l·
635 659 774 724 nomine
789 659 892 724 oltlcii
907 661 972 724 hia
984 657 1128 724 veniunt
1145 677 1151 721 :
1169 677 1244 742 quae
1259 660 1369 741 primo
1386 664 1420 723 et
1434 677 1498 743 per
1512 663 1548 726 te

372 785 507 833 annexa
520 771 602 831 suut
613 765 710 832 alicui
726 764 837 831 ordini
851 783 958 842 sacro,
971 771 1006 831 et
1020 785 1094 851 quae
1109 765 1190 830 solis
1203 765 1332 831 clericis
1346 767 1564 849 permittam.
1673 825 1674 828 ,

374 879 439 952 tur,
451 874 699 940 utsacrillcium
710 875 840 951 missae;
855 875 1110 940 benedictiones
1118 874 1174 939 vel
1183 875 1456 940 consecrationes
1473 894 1549 960 quae
1579 885 1581 890 '
1673 925 1674 962 ,

372 986 461 1050 flunt
473 984 515 1048 ab
531 984 689 1066 episcopo
701 982 758 1049 vel
772 985 964 1060 sacerdote;
978 985 1071 1050 horae
1086 986 1270 1062 canonicae,
1283 984 1310 1048 si
1325 985 1359 1048 in
1373 985 1550 1050 communi

374 1093 529 1158 dicautur
542 1096 578 1156 et
595 1093 631 1155 in
649 1091 724 1157 loco
739 1093 782 1157 ad
801 1092 836 1157 id
856 1094 1047 1176 specialiter
1065 1093 1239 1177 deputato,
1257 1098 1291 1158 et
1309 1094 1382 1158 haec
1396 1093 1551 1158 recitatio
1673 1087 1674 1100 ¹

372 1199 574 1282 intelligitur
583 1201 687 1265 etlam
702 1200 743 1265 de
756 1199 814 1266 illa
828 1219 904 1285 quae
915 1202 955 1264 tlt
966 1220 987 1266 a
997 1201 1214 1279 monialibus,
1227 1201 1307 1285 quia
1321 1206 1374 1265 est
1386 1200 1551 1266 solemnis

373 1313 475 1392 atque
490 1305 620 1370 indulta
637 1307 680 1372 ad
694 1307 801 1373 instar
814 1307 1025 1372 clericorum.
1044 1309 1092 1372 Ex
1106 1307 1213 1372 altera
1225 1313 1333 1392 parte,
1350 1309 1378 1371 si
1391 1308 1487 1372 horae
1499 1325 1552 1372 ca·
1673 1327 1674 1350 ¹

243 1487 247 1508 ἔ
373 1416 505 1481 uonicae
515 1415 745 1479 recitenturin
758 1415 859 1481 domo
869 1417 1010 1500 privata,
1024 1417 1152 1500 absque
1164 1416 1391 1492 solemnitate,
1401 1415 1458 1480 illa
1468 1415 1553 1479 reci-

374 1523 457 1587 tatio
478 1540 549 1587 non
567 1523 656 1586 foret
673 1521 852 1604 prohibita.
876 1521 924 1586 Ex
942 1522 1000 1588 ille
1022 1523 1249 1606 descriptione
1265 1526 1338 1606 jam
1355 1521 1463 1606 liquet
1489 1523 1552 1586 suh

374 1629 630 1695 nomine-officii
644 1648 714 1695 non
728 1631 970 1713 comprehendi
984 1633 1184 1707 concionem,
1200 1649 1274 1715 quae
1287 1649 1358 1695 non
1371 1630 1413 1695 ad
1428 1631 1549 1706 Deum,

375 1738 434 1802 sed
451 1736 494 1802 ad
506 1737 671 1821 populum
689 1738 928 1802 instruendum
946 1739 1133 1814 ordinatur,
1150 1757 1262 1823 neque
1276 1736 1553 1802 benedictionem

373 1863 513 1922 meusae,
534 1845 769 1910 recitationem
783 1847 946 1911 itinerarii
965 1847 1176 1924 clericorum,
1195 1847 1429 1911 adorationem
1442 1845 1552 1910 crucis
1673 1901 1674 1917 ,

362 1953 409 2036 in
423 1953 477 2018 die
489 1953 625 2018 veneris
640 1953 758 2030 sancti,
775 1959 852 2029 etc,
872 1953 994 2018 saltem
1009 1955 1037 2018 si
1052 1956 1229 2020 omittatur
1248 1953 1456 2020 solemnitas.

414 2061 446 2124 θ’
459 2060 502 2124 At
519 2066 600 2125 sunt
614 2062 843 2144 exceptiones,
861 2081 922 2127 seu
937 2063 1075 2147 quidam
1089 2062 1161 2127 dies
1175 2059 1388 2147 privilegiati.
1405 2061 1476 2126 Hoc
1488 2061 1553 2144 pri-

264 2159 267 2168 ’
374 2168 540 2250 vilegium
566 2169 684 2232 datum
706 2169 771 2233 fuit
791 2170 826 2232 in
850 2189 878 2234 c.
899 2169 1013 2245 Alma,
1035 2171 1076 2235 il
1093 2170 1126 2233 h.
1151 2175 1172 2233 t.
1196 2171 1231 2234 in
1247 2171 1290 2246 6⁰,
1311 2169 1553 2233 festivitatibus

375 2276 501 2341 Natalis
511 2277 656 2353 Domini,
666 2276 1038 2356 Paschae,Peutecostes
1050 2277 1551 2362 etdssumptionisB.Vi1·ginis.

375 2385 452 2450 Haec
473 2386 652 2468 suspensio
675 2385 844 2452 interdicti
869 2389 934 2451 fuit
953 2394 1111 2464 extensa,
1134 2407 1154 2454 a
1174 2388 1316 2452 Martino
1338 2387 1364 2450 V
1387 2390 1421 2450 et
1441 2391 1551 2450 const.

375 2491 517 2573 Eugenii
542 2491 583 2556 lv
602 2492 942 2575 Excellentissimos,
972 2496 1015 2561 ad
1037 2499 1165 2561 festum
1189 2494 1345 2578 Corporis
1369 2493 1490 2558 Christi
1521 2499 1554 2557 et

376 2604 483 2664 totam
498 2600 588 2664 illius
603 2607 775 2679 octavam;
792 2604 914 2669 deinde
926 2623 945 2669 a
955 2606 1066 2670 Leone
1076 2607 1114 2680 ll,
1127 2605 1169 2669 ad
1184 2606 1312 2668 testum
1321 2602 1551 2667 Immaculata

375 2707 612 2791 Gonceptionis
625 2728 688 2792 pro
704 2714 776 2776 tota
787 2710 957 2795 Hispania.
974 2713 1013 2778 ln
1026 2714 1079 2776 his
1097 2713 1228 2790 diebus,
1252 2712 1364 2777 officia
1382 2709 1554 2774 celebran-

275 2887 277 2892 .
376 2821 432 2881 tur
460 2836 554 2883 more
575 2819 757 2896 ordinario,
787 2827 821 2884 et
846 2822 888 2885 iis
913 2823 1079 2888 interesse
1105 2825 1252 2906 possunt
1275 2838 1395 2885 omnes
1423 2818 1472 2882 illi
1496 2818 1553 2901 qui

376 2923 555 2990 interdicto
571 2943 710 2990 causam
732 2945 802 2993 nou
816 2927 994 3005 dederunt,
1012 2934 1046 2994 et
1060 2948 1130 2994 non
1153 2933 1234 2993 sunt
1248 2926 1439 3011 specialiter
1452 2927 1553 2988 inter-

377 3032 469 3097 dicti.

417 3141 449 3203 3⁰
464 3140 579 3206 Altera
593 3144 748 3225 exceptio
763 3145 918 3208 consistit
932 3145 968 3208 in
982 3162 1022 3208 eo
1039 3144 1141 3228 quod,
1159 3143 1285 3208 exoli
1295 3144 1330 3207 h.
1347 3147 1385 3218 t..
1399 3144 1553 3224 tempore
1571 3191 1573 3194 .

376 3247 547 3312 interdicti
566 3250 674 3313 semel
690 3251 726 3314 in
744 3251 957 3317 hebdomade
978 3251 1140 3317 celebrari
1159 3255 1274 3335 potest
1290 3251 1397 3315 missa
1414 3249 1458 3314 ad
1477 3267 1554 3313 con·

378 3357 558 3422 ficiendum
579 3356 823 3424 Eucharistiam
846 3379 909 3444 pro
935 3362 1089 3426 inssrmis.
1113 3359 1190 3425 Haec
1211 3359 1353 3425 facultas
1378 3361 1500 3442 postea
1519 3357 1553 3420 in

378 3481 407 3528 o.
417 3464 521 3529 Almo
533 3464 758 3543 luitextensa,
775 3471 812 3530 ut
825 3468 938 3532 misser¹
954 3468 1116 3532 celebrari
1127 3468 1259 3550 possint
1273 3465 1417 3548 singulis
1435 3464 1552 3529 diebus

379 3576 414 3636 et
427 3573 463 3634 in
477 3573 750 3657 quibuscumque
766 3574 916 3640 ecclesiis
931 3581 966 3640 et
979 3574 1208 3651 monasteriis,
1221 3575 1282 3640 sed
1295 3575 1424 3656 absque
1439 3576 1551 3645 cantu,

375 3679 491 3761 januis
513 3679 647 3754 clausis,
670 3680 742 3745 sine
765 3682 866 3764 pulsu
889 3702 1132 3766 campanarum
1152 3687 1187 3746 et
1202 3701 1281 3746 cum
1295 3679 1491 3746 exclusione
1505 3679 1553 3741 in-

379 3785 600 3850 terdictorum
611 3785 901 3854 denuntiatorum.
920 3789 986 3854 Sed
997 3789 1289 3873 hocprivilegium
1302 3787 1554 3870 intelligidebet

379 3892 421 3956 de
440 3891 619 3958 interdicto
635 3894 733 3960 locali
751 3897 914 3978 generali,
935 3914 1006 3962 non
1025 3915 1107 3962 vero
1130 3897 1173 3961 de
1188 3895 1336 3980 speciali,
1353 3899 1391 3959 ut
1404 3911 1553 3959 commu-

378 3993 473 4064 niter
483 4001 735 4084 interpretatur.

420 4108 454 4188 d)
470 4108 588 4183 Quoad
607 4110 834 4192 privationem
852 4110 1035 4195 sepulturae
1052 4111 1299 4186 ecclesiasticae,
1320 4127 1407 4194 opus
1421 4113 1474 4175 est
1490 4107 1553 4174 dis·

379 4214 544 4281 tinctione
565 4235 572 4278 :
593 4218 624 4280 1⁰
650 4217 684 4280 Si
706 4218 926 4283 interdictum
946 4220 1006 4282 est'
1020 4217 1191 4300 generale,
1215 4217 1346 4292 fideles,
1368 4215 1472 4282 adulti
1499 4214 1550 4280 vel

379 4323 539 4399 infantes,
556 4324 691 4407 sepeliri
711 4343 782 4389 nou
801 4324 927 4391 debent
949 4329 989 4404 (c.
1009 4327 1059 4402 ll,
1079 4326 1121 4390 de
1141 4326 1264 4390 Poenit.
1286 4333 1319 4389 et
1342 4323 1494 4405 remiss).
1514 4324 1553 4385 dt

381 4430 579 4494 conceditur
593 4431 768 4515 sepultura
782 4434 922 4508 clericis,
942 4432 1045 4497 modo
1065 4451 1136 4498 non
1156 4434 1225 4496 sint
1242 4431 1433 4515 specialiter
1453 4431 1553 4494 inter·

384 4534 555 4613 dictiaco
575 4556 714 4604 causam
736 4539 892 4605 dederint
908 4540 1099 4605 interdicto.
1122 4539 1265 4605 Nomine
1279 4539 1479 4604 clericorum
1498 4552 1552 4600 vc-

382 4643 481 4708 niunt
495 4663 616 4712 omnes
631 4663 786 4729 personae
802 4646 1037 4713 ecclesiasticae
1060 4647 1125 4711 viri
1138 4651 1172 4711 et
1182 4646 1330 4723 leminae,
1343 4662 1423 4711 cum
1436 4648 1553 4726 agatur
