3412 5570
412 523 472 590 loo
870 541 921 588 rus
942 539 1121 588 ossomcuu.

412 660 508 742 gravi
524 659 674 745 quidem,
697 661 757 726 sed
777 661 905 744 injusta
919 679 1033 738 causa,
1052 679 1085 724 v.
1104 679 1151 742 g.,
1167 658 1211 723 ob
1231 655 1398 742 perditam
1417 651 1496 718 lusu
1517 671 1588 718 ma·
1644 650 1645 702 l

377 855 380 862 μ
411 788 516 850 gnam
535 770 688 854 pecuuiae
704 789 886 846 summam,
910 768 967 834 vel
987 770 1043 854 qui
1063 789 1106 834 ex
1123 769 1202 844 levi,
1224 767 1304 832 licet
1315 769 1420 850 justa,
1435 781 1542 829 musa
1554 764 1587 827 iu
1645 734 1646 792 l

412 877 639 962 blasphemias
655 881 813 962 erumpit,
829 880 970 963 punitur
983 897 1085 964 pruna
1101 878 1288 944 ordinaria.¹

446 987 483 1078 2⁰
498 988 562 1064 Qui
577 988 651 1052 sine
668 992 824 1072 respectu
838 987 881 1052 ad
897 988 1017 1063 Deum,
1041 1007 1085 1053 cx
1105 986 1195 1052 mula
1215 983 1474 1057 consuetudine,
1495 983 1588 1046 subi·

410 1099 512 1160 tanea
526 1095 576 1161 ira
591 1101 624 1160 et
638 1095 712 1161 uliis
726 1098 838 1162 causis
853 1114 956 1179 supra
972 1096 1181 1160 enumeratis
1199 1099 1318 1159 contra
1335 1093 1512 1157 hominem
1532 1090 1587 1154 vel

406 1205 604 1286 jumentum
618 1203 866 1288 blasphemant,
883 1224 953 1270 non
973 1211 1052 1270 sunt
1067 1205 1116 1269 rei
1131 1201 1351 1287 blasphemiae
1369 1198 1537 1276 formalis,
1555 1205 1588 1263 et

408 1312 486 1378 ideo
498 1331 568 1378 non
582 1313 760 1377 incurrunt
773 1332 892 1396 pennas
908 1313 1095 1378 ordinarias
1109 1310 1397 1394 blasphemorum.

449 1422 606 1505 diiudcs
619 1425 829 1505 competens,
845 1428 1003 1504 respectu
1021 1421 1125 1504 hujus
1144 1419 1306 1496 criminis,
1323 1419 1515 1502 generatim
1536 1423 1589 1482 est

404 1529 776 1612 judexecclesiasticus.
794 1527 827 1591 si
837 1528 1048 1612 blasphemia
1058 1525 1390 1605 sitnaereticelis,seu
1401 1529 1588 1609 conjuncta

407 1656 485 1704 cum
501 1657 663 1722 expressa
675 1638 808 1714 haeresi,
825 1636 975 1718 cognitio
986 1636 1027 1700 de
1038 1636 1245 1700 illocrimine
1257 1634 1298 1699 ad
1314 1633 1588 1717 solumjudioem
1656 1703 1657 1718 χ

407 1745 672 1810 ecclesiasticum
684 1746 842 1829 pertinet,
860 1749 897 1807 ut
911 1747 1045 1810 constat
1057 1744 1155 1807 extit.
1168 1741 1234 1806 Vll.
1247 1742 1281 1806 Si
1295 1741 1506 1825 blasphemia
1514 1761 1587 1806 non

405 1853 470 1918 luit
486 1852 697 1928 hersindis,
715 1854 775 1918 sed
795 1853 950 1936 simplex,
973 1858 1026 1916 cst
1043 1852 1139 1916 misti
1156 1851 1231 1927 lori,
1251 1852 1299 1915 ita
1319 1854 1358 1913 ut
1375 1848 1476 1914 detur
1488 1849 1587 1914 locus

406 1960 641 2042 praeventioni.
666 1961 708 2024 At
726 1960 827 2025 hodie
846 1960 954 2043 judex
972 1957 1144 2024 saecularis
1165 1977 1237 2023 nou
1255 1957 1409 2040 procedit
1430 1958 1466 2021 in
1480 1975 1586 2021 causa
1660 1983 1661 2026 i

406 2068 636 2152 blasphemiae‚
661 2088 738 2133 cum
756 2069 849 2134 nulla
866 2087 968 2153 puina
987 2070 1023 2132 in
1042 2068 1210 2133 hodierno
1230 2069 1308 2150 jure
1325 2065 1450 2150 poenali
1470 2065 1587 2130 decer·

407 2181 508 2241 natur
521 2181 639 2242 contra
652 2177 879 2262 blasphemos.

780 2557 994 2633 TITULUS
1039 2557 1199 2632 xxvii.

527 2747 565 2792 DE
587 2745 707 2792 tunultu
729 2747 996 2802 Excouuuulcam,
1020 2747 1178 2804 uuros1r0,
1201 2747 1259 2792 VEL
1281 2745 1459 2792 inresoluto

890 2847 1100 2890 llllNlSTllANTli.

444 3146 543 3212 Ratio
559 3148 695 3212 ordinis.
717 3147 865 3214 Crimina
879 3149 1034 3233 superius
1049 3154 1259 3226 enumerata,
1274 3168 1335 3214 seu
1347 3148 1498 3226 venatio,
1510 3168 1586 3232 per·

404 3255 529 3331 cussio,
544 3255 792 3332 maledicentia,
817 3257 896 3322 licet
915 3256 1054 3322 clericos
1073 3275 1144 3340 prae
1164 3256 1259 3320 laicis
1278 3255 1475 3332 dedeceant,
1502 3263 1586 3320 sunt

405 3365 520 3426 tamen
543 3363 739 3428 communia
754 3365 926 3449 utrisque;
957 3365 1018 3428 sed
1045 3364 1260 3447 aliquosum
1286 3363 1429 3428 crimina
1449 3363 1585 3428 clericis

403 3471 557 3554 propria;
581 3472 657 3536 talis
680 3479 733 3537 est
756 3475 937 3540 temeraria
958 3475 1129 3558 susceptio
1152 3478 1187 3538 et
1204 3491 1288 3538 usus
1304 3490 1387 3537 sacr.
1405 3473 1583 3550 ordinum,

405 3577 496 3660 quod
517 3580 627 3662 primo
645 3581 685 3643 tlt
704 3581 839 3664 quando
854 3583 890 3645 in
911 3582 1034 3646 iisdem
1054 3582 1228 3647 ordinibus
1244 3581 1386 3646 clericus
1403 3581 1585 3664 depositus

404 3683 460 3748 vel
471 3702 616 3752 censura
630 3687 780 3752 irretitus
795 3689 975 3754 ministrat.

579 3873 599 3922 1.
614 3873 706 3924 Poenu
722 3867 786 3924 latis
801 3872 900 3924 contra
916 3872 1052 3925 clericum
1066 3883 1218 3925 censuram
1232 3873 1397 3927 violantem.

444 4017 478 4100 a)
490 4015 636 4082 Clericus
653 4019 709 4102 qui
726 4020 763 4082 in
783 4021 1144 4097 excommunicatione,
1167 4022 1392 4104 suspensione
1408 4021 1464 4086 val
1476 4021 1586 4085 inter-

405 4123 493 4190 dicto
518 4127 678 4202 existens,
699 4126 848 4211 aliquem
875 4129 1002 4194 ordinis
1026 4134 1140 4192 actum
1158 4133 1303 4204 exercet,
1322 4128 1441 4212 triplici
1466 4147 1584 4212 poenae

405 4233 592 4316 subjicitur,
609 4234 754 4299 scilicet:
770 4235 1110 4319 1⁰1ncurritpoensm
1128 4235 1350 4319 depositionis
1361 4237 1403 4301 ab
1419 4237 1535 4302 alticio
1550 4244 1586 4300 et

405 4339 569 4406 beneficio
582 4362 589 4404 :
603 4341 675 4406 haec
688 4361 790 4425 pmna
804 4347 856 4407 est
871 4343 1057 4424 infligenda
1069 4362 1131 4427 per
1146 4345 1363 4422 seutentiam,
1388 4345 1491 4409 etium
1508 4363 1585 4410 mo

405 4449 533 4514 uitione
554 4468 625 4516 nou
639 4452 825 4534 praemissa,
849 4470 893 4516 ex
913 4470 986 4518 can.
1006 4452 1073 4515 lh.
1102 4457 1123 4514 t.
1146 4469 1224 4515 oum
1242 4451 1367 4532 glossa.
1383 4451 1450 4516 Nec
1465 4452 1585 4520 obstat

404 4573 475 4638 cap.
487 4554 644 4637 Clericus,
655 4559 684 4634 3,
697 4559 755 4622 ubi
770 4557 891 4622 dicitur
902 4584 917 4616 c
929 4559 993 4622 nisi
1004 4560 1136 4635 moniti,
1150 4584 1165 4618 ε
1178 4560 1257 4644 quia
1269 4579 1330 4642 per
1339 4561 1430 4625 huuc
1440 4565 1583 4624 textum

404 4661 571 4729 indicatur
585 4671 717 4732 tantum
733 4666 825 4749 quod
839 4667 1018 4752 episcopus
1031 4671 1144 4750 potest
1155 4668 1261 4752 prius,
1283 4669 1312 4732 si
1325 4667 1417 4756 velit,
1433 4685 1583 4740 mouera
