3500 5552
562 631 646 676 ursan
669 631 795 684 oururus
816 630 1034 676 uacuamnou.
1327 617 1385 679 llll

213 761 374 827 expressa
387 745 491 810 fuerit
503 764 565 830 per
579 747 714 813 decreta
728 748 760 811 S.
775 747 945 813 Pontificio
957 746 1014 811 vel
1026 748 1157 812 concilii
1171 751 1384 815 oecumeuici.

251 851 321 914 Etsi
343 852 610 934 irregularitates
635 856 791 940 quadam
818 855 986 938 originem
1003 857 1128 922 habere
1147 857 1329 923 videantur
1350 860 1385 922 in

208 959 421 1042 juredivino,
431 982 464 1026 v.
477 981 510 1044 g.
526 964 677 1044 defectus
687 963 838 1048 corporis
850 965 1208 1047 ethigamia(Lev.xxr,
1219 966 1385 1050 l6.seqq.;

212 1066 319 1132 lTim.
336 1089 402 1146 uu,
419 1071 454 1146 Q
470 1070 531 1134 Tit.
550 1091 570 1148 1,
588 1073 629 1153 6),
648 1077 762 1137 tamen
777 1089 895 1156 reapse
906 1075 985 1155 jure
1001 1072 1226 1138 ecclesiastico
1240 1073 1385 1139 inductos

211 1177 350 1242 fuerunt
367 1197 374 1240 :
391 1195 471 1242 uam
490 1178 545 1244 lex
564 1179 700 1244 Levitici
716 1185 789 1244 erat
806 1180 1062 1256 caeremonialis,
1078 1186 1112 1244 et
1131 1180 1208 1245 ideo
1226 1182 1297 1244 vim
1316 1200 1386 1247 non

210 1285 330 1362 habea
347 1286 379 1350 S.
397 1287 520 1353 Paulus
535 1306 597 1354 sua
609 1291 820 1367 auctoritate,
837 1291 915 1356 licet
931 1291 1092 1354 divinitus
1106 1308 1278 1367 concessa,
1296 1292 1386 1371 biga-

212 1411 287 1458 mos
307 1395 548 1478 irregularitati
565 1399 732 1463 obnoxios
750 1417 825 1464 esse
845 1399 963 1463 statuit
983 1419 990 1461 z
1009 1404 1043 1462 et
1058 1399 1122 1463 lroc
1139 1403 1281 1474 constat,
1298 1400 1385 1483 'quia

211 1501 357 1568 Ecclesia
371 1503 544 1588 dispensat
556 1525 634 1570 cum
649 1507 805 1589 bigamis.

252 1610 412 1694 Sequitur
423 1613 455 1676 θ’
467 1614 642 1697 episcopos
653 1613 804 1698 aliosque
817 1619 847 1680 S.
861 1616 1022 1680 Pontissce
1031 1615 1209 1680 interiores
1226 1615 1387 1698 irregula-

211 1718 346 1784 ritatem
359 1722 565 1786 constituere
580 1741 651 1787 non
664 1741 765 1806 posse
779 1727 915 1788 :carent
930 1723 1021 1786 enim
1035 1727 1203 1804 potestate
1218 1723 1386 1788 condendi

208 1827 265 1909 jus
281 1846 479 1905 commuue;
495 1849 595 1914 porro
610 1831 841 1912 irregularitas
853 1835 930 1914 jure
943 1832 1106 1896 canonico
1123 1831 1303 1896 inducitur.

252 1937 283 1998 3⁰
295 1931 521 2014 Consuetudo,
539 1939 674 2002 tametsi
689 1939 903 2016 universalis,
918 1957 982 2003 nec
997 1937 1104 2021 stylus
1119 1940 1220 2003 curiae
1242 1944 1387 2022 possunt

210 2045 371 2110 inducere
395 2046 691 2128 irregularitatem,
715 2047 794 2131 quia
810 2049 882 2112 haeo
907 2047 1119 2112 consuetudo
1138 2053 1197 2111 aut
1218 2047 1326 2130 stylus
1350 2048 1385 2112 in

208 2155 285 2236 jure
301 2171 482 2236 expressus
497 2159 587 2218 recte
609 2154 673 2219 dici
688 2155 817 2237 nequit.
834 2153 961 2220 Tamen
974 2153 1077 2238 aliqui
1092 2154 1304 2219 contendunt
1323 2174 1385 2237 per
1439 2159 1442 2168 '

210 2261 493 2326 consuetudinem
503 2261 739 2327 rationabilem
747 2279 785 2326 ac
795 2261 990 2327 diuturnam
1007 2261 1292 2343 irregularitatem
1306 2280 1385 2326 cou-

211 2371 304 2434 stitui
321 2388 433 2454 posse,
456 2371 625 2456 siquidem
646 2372 858 2437 cousuetudo
873 2377 926 2435 est
937 2371 1156 2436 constitutiva
1167 2371 1255 2454 juris
1268 2370 1386 2434 habet-

212 2497 276 2560 que
291 2478 362 2542 vim
383 2479 479 2561 legis.
498 2479 600 2544 Porro
622 2498 692 2544 non
707 2479 842 2544 videtur
855 2479 1028 2562 quomodo
1043 2477 1185 2542 materia
1198 2477 1386 2558 irregulari-

212 2586 288 2650 tatis
311 2592 402 2651 esset
420 2587 628 2670 excipienda.
658 2588 783 2653 Verum
803 2589 1018 2653 communior
1045 2587 1215 2650 sententia
1240 2586 1386 2666 denegat

209 2695 446 2760 consuetudini
465 2695 536 2759 vim
558 2694 795 2761 introducendi
821 2695 968 2778 aliquam
988 2693 1285 2776 irregularitatem,
1312 2698 1385 2756 tum

209 2807 288 2888 quia
303 2810 355 2870 est
369 2807 511 2870 materia
525 2805 728 2888 gravissima
745 2805 786 2870 ad
800 2806 955 2870 ordinem
965 2804 1138 2887 publicum
1150 2803 1299 2867 maxime
1313 2821 1386 2882 per-

208 2916 332 2989 tinens,
355 2919 428 2978 turn
448 2915 528 2998 quia
545 2915 756 2979 consuetudo
776 2915 831 2978 vix
852 2917 1055 2996 potestesse
1070 2913 1155 2977 adeo
1170 2911 1383 2986 universalis,

208 3027 247 3088 ut
265 3023 366 3088 iaciat
378 3027 437 3106 jus
451 3041 644 3087 commune.
660 3023 712 3097 At,
725 3023 971 3106 juxta'omnes,
989 3021 1016 3084 si
1032 3021 1197 3084 dubitatio
1211 3020 1383 3094 existeret,

208 3150 251 3196 an
277 3132 390 3216 aliqua
414 3133 644 3214 irregularitas
664 3134 708 3197 sit
731 3135 863 3216 injure
886 3147 1058 3214 expressa,
1084 3130 1157 3192 haec
1176 3125 1388 3193 admittenda

208 3246 311 3314 esset,
334 3241 361 3304 si
378 3241 537 3304 diuturna
556 3238 710 3304 Ecclesiae
726 3237 972 3304 consuetudine
990 3225 1226 3300 tlrmata'loret
1239 3234 1284 3314 (S.
1301 3233 1383 3314 Lig,

207 3348 229 3410 l.
245 3347 311 3422 vll,
328 3367 361 3410 n.
377 3348 447 3423 345,
460 3366 538 3412 cum
555 3349 703 3426 comm).
720 3347 783 3422 Sic,
800 3365 833 3409 v.
851 3365 883 3428 g.
898 3345 1010 3428 quoad
1020 3344 1277 3425 rebaptizantes,
1292 3341 1385 3404 nullo

206 3456 292 3537 juris
319 3459 414 3518 textu
437 3457 600 3539 probatur
621 3453 697 3518 illos
722 3471 797 3517 esse
822 3452 1043 3534 irregulares;
1073 3455 1186 3515 tamen
1211 3449 1385 3515 communi

208 3566 453 3631 consuetudine
476 3569 633 3648 suscepta
657 3569 691 3629 et
710 3566 842 3629 tlrmata
858 3553 1031 3628 invenitur
1049 3563 1122 3626 haec
1139 3561 1380 3642 irregularitas.

246 3676 278 3740 4⁰
298 3674 491 3740 Notandum
514 3673 675 3759 estquod
695 3679 936 3756 argumentum
961 3692 981 3736 a
1003 3669 1114 3747 simili,
1142 3690 1162 3733 a
1185 3671 1266 3754 pari,
1290 3668 1386 3732 vela

210 3783 329 3864 majori
344 3783 385 3847 ad
406 3783 531 3860 minus,
553 3783 588 3846 in
603 3783 746 3846 materia
764 3781 1021 3863 irregularitatis
1033 3779 1146 3844 locum
1167 3777 1358 3842 nonhabet
1377 3795 1383 3838 :

209 3893 288 3974 quia
303 3891 425 3956 similia
441 3909 484 3954 ex
494 3893 571 3974 Jure
591 3891 817 3968 deducuntur,
836 3894 874 3954 ut
890 3889 1154 3972 consequentiae.
1173 3886 1275 3950 Porro
1295 3883 1385 3966 quod

210 3999 387 4064 deducitur
409 4018 451 4064 ex
467 4002 557 4083 jure,
574 3999 637 4064 etsi
657 4000 784 4082 injure
801 3975 1026 4071 contineatur,
1043 4014 1113 4060 non
1133 3999 1249 4058 tamen
1270 4009 1290 4054 a
1307 3994 1384 4075 jure

209 4108 420 4190 exprimitur.
435 4107 499 4172 Sed
510 4105 999 4188 irregularitasdebetexprimi
1008 4104 1136 4184 injure,
1148 4121 1208 4164 seu
1224 4116 1385 4181 expresse

210 4215 392 4278 enuntiari.

251 4323 280 4404 b)
292 4321 412 4386 Cacsar
419 4331 559 4406 propter
568 4339 654 4406 quos
667 4321 877 4386 contrahitur
891 4319 1133 4400 irregularitas.
1146 4317 1178 4380 l⁰
1188 4316 1243 4381 Ex
1251 4315 1382 4384 delicto.

212 4429 414 4512 irregulares
437 4438 517 4495 sunt
537 4431 700 4495 iterantes
718 4429 936 4512 baptismum,
955 4425 1178 4508 suscipientes
1195 4423 1318 4486 furtive
1333 4441 1386 4486 or-

211 4537 318 4612 dines,
334 4537 566 4603 ministrantes
580 4539 615 4601 in
629 4537 748 4602 ordine
763 4549 832 4600 non
843 4540 1012 4618 suscepto,
1028 4532 1195 4597 violantes
1205 4547 1385 4594 censuram

211 4644 472 4710 ecclesiasticam
487 4665 547 4728 per
559 4644 809 4728 susceptionem
821 4641 960 4716 ordinis,
969 4640 1025 4704 vel
1037 4639 1269 4703 ministrantes
1280 4638 1316 4701 in
1328 4636 1385 4701 illo

210 4752 246 4820 in
256 4751 853 4840 excommunicatione,suspensione
866 4743 1387 4820 velinterdicto;occidentesvel
