<?xml version="1.0" encoding="UTF-8"?>
<!DOCTYPE html PUBLIC "-//W3C//DTD XHTML 1.0 Transitional//EN"
    "http://www.w3.org/TR/xhtml1/DTD/xhtml1-transitional.dtd">
<html xmlns="http://www.w3.org/1999/xhtml" xml:lang="en" lang="en">
 <head>
  <title>
</title>
<meta http-equiv="Content-Type" content="text/html;charset=utf-8" />
  <meta name='ocr-system' content='tesseract 3.04.00' />
  <meta name='ocr-capabilities' content='ocr_page ocr_carea ocr_par ocr_line ocrx_word'/>
</head>
<body>
  <div class='ocr_page' id='page_1' title='image "./juscanonicumjux01grangoog/juscanonicumjux01grangoog_0442.png"; bbox 0 0 3412 5570; ppageno 0'>
   <div class='ocr_carea' id='block_1_1' title="bbox 371 575 1082 648">
    <p class='ocr_par' dir='ltr' id='par_1_1' title="bbox 371 575 1082 648">
     <span class='ocr_line' id='line_1_1' title="bbox 371 575 1082 648; baseline 0.001 -4"><span class='ocrx_word' id='word_1_1' title='bbox 371 575 431 644; x_wconf 79' lang='lat' dir='ltr'><strong>lau</strong></span> <span class='ocrx_word' id='word_1_2' title='bbox 830 577 881 646; x_wconf 74' lang='lat' dir='ltr'><strong>rui</strong></span> <span class='ocrx_word' id='word_1_3' title='bbox 903 595 1082 648; x_wconf 80' lang='lat' dir='ltr'><strong>mnoarcmr.</strong></span> 
     </span>
    </p>
   </div>
   <div class='ocr_carea' id='block_1_2' title="bbox 315 716 1545 2430">
    <p class='ocr_par' dir='ltr' id='par_1_2' title="bbox 370 716 1543 909">
     <span class='ocr_line' id='line_1_2' title="bbox 372 716 1543 804; baseline 0.005 -22"><span class='ocrx_word' id='word_1_4' title='bbox 372 722 477 794; x_wconf 89' lang='lat' dir='ltr'><strong>tatus;</strong></span> <span class='ocrx_word' id='word_1_5' title='bbox 495 717 523 781; x_wconf 93' lang='lat' dir='ltr'><strong>si</strong></span> <span class='ocrx_word' id='word_1_6' title='bbox 535 733 656 782; x_wconf 87' lang='lat' dir='ltr'><strong>seusus</strong></span> <span class='ocrx_word' id='word_1_7' title='bbox 671 735 739 782; x_wconf 91' lang='lat' dir='ltr'><strong>non</strong></span> <span class='ocrx_word' id='word_1_8' title='bbox 755 717 875 783; x_wconf 87' lang='lat' dir='ltr'><strong>luisset</strong></span> <span class='ocrx_word' id='word_1_9' title='bbox 890 724 1052 796; x_wconf 88' lang='lat' dir='ltr'><strong>mutatus,</strong></span> <span class='ocrx_word' id='word_1_10' title='bbox 1064 721 1164 803; x_wconf 77' lang='lat' dir='ltr'><strong>juxta</strong></span> <span class='ocrx_word' id='word_1_11' title='bbox 1181 718 1307 804; x_wconf 89' lang='lat' dir='ltr'><strong>plures,</strong></span> <span class='ocrx_word' id='word_1_12' title='bbox 1332 716 1455 788; x_wconf 88' lang='lat' dir='ltr'><strong>radens</strong></span> <span class='ocrx_word' id='word_1_13' title='bbox 1471 738 1543 788; x_wconf 87' lang='lat' dir='ltr'><strong>non</strong></span> 
     </span>
     <span class='ocr_line' id='line_1_3' title="bbox 370 824 1101 909; baseline 0.007 -21"><span class='ocrx_word' id='word_1_14' title='bbox 370 824 559 892; x_wconf 79' lang='lat' dir='ltr'><strong>incurreret</strong></span> <span class='ocrx_word' id='word_1_15' title='bbox 572 845 691 909; x_wconf 88' lang='lat' dir='ltr'><strong>poenas</strong></span> <span class='ocrx_word' id='word_1_16' title='bbox 706 827 792 891; x_wconf 90' lang='lat' dir='ltr'><strong>latas</strong></span> <span class='ocrx_word' id='word_1_17' title='bbox 805 833 924 894; x_wconf 92' lang='lat' dir='ltr'><strong>contra</strong></span> <span class='ocrx_word' id='word_1_18' title='bbox 935 828 1101 895; x_wconf 79' lang='lat' dir='ltr'><strong>falsarios.</strong></span> 
     </span>
    </p>

    <p class='ocr_par' dir='ltr' id='par_1_3' title="bbox 315 935 1545 1763">
     <span class='ocr_line' id='line_1_4' title="bbox 410 935 1540 1026; baseline 0.002 -25"><span class='ocrx_word' id='word_1_19' title='bbox 410 937 436 1018; x_wconf 72' lang='lat' dir='ltr'><strong>c)</strong></span> <span class='ocrx_word' id='word_1_20' title='bbox 465 935 598 1002; x_wconf 83' lang='lat' dir='ltr'><strong>Crimen</strong></span> <span class='ocrx_word' id='word_1_21' title='bbox 624 936 699 1001; x_wconf 82' lang='lat' dir='ltr'><strong>falsi</strong></span> <span class='ocrx_word' id='word_1_22' title='bbox 727 939 952 1003; x_wconf 90' lang='lat' dir='ltr'><strong>committitur</strong></span> <span class='ocrx_word' id='word_1_23' title='bbox 973 941 1067 1021; x_wconf 82' lang='lat' dir='ltr'><strong>sacto</strong></span> <span class='ocrx_word' id='word_1_24' title='bbox 1091 941 1127 1003; x_wconf 90' lang='lat' dir='ltr'><strong>in</strong></span> <span class='ocrx_word' id='word_1_25' title='bbox 1151 941 1373 1026; x_wconf 89' lang='lat' dir='ltr'><strong>sequentibus</strong></span> <span class='ocrx_word' id='word_1_26' title='bbox 1396 941 1540 1007; x_wconf 89' lang='lat' dir='ltr'><strong>casibus.</strong></span> 
     </span>
     <span class='ocr_line' id='line_1_5' title="bbox 331 1039 1545 1131; baseline 0.005 -23"><span class='ocrx_word' id='word_1_27' title='bbox 331 1039 334 1044; x_wconf 81' lang='grc'><strong>’</strong></span> <span class='ocrx_word' id='word_1_28' title='bbox 370 1046 402 1109; x_wconf 81' lang='lat' dir='ltr'><strong>lt</strong></span> <span class='ocrx_word' id='word_1_29' title='bbox 413 1045 451 1110; x_wconf 90' lang='lat' dir='ltr'><strong>ln</strong></span> <span class='ocrx_word' id='word_1_30' title='bbox 463 1049 579 1129; x_wconf 88' lang='lat' dir='ltr'><strong>partus</strong></span> <span class='ocrx_word' id='word_1_31' title='bbox 590 1045 834 1129; x_wconf 91' lang='lat' dir='ltr'><strong>suppositione,</strong></span> <span class='ocrx_word' id='word_1_32' title='bbox 856 1045 898 1111; x_wconf 92' lang='lat' dir='ltr'><strong>ad</strong></span> <span class='ocrx_word' id='word_1_33' title='bbox 920 1049 1018 1131; x_wconf 86' lang='lat' dir='ltr'><strong>cujus</strong></span> <span class='ocrx_word' id='word_1_34' title='bbox 1044 1047 1296 1115; x_wconf 90' lang='lat' dir='ltr'><strong>accusationem</strong></span> <span class='ocrx_word' id='word_1_35' title='bbox 1317 1049 1545 1114; x_wconf 88' lang='lat' dir='ltr'><strong>admittuntur</strong></span> 
     </span>
     <span class='ocr_line' id='line_1_6' title="bbox 370 1155 1544 1243; baseline 0.004 -25"><span class='ocrx_word' id='word_1_36' title='bbox 370 1155 432 1220; x_wconf 90' lang='lat' dir='ltr'><strong>soli</strong></span> <span class='ocrx_word' id='word_1_37' title='bbox 446 1160 605 1238; x_wconf 87' lang='lat' dir='ltr'><strong>parentes</strong></span> <span class='ocrx_word' id='word_1_38' title='bbox 616 1161 650 1219; x_wconf 90' lang='lat' dir='ltr'><strong>et</strong></span> <span class='ocrx_word' id='word_1_39' title='bbox 663 1175 809 1240; x_wconf 90' lang='lat' dir='ltr'><strong>quorum</strong></span> <span class='ocrx_word' id='word_1_40' title='bbox 824 1157 976 1222; x_wconf 88' lang='lat' dir='ltr'><strong>interest.</strong></span> <span class='ocrx_word' id='word_1_41' title='bbox 991 1159 1023 1222; x_wconf 58' lang='grc' dir='ltr'>Ψ</span> <span class='ocrx_word' id='word_1_42' title='bbox 1039 1159 1102 1236; x_wconf 84' lang='lat' dir='ltr'><strong>Qui</strong></span> <span class='ocrx_word' id='word_1_43' title='bbox 1123 1158 1279 1225; x_wconf 87' lang='lat' dir='ltr'><strong>eamdem</strong></span> <span class='ocrx_word' id='word_1_44' title='bbox 1298 1178 1373 1224; x_wconf 92' lang='lat' dir='ltr'><strong>rem</strong></span> <span class='ocrx_word' id='word_1_45' title='bbox 1390 1159 1544 1243; x_wconf 92' lang='lat' dir='ltr'><strong>pluribus</strong></span> 
     </span>
     <span class='ocr_line' id='line_1_7' title="bbox 315 1249 1544 1341; baseline 0.004 -16"><span class='ocrx_word' id='word_1_46' title='bbox 315 1249 320 1264; x_wconf 89' lang='lat'><em>&#39;</em></span> <span class='ocrx_word' id='word_1_47' title='bbox 368 1262 495 1327; x_wconf 87' lang='lat' dir='ltr'><strong>vendit.</strong></span> <span class='ocrx_word' id='word_1_48' title='bbox 518 1264 550 1326; x_wconf 87' lang='lat'><strong>3·</strong></span> <span class='ocrx_word' id='word_1_49' title='bbox 574 1264 636 1341; x_wconf 86' lang='lat' dir='ltr'><strong>Qui</strong></span> <span class='ocrx_word' id='word_1_50' title='bbox 656 1265 824 1330; x_wconf 80' lang='lat' dir='ltr'><strong>mercibus</strong></span> <span class='ocrx_word' id='word_1_51' title='bbox 849 1266 1075 1332; x_wconf 91' lang='lat' dir='ltr'><strong>adulterinam</strong></span> <span class='ocrx_word' id='word_1_52' title='bbox 1095 1269 1273 1336; x_wconf 88' lang='lat' dir='ltr'><strong>materiam</strong></span> <span class='ocrx_word' id='word_1_53' title='bbox 1296 1267 1470 1340; x_wconf 80' lang='lat' dir='ltr'><strong>admiscet,</strong></span> <span class='ocrx_word' id='word_1_54' title='bbox 1487 1265 1544 1331; x_wconf 89' lang='lat' dir='ltr'><strong>vel</strong></span> 
     </span>
     <span class='ocr_line' id='line_1_8' title="bbox 367 1371 1544 1462; baseline 0.002 -26"><span class='ocrx_word' id='word_1_55' title='bbox 367 1371 519 1454; x_wconf 89' lang='lat' dir='ltr'><strong>pondera</strong></span> <span class='ocrx_word' id='word_1_56' title='bbox 532 1377 566 1436; x_wconf 89' lang='lat' dir='ltr'><strong>et</strong></span> <span class='ocrx_word' id='word_1_57' title='bbox 580 1389 758 1438; x_wconf 88' lang='lat' dir='ltr'><strong>mensuras</strong></span> <span class='ocrx_word' id='word_1_58' title='bbox 773 1373 942 1440; x_wconf 90' lang='lat' dir='ltr'><strong>immutat.</strong></span> <span class='ocrx_word' id='word_1_59' title='bbox 957 1376 991 1439; x_wconf 76' lang='lat'><strong>4⁰</strong></span> <span class='ocrx_word' id='word_1_60' title='bbox 1006 1374 1142 1441; x_wconf 88' lang='lat' dir='ltr'><strong>Falsarii</strong></span> <span class='ocrx_word' id='word_1_61' title='bbox 1158 1381 1317 1454; x_wconf 70' lang='lat' dir='ltr'><strong>monetae,</strong></span> <span class='ocrx_word' id='word_1_62' title='bbox 1334 1375 1392 1460; x_wconf 90' lang='lat' dir='ltr'><strong>qui</strong></span> <span class='ocrx_word' id='word_1_63' title='bbox 1406 1375 1544 1462; x_wconf 91' lang='lat' dir='ltr'><strong>propria</strong></span> 
     </span>
     <span class='ocr_line' id='line_1_9' title="bbox 367 1479 1540 1569; baseline 0.003 -26"><span class='ocrx_word' id='word_1_64' title='bbox 367 1479 568 1546; x_wconf 89' lang='lat' dir='ltr'><strong>auctoritate</strong></span> <span class='ocrx_word' id='word_1_65' title='bbox 578 1487 753 1550; x_wconf 82' lang='lat' dir='ltr'><strong>monetam</strong></span> <span class='ocrx_word' id='word_1_66' title='bbox 765 1484 904 1562; x_wconf 89' lang='lat' dir='ltr'><strong>cudunt,</strong></span> <span class='ocrx_word' id='word_1_67' title='bbox 918 1485 1052 1550; x_wconf 89' lang='lat' dir='ltr'><strong>etiamsi</strong></span> <span class='ocrx_word' id='word_1_68' title='bbox 1061 1486 1147 1568; x_wconf 85' lang='lat' dir='ltr'><strong>justi</strong></span> <span class='ocrx_word' id='word_1_69' title='bbox 1159 1485 1319 1569; x_wconf 90' lang='lat' dir='ltr'><strong>ponderis</strong></span> <span class='ocrx_word' id='word_1_70' title='bbox 1330 1491 1365 1548; x_wconf 86' lang='lat' dir='ltr'><strong>ct</strong></span> <span class='ocrx_word' id='word_1_71' title='bbox 1376 1483 1540 1550; x_wconf 74' lang='lat' dir='ltr'><strong>materia.</strong></span> 
     </span>
     <span class='ocr_line' id='line_1_10' title="bbox 366 1589 1543 1676; baseline 0.003 -24"><span class='ocrx_word' id='word_1_72' title='bbox 366 1589 398 1652; x_wconf 78' lang='grc' dir='ltr'><strong>11ο</strong></span> <span class='ocrx_word' id='word_1_73' title='bbox 414 1589 476 1665; x_wconf 86' lang='lat' dir='ltr'><strong>Qui</strong></span> <span class='ocrx_word' id='word_1_74' title='bbox 489 1589 614 1654; x_wconf 88' lang='lat' dir='ltr'><strong>falsum</strong></span> <span class='ocrx_word' id='word_1_75' title='bbox 625 1609 747 1656; x_wconf 91' lang='lat' dir='ltr'><strong>aurum</strong></span> <span class='ocrx_word' id='word_1_76' title='bbox 761 1592 817 1656; x_wconf 89' lang='lat' dir='ltr'><strong>val</strong></span> <span class='ocrx_word' id='word_1_77' title='bbox 828 1597 1010 1674; x_wconf 77' lang='lat' dir='ltr'><strong>argentum</strong></span> <span class='ocrx_word' id='word_1_78' title='bbox 1021 1612 1082 1676; x_wconf 91' lang='lat' dir='ltr'><strong>pro</strong></span> <span class='ocrx_word' id='word_1_79' title='bbox 1091 1612 1173 1659; x_wconf 91' lang='lat' dir='ltr'><strong>vero</strong></span> <span class='ocrx_word' id='word_1_80' title='bbox 1186 1593 1351 1670; x_wconf 86' lang='lat' dir='ltr'><strong>venduut,</strong></span> <span class='ocrx_word' id='word_1_81' title='bbox 1365 1611 1427 1658; x_wconf 89' lang='lat' dir='ltr'><strong>seu</strong></span> <span class='ocrx_word' id='word_1_82' title='bbox 1440 1598 1543 1656; x_wconf 89' lang='lat' dir='ltr'><strong>utun—</strong></span> 
     </span>
     <span class='ocr_line' id='line_1_11' title="bbox 366 1697 705 1763; baseline 0.009 -3"><span class='ocrx_word' id='word_1_83' title='bbox 366 1701 422 1761; x_wconf 89' lang='lat' dir='ltr'><strong>tur</strong></span> <span class='ocrx_word' id='word_1_84' title='bbox 433 1697 468 1760; x_wconf 92' lang='lat' dir='ltr'><strong>in</strong></span> <span class='ocrx_word' id='word_1_85' title='bbox 482 1699 705 1763; x_wconf 87' lang='lat' dir='ltr'><strong>commerciis.</strong></span> 
     </span>
    </p>

    <p class='ocr_par' dir='ltr' id='par_1_4' title="bbox 362 1787 1543 2430">
     <span class='ocr_line' id='line_1_12' title="bbox 406 1787 1543 1893; baseline 0.004 -23"><span class='ocrx_word' id='word_1_86' title='bbox 406 1806 439 1889; x_wconf 84' lang='lat' dir='ltr'><strong>d)</strong></span> <span class='ocrx_word' id='word_1_87' title='bbox 455 1806 587 1872; x_wconf 85' lang='lat' dir='ltr'><strong>Crimen</strong></span> <span class='ocrx_word' id='word_1_88' title='bbox 604 1807 679 1872; x_wconf 82' lang='lat' dir='ltr'><strong>falsi</strong></span> <span class='ocrx_word' id='word_1_89' title='bbox 694 1787 912 1873; x_wconf 76' lang='lat' dir='ltr'><strong>committunt</strong></span> <span class='ocrx_word' id='word_1_90' title='bbox 925 1827 988 1874; x_wconf 72' lang='lat' dir='ltr'><strong>uari</strong></span> <span class='ocrx_word' id='word_1_91' title='bbox 1010 1828 1069 1874; x_wconf 90' lang='lat' dir='ltr'><strong>seu</strong></span> <span class='ocrx_word' id='word_1_92' title='bbox 1086 1809 1198 1893; x_wconf 89' lang='lat' dir='ltr'><strong>potius</strong></span> <span class='ocrx_word' id='word_1_93' title='bbox 1216 1811 1335 1884; x_wconf 90' lang='lat' dir='ltr'><strong>abusu,</strong></span> <span class='ocrx_word' id='word_1_94' title='bbox 1358 1811 1389 1872; x_wconf 86' lang='lat' dir='ltr'><strong>l·</strong></span> <span class='ocrx_word' id='word_1_95' title='bbox 1407 1808 1462 1893; x_wconf 92' lang='lat' dir='ltr'><strong>qui</strong></span> <span class='ocrx_word' id='word_1_96' title='bbox 1479 1827 1543 1874; x_wconf 91' lang='lat' dir='ltr'><strong>no·</strong></span> 
     </span>
     <span class='ocr_line' id='line_1_13' title="bbox 365 1917 1541 2000; baseline 0.002 -20"><span class='ocrx_word' id='word_1_97' title='bbox 365 1933 457 1992; x_wconf 92' lang='lat' dir='ltr'><strong>men,</strong></span> <span class='ocrx_word' id='word_1_98' title='bbox 479 1933 683 1997; x_wconf 79' lang='lat' dir='ltr'><strong>cognomen,</strong></span> <span class='ocrx_word' id='word_1_99' title='bbox 712 1918 867 2000; x_wconf 89' lang='lat' dir='ltr'><strong>patriam,</strong></span> <span class='ocrx_word' id='word_1_100' title='bbox 891 1922 1060 2000; x_wconf 87' lang='lat' dir='ltr'><strong>parentes,</strong></span> <span class='ocrx_word' id='word_1_101' title='bbox 1087 1917 1203 1982; x_wconf 89' lang='lat' dir='ltr'><strong>dolose</strong></span> <span class='ocrx_word' id='word_1_102' title='bbox 1231 1917 1268 1981; x_wconf 92' lang='lat' dir='ltr'><strong>in</strong></span> <span class='ocrx_word' id='word_1_103' title='bbox 1293 1922 1541 1983; x_wconf 89' lang='lat' dir='ltr'><strong>nocumentum</strong></span> 
     </span>
     <span class='ocr_line' id='line_1_14' title="bbox 364 2023 1541 2110; baseline 0.003 -23"><span class='ocrx_word' id='word_1_104' title='bbox 364 2023 535 2100; x_wconf 59' lang='lat' dir='ltr'><strong>falsificam</strong></span> <span class='ocrx_word' id='word_1_105' title='bbox 552 2025 584 2088; x_wconf 56' lang='grc' dir='ltr'><strong>θ’</strong></span> <span class='ocrx_word' id='word_1_106' title='bbox 600 2025 656 2110; x_wconf 91' lang='lat' dir='ltr'><strong>qui</strong></span> <span class='ocrx_word' id='word_1_107' title='bbox 677 2024 796 2090; x_wconf 88' lang='lat' dir='ltr'><strong>alienae</strong></span> <span class='ocrx_word' id='word_1_108' title='bbox 811 2025 948 2090; x_wconf 82' lang='lat' dir='ltr'><strong>lamiliae</strong></span> <span class='ocrx_word' id='word_1_109' title='bbox 968 2024 1158 2106; x_wconf 82' lang='lat' dir='ltr'><strong>insignibus</strong></span> <span class='ocrx_word' id='word_1_110' title='bbox 1182 2025 1298 2100; x_wconf 92' lang='lat' dir='ltr'><strong>utitur,</strong></span> <span class='ocrx_word' id='word_1_111' title='bbox 1321 2025 1481 2107; x_wconf 80' lang='lat' dir='ltr'><strong>tingendo</strong></span> <span class='ocrx_word' id='word_1_112' title='bbox 1499 2043 1541 2090; x_wconf 87' lang='lat' dir='ltr'><strong>se</strong></span> 
     </span>
     <span class='ocr_line' id='line_1_15' title="bbox 365 2132 1541 2218; baseline 0.003 -22"><span class='ocrx_word' id='word_1_113' title='bbox 365 2149 440 2196; x_wconf 88' lang='lat' dir='ltr'><strong>esse</strong></span> <span class='ocrx_word' id='word_1_114' title='bbox 455 2132 616 2212; x_wconf 91' lang='lat' dir='ltr'><strong>nobilem,</strong></span> <span class='ocrx_word' id='word_1_115' title='bbox 632 2133 678 2198; x_wconf 90' lang='lat' dir='ltr'><strong>ita</strong></span> <span class='ocrx_word' id='word_1_116' title='bbox 691 2139 726 2197; x_wconf 89' lang='lat' dir='ltr'><strong>et</strong></span> <span class='ocrx_word' id='word_1_117' title='bbox 740 2133 797 2218; x_wconf 90' lang='lat' dir='ltr'><strong>qui</strong></span> <span class='ocrx_word' id='word_1_118' title='bbox 812 2135 958 2216; x_wconf 80' lang='lat' dir='ltr'><strong>fingeret</strong></span> <span class='ocrx_word' id='word_1_119' title='bbox 972 2153 1009 2198; x_wconf 90' lang='lat' dir='ltr'><strong>se</strong></span> <span class='ocrx_word' id='word_1_120' title='bbox 1022 2152 1097 2198; x_wconf 91' lang='lat' dir='ltr'><strong>esse</strong></span> <span class='ocrx_word' id='word_1_121' title='bbox 1109 2134 1322 2198; x_wconf 83' lang='lat' dir='ltr'><strong>sacerdotem</strong></span> <span class='ocrx_word' id='word_1_122' title='bbox 1346 2139 1380 2197; x_wconf 89' lang='lat' dir='ltr'><strong>et</strong></span> <span class='ocrx_word' id='word_1_123' title='bbox 1393 2135 1455 2198; x_wconf 93' lang='lat' dir='ltr'><strong>sub</strong></span> <span class='ocrx_word' id='word_1_124' title='bbox 1471 2134 1541 2199; x_wconf 92' lang='lat' dir='ltr'><strong>hoc</strong></span> 
     </span>
     <span class='ocr_line' id='line_1_16' title="bbox 364 2240 1540 2326; baseline 0.005 -24"><span class='ocrx_word' id='word_1_125' title='bbox 364 2240 502 2305; x_wconf 90' lang='lat' dir='ltr'><strong>nomine</strong></span> <span class='ocrx_word' id='word_1_126' title='bbox 513 2241 627 2306; x_wconf 89' lang='lat' dir='ltr'><strong>divina</strong></span> <span class='ocrx_word' id='word_1_127' title='bbox 639 2242 839 2318; x_wconf 87' lang='lat' dir='ltr'><strong>celebrarat;</strong></span> <span class='ocrx_word' id='word_1_128' title='bbox 850 2243 881 2306; x_wconf 77' lang='lat'><strong>3⁰</strong></span> <span class='ocrx_word' id='word_1_129' title='bbox 898 2243 955 2326; x_wconf 92' lang='lat' dir='ltr'><strong>qui</strong></span> <span class='ocrx_word' id='word_1_130' title='bbox 969 2242 1071 2307; x_wconf 86' lang='lat' dir='ltr'><strong>talsas</strong></span> <span class='ocrx_word' id='word_1_131' title='bbox 1081 2242 1187 2324; x_wconf 81' lang='lat' dir='ltr'><strong>leges,</strong></span> <span class='ocrx_word' id='word_1_132' title='bbox 1203 2242 1465 2308; x_wconf 89' lang='lat' dir='ltr'><strong>constitutiones</strong></span> <span class='ocrx_word' id='word_1_133' title='bbox 1479 2241 1540 2308; x_wconf 91' lang='lat' dir='ltr'><strong>do-</strong></span> 
     </span>
     <span class='ocr_line' id='line_1_17' title="bbox 362 2344 605 2430; baseline 0.021 -23"><span class='ocrx_word' id='word_1_134' title='bbox 362 2344 435 2411; x_wconf 89' lang='lat' dir='ltr'><strong>lose</strong></span> <span class='ocrx_word' id='word_1_135' title='bbox 445 2347 605 2430; x_wconf 79' lang='lat' dir='ltr'><strong>allegant.</strong></span> 
     </span>
    </p>
   </div>
   <div class='ocr_carea' id='block_1_3' title="bbox 705 2533 1193 2588">
    <p class='ocr_par' dir='ltr' id='par_1_5' title="bbox 705 2533 1193 2588">
     <span class='ocr_line' id='line_1_18' title="bbox 705 2533 1193 2588; baseline -0.002 -2"><span class='ocrx_word' id='word_1_136' title='bbox 705 2533 746 2586; x_wconf 86' lang='grc'>111.</span> <span class='ocrx_word' id='word_1_137' title='bbox 760 2535 850 2588; x_wconf 83' lang='lat' dir='ltr'><strong>Poeua</strong></span> <span class='ocrx_word' id='word_1_138' title='bbox 866 2534 930 2588; x_wconf 80' lang='lat' dir='ltr'><strong>lata</strong></span> <span class='ocrx_word' id='word_1_139' title='bbox 942 2535 1043 2588; x_wconf 86' lang='lat' dir='ltr'><strong>contra</strong></span> <span class='ocrx_word' id='word_1_140' title='bbox 1057 2533 1193 2588; x_wconf 71' lang='lat' dir='ltr'><strong>sumnus.</strong></span> 
     </span>
    </p>
   </div>
   <div class='ocr_carea' id='block_1_4' title="bbox 270 2675 1540 4828">
    <p class='ocr_par' dir='ltr' id='par_1_6' title="bbox 270 2675 1540 4606">
     <span class='ocr_line' id='line_1_19' title="bbox 402 2675 1539 2764; baseline 0.001 -20"><span class='ocrx_word' id='word_1_141' title='bbox 402 2683 434 2762; x_wconf 86' lang='lat' dir='ltr'><strong>o)</strong></span> <span class='ocrx_word' id='word_1_142' title='bbox 445 2675 568 2746; x_wconf 87' lang='lat' dir='ltr'><strong>Contra</strong></span> <span class='ocrx_word' id='word_1_143' title='bbox 581 2680 734 2746; x_wconf 76' lang='lat' dir='ltr'><strong>falsarios</strong></span> <span class='ocrx_word' id='word_1_144' title='bbox 748 2682 846 2746; x_wconf 80' lang='lat' dir='ltr'><strong>dicto.</strong></span> <span class='ocrx_word' id='word_1_145' title='bbox 859 2684 891 2747; x_wconf 76' lang='grc' dir='ltr'><strong>1ο</strong></span> <span class='ocrx_word' id='word_1_146' title='bbox 904 2681 1008 2746; x_wconf 73' lang='lat' dir='ltr'><strong>Poena</strong></span> <span class='ocrx_word' id='word_1_147' title='bbox 1021 2681 1100 2746; x_wconf 82' lang='lat' dir='ltr'><strong>falsi</strong></span> <span class='ocrx_word' id='word_1_148' title='bbox 1117 2681 1213 2746; x_wconf 87' lang='lat' dir='ltr'><strong>testie</strong></span> <span class='ocrx_word' id='word_1_149' title='bbox 1227 2679 1308 2745; x_wconf 90' lang='lat' dir='ltr'><strong>olim</strong></span> <span class='ocrx_word' id='word_1_150' title='bbox 1324 2685 1397 2746; x_wconf 90' lang='lat' dir='ltr'><strong>erat</strong></span> <span class='ocrx_word' id='word_1_151' title='bbox 1415 2680 1539 2764; x_wconf 86' lang='lat' dir='ltr'><strong>depor-</strong></span> 
     </span>
     <span class='ocr_line' id='line_1_20' title="bbox 363 2787 1540 2873; baseline 0.001 -20"><span class='ocrx_word' id='word_1_152' title='bbox 363 2789 459 2866; x_wconf 81' lang='lat' dir='ltr'><strong>tatio;</strong></span> <span class='ocrx_word' id='word_1_153' title='bbox 476 2805 577 2873; x_wconf 83' lang='lat' dir='ltr'><strong>pmna</strong></span> <span class='ocrx_word' id='word_1_154' title='bbox 591 2789 746 2854; x_wconf 90' lang='lat' dir='ltr'><strong>advocati</strong></span> <span class='ocrx_word' id='word_1_155' title='bbox 757 2789 832 2852; x_wconf 81' lang='lat' dir='ltr'><strong>falsi</strong></span> <span class='ocrx_word' id='word_1_156' title='bbox 848 2795 921 2853; x_wconf 89' lang='lat' dir='ltr'><strong>erat</strong></span> <span class='ocrx_word' id='word_1_157' title='bbox 931 2788 1119 2870; x_wconf 82' lang='lat' dir='ltr'><strong>instigatio,</strong></span> <span class='ocrx_word' id='word_1_158' title='bbox 1135 2807 1260 2864; x_wconf 91' lang='lat' dir='ltr'><strong>carcer,</strong></span> <span class='ocrx_word' id='word_1_159' title='bbox 1274 2793 1350 2865; x_wconf 75' lang='lat' dir='ltr'><strong>etc,</strong></span> <span class='ocrx_word' id='word_1_160' title='bbox 1362 2787 1418 2851; x_wconf 89' lang='lat' dir='ltr'><strong>vel</strong></span> <span class='ocrx_word' id='word_1_161' title='bbox 1432 2807 1540 2871; x_wconf 83' lang='lat' dir='ltr'><strong>poena</strong></span> 
     </span>
     <span class='ocr_line' id='line_1_21' title="bbox 360 2894 1538 2980; baseline -0.001 -20"><span class='ocrx_word' id='word_1_162' title='bbox 360 2897 555 2972; x_wconf 89' lang='lat' dir='ltr'><strong>arbitraria;</strong></span> <span class='ocrx_word' id='word_1_163' title='bbox 571 2897 710 2962; x_wconf 88' lang='lat' dir='ltr'><strong>tandem</strong></span> <span class='ocrx_word' id='word_1_164' title='bbox 726 2897 833 2980; x_wconf 86' lang='lat' dir='ltr'><strong>judex</strong></span> <span class='ocrx_word' id='word_1_165' title='bbox 852 2896 968 2972; x_wconf 88' lang='lat' dir='ltr'><strong>falsus,</strong></span> <span class='ocrx_word' id='word_1_166' title='bbox 992 2915 1053 2980; x_wconf 92' lang='lat' dir='ltr'><strong>pro</strong></span> <span class='ocrx_word' id='word_1_167' title='bbox 1071 2895 1231 2979; x_wconf 86' lang='lat' dir='ltr'><strong>qualitate</strong></span> <span class='ocrx_word' id='word_1_168' title='bbox 1253 2913 1407 2979; x_wconf 84' lang='lat' dir='ltr'><strong>personae</strong></span> <span class='ocrx_word' id='word_1_169' title='bbox 1423 2901 1457 2959; x_wconf 88' lang='lat' dir='ltr'><strong>at</strong></span> <span class='ocrx_word' id='word_1_170' title='bbox 1478 2894 1538 2959; x_wconf 88' lang='lat' dir='ltr'><strong>de-</strong></span> 
     </span>
     <span class='ocr_line' id='line_1_22' title="bbox 359 3003 1534 3088; baseline 0.001 -22"><span class='ocrx_word' id='word_1_171' title='bbox 359 3003 438 3080; x_wconf 89' lang='lat' dir='ltr'><strong>licti,</strong></span> <span class='ocrx_word' id='word_1_172' title='bbox 455 3004 649 3086; x_wconf 89' lang='lat' dir='ltr'><strong>puniendus</strong></span> <span class='ocrx_word' id='word_1_173' title='bbox 668 3009 741 3068; x_wconf 88' lang='lat' dir='ltr'><strong>erat</strong></span> <span class='ocrx_word' id='word_1_174' title='bbox 760 3005 949 3088; x_wconf 77' lang='lat' dir='ltr'><strong>privatione</strong></span> <span class='ocrx_word' id='word_1_175' title='bbox 965 3003 1078 3080; x_wconf 80' lang='lat' dir='ltr'><strong>oflicii,</strong></span> <span class='ocrx_word' id='word_1_176' title='bbox 1094 3004 1335 3070; x_wconf 81' lang='lat' dir='ltr'><strong>confiscatione</strong></span> <span class='ocrx_word' id='word_1_177' title='bbox 1350 3003 1534 3082; x_wconf 85' lang='lat' dir='ltr'><strong>honorum,</strong></span> 
     </span>
     <span class='ocr_line' id='line_1_23' title="bbox 360 3111 1533 3196; baseline -0.002 -20"><span class='ocrx_word' id='word_1_178' title='bbox 360 3111 490 3189; x_wconf 81' lang='lat' dir='ltr'><strong>exsilio,</strong></span> <span class='ocrx_word' id='word_1_179' title='bbox 501 3117 564 3176; x_wconf 89' lang='lat' dir='ltr'><strong>etc.</strong></span> <span class='ocrx_word' id='word_1_180' title='bbox 575 3111 634 3176; x_wconf 89' lang='lat' dir='ltr'><strong>lus</strong></span> <span class='ocrx_word' id='word_1_181' title='bbox 646 3111 726 3176; x_wconf 87' lang='lat' dir='ltr'><strong>Gall.</strong></span> <span class='ocrx_word' id='word_1_182' title='bbox 740 3117 922 3195; x_wconf 89' lang='lat' dir='ltr'><strong>sequentes</strong></span> <span class='ocrx_word' id='word_1_183' title='bbox 938 3111 1216 3196; x_wconf 86' lang='lat' dir='ltr'><strong>decrevitpoenas</strong></span> <span class='ocrx_word' id='word_1_184' title='bbox 1226 3117 1344 3178; x_wconf 89' lang='lat' dir='ltr'><strong>contra</strong></span> <span class='ocrx_word' id='word_1_185' title='bbox 1356 3111 1511 3176; x_wconf 83' lang='lat' dir='ltr'><strong>falsarios</strong></span> <span class='ocrx_word' id='word_1_186' title='bbox 1525 3131 1533 3174; x_wconf 74' lang='grc' dir='ltr'>ε</span> 
     </span>
     <span class='ocr_line' id='line_1_24' title="bbox 360 3218 1532 3303; baseline -0.003 -18"><span class='ocrx_word' id='word_1_187' title='bbox 360 3239 402 3285; x_wconf 86' lang='lat' dir='ltr'><strong>ex</strong></span> <span class='ocrx_word' id='word_1_188' title='bbox 417 3220 478 3285; x_wconf 88' lang='lat' dir='ltr'><strong>art.</strong></span> <span class='ocrx_word' id='word_1_189' title='bbox 494 3221 550 3284; x_wconf 90' lang='grc'><strong>361</strong></span> <span class='ocrx_word' id='word_1_190' title='bbox 565 3219 644 3285; x_wconf 84' lang='lat' dir='ltr'><strong>God.</strong></span> <span class='ocrx_word' id='word_1_191' title='bbox 659 3238 763 3303; x_wconf 80' lang='lat' dir='ltr'><strong>poen,</strong></span> <span class='ocrx_word' id='word_1_192' title='bbox 776 3218 851 3284; x_wconf 87' lang='lat' dir='ltr'><strong>lalsi</strong></span> <span class='ocrx_word' id='word_1_193' title='bbox 866 3224 971 3286; x_wconf 87' lang='lat' dir='ltr'><strong>testes</strong></span> <span class='ocrx_word' id='word_1_194' title='bbox 982 3220 1018 3283; x_wconf 89' lang='lat' dir='ltr'><strong>in</strong></span> <span class='ocrx_word' id='word_1_195' title='bbox 1033 3238 1136 3286; x_wconf 88' lang='lat' dir='ltr'><strong>causa</strong></span> <span class='ocrx_word' id='word_1_196' title='bbox 1148 3220 1314 3285; x_wconf 83' lang='lat' dir='ltr'><strong>criminali</strong></span> <span class='ocrx_word' id='word_1_197' title='bbox 1329 3219 1532 3303; x_wconf 89' lang='lat' dir='ltr'><strong>puniuntur,</strong></span> 
     </span>
     <span class='ocr_line' id='line_1_25' title="bbox 359 3327 1535 3413; baseline -0.001 -20"><span class='ocrx_word' id='word_1_198' title='bbox 359 3347 461 3411; x_wconf 76' lang='lat' dir='ltr'><strong>poena</strong></span> <span class='ocrx_word' id='word_1_199' title='bbox 475 3329 664 3394; x_wconf 89' lang='lat' dir='ltr'><strong>triremium</strong></span> <span class='ocrx_word' id='word_1_200' title='bbox 677 3327 720 3394; x_wconf 90' lang='lat' dir='ltr'><strong>ad</strong></span> <span class='ocrx_word' id='word_1_201' title='bbox 730 3334 876 3412; x_wconf 92' lang='lat' dir='ltr'><strong>tempus,</strong></span> <span class='ocrx_word' id='word_1_202' title='bbox 886 3329 941 3394; x_wconf 90' lang='lat' dir='ltr'><strong>vel</strong></span> <span class='ocrx_word' id='word_1_203' title='bbox 949 3347 1051 3413; x_wconf 76' lang='lat' dir='ltr'><strong>prena</strong></span> <span class='ocrx_word' id='word_1_204' title='bbox 1059 3329 1204 3405; x_wconf 89' lang='lat' dir='ltr'><strong>talionis,</strong></span> <span class='ocrx_word' id='word_1_205' title='bbox 1216 3329 1244 3393; x_wconf 94' lang='lat' dir='ltr'><strong>si</strong></span> <span class='ocrx_word' id='word_1_206' title='bbox 1254 3333 1430 3394; x_wconf 88' lang='lat' dir='ltr'><strong>accusatus</strong></span> <span class='ocrx_word' id='word_1_207' title='bbox 1440 3328 1535 3392; x_wconf 79' lang='lat' dir='ltr'><strong>riam·</strong></span> 
     </span>
     <span class='ocr_line' id='line_1_26' title="bbox 358 3437 1533 3522; baseline 0.001 -22"><span class='ocrx_word' id='word_1_208' title='bbox 358 3442 458 3502; x_wconf 87' lang='lat' dir='ltr'><strong>natus</strong></span> <span class='ocrx_word' id='word_1_209' title='bbox 472 3439 575 3502; x_wconf 84' lang='lat' dir='ltr'><strong>luerit</strong></span> <span class='ocrx_word' id='word_1_210' title='bbox 588 3438 630 3503; x_wconf 91' lang='lat' dir='ltr'><strong>ad</strong></span> <span class='ocrx_word' id='word_1_211' title='bbox 643 3456 780 3522; x_wconf 87' lang='lat' dir='ltr'><strong>poenam</strong></span> <span class='ocrx_word' id='word_1_212' title='bbox 794 3441 961 3522; x_wconf 90' lang='lat' dir='ltr'><strong>majorem</strong></span> <span class='ocrx_word' id='word_1_213' title='bbox 975 3439 1169 3504; x_wconf 88' lang='lat' dir='ltr'><strong>triremibus</strong></span> <span class='ocrx_word' id='word_1_214' title='bbox 1182 3439 1225 3504; x_wconf 91' lang='lat' dir='ltr'><strong>ad</strong></span> <span class='ocrx_word' id='word_1_215' title='bbox 1240 3443 1390 3522; x_wconf 91' lang='lat' dir='ltr'><strong>tempus;</strong></span> <span class='ocrx_word' id='word_1_216' title='bbox 1408 3437 1444 3500; x_wconf 90' lang='lat' dir='ltr'><strong>in</strong></span> <span class='ocrx_word' id='word_1_217' title='bbox 1460 3453 1533 3501; x_wconf 90' lang='lat' dir='ltr'><strong>ma-</strong></span> 
     </span>
     <span class='ocr_line' id='line_1_27' title="bbox 359 3545 1532 3631; baseline -0.001 -22"><span class='ocrx_word' id='word_1_218' title='bbox 359 3547 443 3611; x_wconf 88' lang='lat' dir='ltr'><strong>teria</strong></span> <span class='ocrx_word' id='word_1_219' title='bbox 457 3547 706 3624; x_wconf 88' lang='lat' dir='ltr'><strong>correctionali,</strong></span> <span class='ocrx_word' id='word_1_220' title='bbox 720 3566 822 3630; x_wconf 76' lang='lat' dir='ltr'><strong>poena</strong></span> <span class='ocrx_word' id='word_1_221' title='bbox 837 3551 889 3611; x_wconf 92' lang='lat' dir='ltr'><strong>est</strong></span> <span class='ocrx_word' id='word_1_222' title='bbox 905 3546 1061 3623; x_wconf 86' lang='lat' dir='ltr'><strong>reclusio,</strong></span> <span class='ocrx_word' id='word_1_223' title='bbox 1078 3553 1112 3612; x_wconf 93' lang='lat' dir='ltr'><strong>et</strong></span> <span class='ocrx_word' id='word_1_224' title='bbox 1125 3547 1161 3611; x_wconf 92' lang='lat' dir='ltr'><strong>in</strong></span> <span class='ocrx_word' id='word_1_225' title='bbox 1180 3547 1322 3631; x_wconf 90' lang='lat' dir='ltr'><strong>simplici</strong></span> <span class='ocrx_word' id='word_1_226' title='bbox 1334 3545 1461 3630; x_wconf 89' lang='lat' dir='ltr'><strong>politia,</strong></span> <span class='ocrx_word' id='word_1_227' title='bbox 1476 3549 1532 3609; x_wconf 87' lang='lat' dir='ltr'><strong>est</strong></span> 
     </span>
     <span class='ocr_line' id='line_1_28' title="bbox 357 3655 1528 3743; baseline -0.001 -22"><span class='ocrx_word' id='word_1_228' title='bbox 357 3657 575 3724; x_wconf 88' lang='lat' dir='ltr'><strong>incarceratio</strong></span> <span class='ocrx_word' id='word_1_229' title='bbox 585 3659 626 3722; x_wconf 94' lang='lat' dir='ltr'><strong>ab</strong></span> <span class='ocrx_word' id='word_1_230' title='bbox 641 3675 709 3722; x_wconf 91' lang='lat' dir='ltr'><strong>uuo</strong></span> <span class='ocrx_word' id='word_1_231' title='bbox 720 3676 810 3723; x_wconf 92' lang='lat' dir='ltr'><strong>anno</strong></span> <span class='ocrx_word' id='word_1_232' title='bbox 820 3658 862 3724; x_wconf 91' lang='lat' dir='ltr'><strong>ad</strong></span> <span class='ocrx_word' id='word_1_233' title='bbox 877 3659 1149 3743; x_wconf 87' lang='lat' dir='ltr'><strong>quinquennium</strong></span> <span class='ocrx_word' id='word_1_234' title='bbox 1161 3659 1234 3741; x_wconf 82' lang='lat' dir='ltr'><strong>(art.</strong></span> <span class='ocrx_word' id='word_1_235' title='bbox 1244 3657 1305 3722; x_wconf 74' lang='lat'><strong>354</strong></span> <span class='ocrx_word' id='word_1_236' title='bbox 1319 3657 1397 3722; x_wconf 85' lang='lat' dir='ltr'><strong>God.</strong></span> <span class='ocrx_word' id='word_1_237' title='bbox 1407 3655 1528 3740; x_wconf 75' lang='lat' dir='ltr'><strong>ptam).</strong></span> 
     </span>
     <span class='ocr_line' id='line_1_29' title="bbox 357 3762 1530 3850; baseline -0.001 -22"><span class='ocrx_word' id='word_1_238' title='bbox 357 3765 476 3831; x_wconf 77' lang='lat' dir='ltr'><strong>Exart.</strong></span> <span class='ocrx_word' id='word_1_239' title='bbox 491 3765 551 3830; x_wconf 81' lang='grc'><strong>364</strong></span> <span class='ocrx_word' id='word_1_240' title='bbox 566 3765 673 3850; x_wconf 85' lang='lat' dir='ltr'><strong>ejusd.</strong></span> <span class='ocrx_word' id='word_1_241' title='bbox 685 3765 778 3841; x_wconf 80' lang='lat' dir='ltr'><strong>(lod,</strong></span> <span class='ocrx_word' id='word_1_242' title='bbox 790 3784 892 3850; x_wconf 85' lang='lat' dir='ltr'><strong>poena</strong></span> <span class='ocrx_word' id='word_1_243' title='bbox 907 3769 958 3830; x_wconf 90' lang='lat' dir='ltr'><strong>est</strong></span> <span class='ocrx_word' id='word_1_244' title='bbox 975 3767 1138 3843; x_wconf 89' lang='lat' dir='ltr'><strong>acerbior,</strong></span> <span class='ocrx_word' id='word_1_245' title='bbox 1151 3766 1180 3828; x_wconf 92' lang='lat' dir='ltr'><strong>si</strong></span> <span class='ocrx_word' id='word_1_246' title='bbox 1194 3765 1373 3849; x_wconf 90' lang='lat' dir='ltr'><strong>pecuniam</strong></span> <span class='ocrx_word' id='word_1_247' title='bbox 1389 3762 1530 3829; x_wconf 86' lang='lat' dir='ltr'><strong>vairam</strong></span> 
     </span>
     <span class='ocr_line' id='line_1_30' title="bbox 356 3873 1529 3960; baseline -0.003 -20"><span class='ocrx_word' id='word_1_248' title='bbox 356 3874 504 3960; x_wconf 88' lang='lat' dir='ltr'><strong>aliquam</strong></span> <span class='ocrx_word' id='word_1_249' title='bbox 519 3876 706 3958; x_wconf 88' lang='lat' dir='ltr'><strong>receperint</strong></span> <span class='ocrx_word' id='word_1_250' title='bbox 731 3875 806 3940; x_wconf 81' lang='lat' dir='ltr'><strong>falsi</strong></span> <span class='ocrx_word' id='word_1_251' title='bbox 825 3881 941 3941; x_wconf 87' lang='lat' dir='ltr'><strong>testes.</strong></span> <span class='ocrx_word' id='word_1_252' title='bbox 958 3875 1108 3941; x_wconf 84' lang='lat' dir='ltr'><strong>&#39;landem</strong></span> <span class='ocrx_word' id='word_1_253' title='bbox 1129 3876 1165 3938; x_wconf 90' lang='lat' dir='ltr'><strong>in</strong></span> <span class='ocrx_word' id='word_1_254' title='bbox 1182 3892 1284 3940; x_wconf 90' lang='lat' dir='ltr'><strong>causa</strong></span> <span class='ocrx_word' id='word_1_255' title='bbox 1301 3873 1402 3950; x_wconf 86' lang='lat' dir='ltr'><strong>civili,</strong></span> <span class='ocrx_word' id='word_1_256' title='bbox 1424 3891 1529 3956; x_wconf 84' lang='lat' dir='ltr'><strong>poena</strong></span> 
     </span>
     <span class='ocr_line' id='line_1_31' title="bbox 357 3977 1528 4067; baseline -0.002 -20"><span class='ocrx_word' id='word_1_257' title='bbox 357 3987 410 4048; x_wconf 90' lang='lat' dir='ltr'><strong>est</strong></span> <span class='ocrx_word' id='word_1_258' title='bbox 422 3981 567 4047; x_wconf 88' lang='lat' dir='ltr'><strong>reclusio</strong></span> <span class='ocrx_word' id='word_1_259' title='bbox 580 3983 653 4064; x_wconf 87' lang='lat' dir='ltr'><strong>(art.</strong></span> <span class='ocrx_word' id='word_1_260' title='bbox 666 3977 725 4047; x_wconf 86' lang='grc'><strong>363</strong></span> <span class='ocrx_word' id='word_1_261' title='bbox 740 3982 818 4048; x_wconf 85' lang='lat' dir='ltr'><strong>Cod.</strong></span> <span class='ocrx_word' id='word_1_262' title='bbox 831 3985 945 4067; x_wconf 75' lang='lat' dir='ltr'><strong>pren).</strong></span> <span class='ocrx_word' id='word_1_263' title='bbox 962 3984 994 4047; x_wconf 75' lang='lat'><strong>2⁰</strong></span> <span class='ocrx_word' id='word_1_264' title='bbox 1005 3983 1121 4060; x_wconf 86' lang='lat' dir='ltr'><strong>Quoad</strong></span> <span class='ocrx_word' id='word_1_265' title='bbox 1134 3982 1317 4048; x_wconf 83' lang='lat' dir='ltr'><strong>advocatos</strong></span> <span class='ocrx_word' id='word_1_266' title='bbox 1331 3981 1446 4056; x_wconf 84' lang='lat' dir='ltr'><strong>falsos,</strong></span> <span class='ocrx_word' id='word_1_267' title='bbox 1461 3979 1528 4045; x_wconf 75' lang='lat' dir='ltr'><strong>dic</strong></span> 
     </span>
     <span class='ocr_line' id='line_1_32' title="bbox 356 4087 1524 4175; baseline -0.003 -21"><span class='ocrx_word' id='word_1_268' title='bbox 356 4096 430 4155; x_wconf 91' lang='lat' dir='ltr'><strong>tum</strong></span> <span class='ocrx_word' id='word_1_269' title='bbox 446 4097 498 4156; x_wconf 89' lang='lat' dir='ltr'><strong>est</strong></span> <span class='ocrx_word' id='word_1_270' title='bbox 512 4109 613 4175; x_wconf 89' lang='lat' dir='ltr'><strong>supra</strong></span> <span class='ocrx_word' id='word_1_271' title='bbox 625 4092 660 4154; x_wconf 90' lang='lat' dir='ltr'><strong>in</strong></span> <span class='ocrx_word' id='word_1_272' title='bbox 677 4091 704 4155; x_wconf 95' lang='lat' dir='ltr'><strong>ll</strong></span> <span class='ocrx_word' id='word_1_273' title='bbox 719 4091 775 4156; x_wconf 90' lang='lat' dir='ltr'><strong>lib.</strong></span> <span class='ocrx_word' id='word_1_274' title='bbox 792 4095 824 4155; x_wconf 77' lang='lat'><strong>3⁰</strong></span> <span class='ocrx_word' id='word_1_275' title='bbox 835 4092 944 4158; x_wconf 78' lang='lat' dir='ltr'><strong>ludex</strong></span> <span class='ocrx_word' id='word_1_276' title='bbox 957 4091 1063 4158; x_wconf 85' lang='lat' dir='ltr'><strong>falsus</strong></span> <span class='ocrx_word' id='word_1_277' title='bbox 1076 4092 1112 4157; x_wconf 89' lang='lat' dir='ltr'><strong>in</strong></span> <span class='ocrx_word' id='word_1_278' title='bbox 1126 4112 1161 4156; x_wconf 92' lang='lat' dir='ltr'><strong>re</strong></span> <span class='ocrx_word' id='word_1_279' title='bbox 1175 4087 1341 4156; x_wconf 90' lang='lat' dir='ltr'><strong>criminali</strong></span> <span class='ocrx_word' id='word_1_280' title='bbox 1357 4089 1524 4174; x_wconf 88' lang='lat' dir='ltr'><strong>plectitur,</strong></span> 
     </span>
     <span class='ocr_line' id='line_1_33' title="bbox 355 4196 1526 4285; baseline -0.001 -22"><span class='ocrx_word' id='word_1_281' title='bbox 355 4206 478 4283; x_wconf 74' lang='lat' dir='ltr'><strong>praeter</strong></span> <span class='ocrx_word' id='word_1_282' title='bbox 498 4199 660 4266; x_wconf 89' lang='lat' dir='ltr'><strong>mulctam</strong></span> <span class='ocrx_word' id='word_1_283' title='bbox 677 4201 966 4284; x_wconf 88' lang='lat' dir='ltr'><strong>proportionatam</strong></span> <span class='ocrx_word' id='word_1_284' title='bbox 987 4201 1111 4266; x_wconf 91' lang='lat' dir='ltr'><strong>damno</strong></span> <span class='ocrx_word' id='word_1_285' title='bbox 1130 4201 1233 4278; x_wconf 90' lang='lat' dir='ltr'><strong>illato,</strong></span> <span class='ocrx_word' id='word_1_286' title='bbox 1250 4219 1353 4285; x_wconf 85' lang='lat' dir='ltr'><strong>poena</strong></span> <span class='ocrx_word' id='word_1_287' title='bbox 1366 4196 1526 4264; x_wconf 83' lang='lat' dir='ltr'><strong>reclusio·</strong></span> 
     </span>
     <span class='ocr_line' id='line_1_34' title="bbox 355 4305 1523 4396; baseline -0.002 -25"><span class='ocrx_word' id='word_1_288' title='bbox 355 4310 419 4386; x_wconf 88' lang='lat' dir='ltr'><strong>nis,</strong></span> <span class='ocrx_word' id='word_1_289' title='bbox 440 4313 558 4374; x_wconf 85' lang='lat' dir='ltr'><strong>exart.</strong></span> <span class='ocrx_word' id='word_1_290' title='bbox 576 4310 632 4373; x_wconf 91' lang='grc'><strong>181</strong></span> <span class='ocrx_word' id='word_1_291' title='bbox 652 4308 781 4374; x_wconf 84' lang='lat' dir='ltr'><strong>Codicis</strong></span> <span class='ocrx_word' id='word_1_292' title='bbox 800 4329 891 4392; x_wconf 75' lang='lat' dir='ltr'><strong>poen.</strong></span> <span class='ocrx_word' id='word_1_293' title='bbox 910 4309 981 4376; x_wconf 94' lang='lat' dir='ltr'><strong>lmo</strong></span> <span class='ocrx_word' id='word_1_294' title='bbox 1006 4311 1035 4374; x_wconf 90' lang='lat' dir='ltr'><strong>si</strong></span> <span class='ocrx_word' id='word_1_295' title='bbox 1056 4311 1131 4396; x_wconf 88' lang='lat' dir='ltr'><strong>quis</strong></span> <span class='ocrx_word' id='word_1_296' title='bbox 1153 4309 1334 4376; x_wconf 85' lang='lat' dir='ltr'><strong>damnatus</strong></span> <span class='ocrx_word' id='word_1_297' title='bbox 1355 4307 1458 4374; x_wconf 88' lang='lat' dir='ltr'><strong>suerit</strong></span> <span class='ocrx_word' id='word_1_298' title='bbox 1480 4305 1523 4370; x_wconf 93' lang='lat' dir='ltr'><strong>ad</strong></span> 
     </span>
     <span class='ocr_line' id='line_1_35' title="bbox 270 4415 1525 4501; baseline -0.003 -21"><span class='ocrx_word' id='word_1_299' title='bbox 270 4491 273 4496; x_wconf 22' lang='lat'>¹</span> <span class='ocrx_word' id='word_1_300' title='bbox 355 4433 491 4498; x_wconf 87' lang='lat' dir='ltr'><strong>poenam</strong></span> <span class='ocrx_word' id='word_1_301' title='bbox 513 4415 719 4481; x_wconf 87' lang='lat' dir='ltr'><strong>acerbiorem</strong></span> <span class='ocrx_word' id='word_1_302' title='bbox 738 4415 937 4494; x_wconf 89' lang='lat' dir='ltr'><strong>reclusione,</strong></span> <span class='ocrx_word' id='word_1_303' title='bbox 955 4418 1176 4501; x_wconf 88' lang='lat' dir='ltr'><strong>applicabitur</strong></span> <span class='ocrx_word' id='word_1_304' title='bbox 1191 4417 1296 4501; x_wconf 85' lang='lat' dir='ltr'><strong>Judiei</strong></span> <span class='ocrx_word' id='word_1_305' title='bbox 1317 4415 1403 4480; x_wconf 86' lang='lat' dir='ltr'><strong>falso</strong></span> <span class='ocrx_word' id='word_1_306' title='bbox 1423 4430 1525 4498; x_wconf 80' lang='lat' dir='ltr'><strong>prena</strong></span> 
     </span>
     <span class='ocr_line' id='line_1_36' title="bbox 356 4522 678 4606; baseline -0.009 -17"><span class='ocrx_word' id='word_1_307' title='bbox 356 4522 490 4589; x_wconf 86' lang='lat' dir='ltr'><strong>talionis</strong></span> <span class='ocrx_word' id='word_1_308' title='bbox 505 4523 578 4606; x_wconf 91' lang='lat' dir='ltr'><strong>(art.</strong></span> <span class='ocrx_word' id='word_1_309' title='bbox 597 4523 678 4606; x_wconf 71' lang='grc'>181).</span> 
     </span>
    </p>

    <p class='ocr_par' dir='ltr' id='par_1_7' title="bbox 355 4631 1527 4828">
     <span class='ocr_line' id='line_1_37' title="bbox 396 4631 1527 4721; baseline 0 -25"><span class='ocrx_word' id='word_1_310' title='bbox 396 4633 427 4716; x_wconf 82' lang='lat' dir='ltr'><strong>b)</strong></span> <span class='ocrx_word' id='word_1_311' title='bbox 457 4633 575 4711; x_wconf 86' lang='lat' dir='ltr'><strong>Quoad</strong></span> <span class='ocrx_word' id='word_1_312' title='bbox 603 4631 756 4700; x_wconf 80' lang='lat' dir='ltr'><strong>falsarios</strong></span> <span class='ocrx_word' id='word_1_313' title='bbox 784 4635 924 4721; x_wconf 89' lang='lat' dir='ltr'><strong>scripto,</strong></span> <span class='ocrx_word' id='word_1_314' title='bbox 955 4631 1080 4702; x_wconf 77' lang='lat' dir='ltr'><strong>falsarii</strong></span> <span class='ocrx_word' id='word_1_315' title='bbox 1101 4633 1291 4702; x_wconf 88' lang='lat' dir='ltr'><strong>litterarum</strong></span> <span class='ocrx_word' id='word_1_316' title='bbox 1325 4631 1527 4720; x_wconf 49' lang='lat' dir='ltr'><strong>apostolicas</strong></span> 
     </span>
     <span class='ocr_line' id='line_1_38' title="bbox 355 4739 1523 4828; baseline -0.003 -22"><span class='ocrx_word' id='word_1_317' title='bbox 355 4757 431 4806; x_wconf 89' lang='lat' dir='ltr'><strong>rum</strong></span> <span class='ocrx_word' id='word_1_318' title='bbox 447 4741 520 4823; x_wconf 89' lang='lat' dir='ltr'><strong>ipso</strong></span> <span class='ocrx_word' id='word_1_319' title='bbox 538 4743 626 4808; x_wconf 86' lang='lat' dir='ltr'><strong>sacto</strong></span> <span class='ocrx_word' id='word_1_320' title='bbox 653 4741 829 4810; x_wconf 89' lang='lat' dir='ltr'><strong>incurrunt</strong></span> <span class='ocrx_word' id='word_1_321' title='bbox 852 4746 1238 4812; x_wconf 84' lang='lat' dir='ltr'><strong>excommunicationem</strong></span> <span class='ocrx_word' id='word_1_322' title='bbox 1264 4741 1401 4828; x_wconf 87' lang='lat' dir='ltr'><strong>speciali</strong></span> <span class='ocrx_word' id='word_1_323' title='bbox 1419 4739 1523 4806; x_wconf 91' lang='lat' dir='ltr'><strong>modo</strong></span> 
     </span>
    </p>
   </div>
   <div class='ocr_carea' id='block_1_5' title="bbox 0 0 1710 5570">
    <p class='ocr_par' dir='ltr' id='par_1_8' title="bbox 0 0 1710 5570">
     <span class='ocr_line' id='line_1_39' title="bbox 0 0 1710 5570; baseline 0 6"><span class='ocrx_word' id='word_1_324' title='bbox 0 0 1710 5570; x_wconf 95' lang='lat' dir='ltr'><strong> </strong></span> 
     </span>
    </p>
   </div>
  </div>
 </body>
</html>
