3404 6584
462 535 525 600 mr
922 558 974 603 πε
994 557 1174 604 asom

464 675 649 740 subditum.
666 673 749 740 llinc
763 676 887 740 subditi
902 677 1110 757 sudnganei
1130 685 1305 762 nequeunt
1317 697 1464 742 censure
1478 681 1521 744 ab
1531 679 1623 744 urhi-
1699 733 1700 736 ,

463 785 623 868 episcopo
636 783 827 866 ligaturi
845 787 973 850 iuncto
991 787 1207 862 visitationis,
1222 786 1511 872 velsioensaper
1524 788 1621 872 appel·
1699 845 1700 878 ,

464 893 593 958 tionem
606 892 650 958 nd
663 911 744 958 eum
758 891 962 960 devolvatur
975 897 1015 976 (c.
1031 899 1051 960 ἵ
1065 897 1099 960 h.
1115 901 1140 959 t
1156 897 1193 962 in
1204 898 1261 976 θ’).

501 1003 544 1066 tt
555 1001 654 1085 plura
667 1009 749 1068 suut
760 1004 913 1070 notendo
925 1005 1015 1071 eirca
1027 1005 1266 1090 delinquentes
1281 1007 1317 1070 iu
1330 1005 1443 1072 alieno
1454 1007 1620 1072 territorio.
1699 1078 1700 1100 χ

460 1111 493 1176 l·
514 1111 671 1176 Extranei
698 1129 760 1178 seu
784 1112 909 1176 subditi
937 1113 1130 1179 alienorum
1147 1115 1386 1198 episcoporum
1408 1117 1621 1199 abepiscopo
1699 1104 1700 1156 ἶ

458 1238 528 1286 non
544 1239 609 1286 sno
620 1221 795 1286 censurari
809 1228 955 1305 possunt
967 1241 1030 1306 per
1041 1223 1211 1298 occidens,
1230 1223 1356 1288 scilicet
1374 1227 1508 1290 ntione
1522 1225 1621 1290 delicti
1699 1255 1700 1260 =

457 1331 493 1395 in
502 1327 570 1397 clio
583 1331 754 1396 territorio
764 1331 956 1406 commissi,
970 1349 1053 1396 nem
1063 1330 1303 1416 delinquentes
1309 1334 1423 1398 lorum
1431 1333 1618 1403 sortiuntur.

457 1438 850 1505 etinminlocodelictitc.
864 1439 936 1514 tln.‚
946 1439 1070 1504 deFor.
1081 1443 1213 1524 compl.
1229 1439 1329 1522 Ergo,
1337 1441 1511 1524 peregrini
1527 1439 1622 1507 dclin

456 1553 612 1632 quentes,
635 1548 766 1613 ratione
782 1547 895 1613 delicti
906 1549 995 1612 liunt
1007 1549 1133 1613 subditi
1147 1551 1307 1633 episcopo
1320 1549 1384 1614 loci
1393 1551 1430 1614 in
1443 1568 1513 1634 qno
1527 1549 1621 1614 deliu-

455 1663 580 1742 quone
594 1661 710 1722 tumen
725 1675 866 1722 necesse
881 1663 980 1722 estut
990 1659 1150 1723 citatione
1160 1660 1502 1742 praeveuimturante
1512 1675 1621 1724 eornm

455 1765 655 1830 discessum.
671 1766 798 1830 Dicitur
814 1785 918 1850 posse
931 1768 1106 1832 censurari
1124 1795 1139 1826 a
1161 1787 1224 1852 per
1240 1767 1396 1836 accidens
1417 1795 1445 1842 »,
1459 1769 1541 1851 quir
1560 1767 1621 1849 cpi·

455 1875 547 1958 scopi
561 1873 607 1939 illi
626 1880 744 1940 curent
751 1875 989 1958 jurisdictione
1007 1877 1044 1940 iu
1056 1895 1251 1960 personam.
1267 1876 1490 1960 Excipiuutur
1500 1873 1622 1957 regulu-

455 2001 510 2048 res
524 1983 684 2066 exempti,
700 1983 778 2049 ideo
793 1984 873 2068 quin
886 1989 968 2048 sunt
983 1983 1182 2067 simpliciter
1196 1985 1357 2067 exempti.
1378 1983 1542 2060 &Quoad
1554 1982 1623 2046 suu
1699 2003 1700 2078 ss

455 2091 544 2156 ditos
564 2097 662 2157 extre
680 2093 852 2176 propriam
870 2093 1046 2158 dioeeesim
1064 2092 1314 2177 delinquentes,
1334 2111 1423 2176 opus
1441 2099 1495 2157 est
1516 2091 1622 2158 distin-
1699 2117 1700 2183 p

453 2218 559 2281 gnere
580 2200 670 2264 inter
692 2205 859 2265 statutum
884 2199 1086 2266 territoriule
1110 2205 1145 2265 et
1168 2198 1283 2281 legem
1309 2217 1475 2283 personas
1505 2201 1623 2264 directe
1699 2187 1700 2228 l

452 2307 702 2392 respicientem.
717 2307 846 2392 lthue,
867 2307 895 2372 si
909 2325 1056 2373 censure
1068 2307 1138 2373 lete
1152 2309 1197 2372 sit
1209 2309 1483 2394 peneroliterpro
1501 2309 1622 2372 territo

451 2417 513 2491 rio,
530 2415 685 2481 subditus
697 2421 794 2482 extre
811 2416 1021 2482 territorium
1038 2415 1241 2500 delinquens
1255 2434 1332 2482 eam
1352 2435 1421 2482 nou
1438 2417 1624 2482 incurreret
1699 2421 1700 2432 ¹

452 2527 491 2606 (c.
501 2526 559 2590 tln.
570 2525 612 2590 de
627 2523 754 2600 Consi„
767 2526 802 2590 in
815 2526 871 2608 δ’).
887 2525 1059 2610 Excipitur
1072 2543 1172 2590 cesus
1187 2544 1254 2610 quo
1263 2523 1526 2609 quismoruliter
1539 2529 1624 2590 esset
1699 2598 1700 2614 χ

451 2651 613 2716 presens,
627 2631 707 2698 licet
720 2633 844 2698 absens
857 2633 1007 2717 physice,
1022 2633 1059 2697 in
1078 2633 1258 2710 territorio,
1275 2634 1363 2699 sicut
1376 2635 1549 2718 parochus
1561 2631 1623 2696 ille

447 2742 566 2824 gitime
582 2743 706 2807 absens
722 2746 883 2807 censetur
893 2759 956 2826 per
970 2759 1068 2807 suem
1083 2743 1273 2808 absentiam
1295 2741 1496 2826 delinquere
1515 2743 1553 2806 in
1567 2758 1624 2805 sua
1699 2759 1700 2820 i

447 2850 616 2934 parochie.
640 2849 734 2916 Unde
749 2867 820 2916 uon
835 2855 906 2916 tum
919 2850 1154 2917 consideretur
1170 2851 1352 2934 presentia
1369 2851 1512 2936 physice
1526 2865 1623 2934 quem

445 2957 594 3024 morulis.

484 3067 527 3132 lt
548 3068 576 3132 si
599 3085 745 3134 censura
761 3068 829 3134 lete
850 3069 894 3133 sit
908 3072 1147 3154 personaliter,
1173 3073 1328 3154 sequitur
1349 3075 1513 3136 naturum
1547 3087 1624 3154 prae-

444 3177 545 3262 cepti,
562 3181 598 3242 ct
612 3183 709 3242 extre
724 3178 934 3243 territorium
950 3179 1136 3244 incurritur
1148 3179 1193 3262 (S.
1214 3181 1298 3262 Lig„
1317 3179 1338 3244 l.
1357 3199 1398 3258 c,
1413 3199 1448 3243 n.
1468 3179 1536 3261 23),
1552 3178 1625 3242 licet
1699 3187 1700 3275 l

443 3289 561 3350 contra
586 3283 690 3351 talem
714 3285 973 3369 delinquentem
995 3305 1065 3352 nou
1087 3293 1204 3370 posset
1224 3306 1304 3353 cum
1329 3287 1475 3370 strepitu
1498 3283 1625 3352 lorensi
1699 3299 1700 3376 l

443 3391 574 3458 institui
590 3395 690 3459 ectio.

484 3501 514 3586 b)
530 3499 567 3566 ln
583 3520 669 3587 quos
685 3503 769 3568 elios
784 3520 938 3567 ccusurae
958 3521 1110 3586 capaces,
1132 3503 1212 3568 terri
1231 3509 1391 3587 nequent,
1412 3505 1458 3570 ob
1478 3500 1626 3588 speciale
1699 3515 1700 3588 ζ

442 3610 659 3694 privilegium
673 3611 730 3677 vel
742 3613 859 3678 cliter‘l
872 3615 904 3678 l·
919 3613 1084 3698 Episcopi,
1107 3634 1149 3680 ex
1170 3613 1307 3699 speciali
1324 3613 1511 3699 privilegio
1528 3612 1623 3697 juris,
1699 3626 1700 3680 Ξ

442 3739 485 3784 ex
497 3737 525 3784 c.
544 3720 608 3785 lh.
624 3726 647 3784 t.
661 3721 697 3786 in
711 3722 755 3800 6⁰,
767 3739 837 3786 uon
850 3721 1000 3804 ligentur
1010 3741 1155 3788 censure
1163 3723 1397 3808 suspensionis
1407 3728 1442 3788 et
1451 3720 1627 3787 interdicti

442 3829 506 3892 nisi
522 3847 641 3894 corum
656 3847 818 3914 expresse
832 3832 961 3896 mentio
976 3832 1045 3896 ssat.
1063 3831 1160 3898 Retio
1174 3837 1236 3910 est,
1255 3833 1333 3916 quie
1348 3831 1492 3915 expedit
1508 3851 1574 3896 seu
1588 3825 1626 3893 ad

442 3937 572 4002 bouum
586 3954 769 4002 commune
785 3937 941 4003 dioecesis
961 3944 1100 4022 spectet,
1123 3946 1162 4004 ut
1178 3941 1327 4024 episcopi
1346 3958 1416 4004 uon
1435 3939 1628 4024 impedian-
1699 3929 1700 3962 ³

443 4043 551 4108 turin
573 4045 733 4110 exercitio
757 4046 809 4110 sui
841 4046 953 4111 olsscii.
979 4047 1031 4111 Au
1054 4047 1271 4131 privilegium
1299 4047 1383 4113 illud
1415 4047 1628 4113 extendatur
1699 4111 1700 4142 3

440 4150 482 4216 ed
498 4169 678 4217 censorem
688 4153 1060 4231 excommunicationis,
1073 4154 1320 4240 disputentDD.
1331 4155 1541 4221 Communis
1553 4175 1627 4220 scu·

441 4259 546 4324 tentia
570 4265 675 4342 neget
696 4266 730 4325 ct
750 4260 848 4326 docet
867 4262 1045 4346 episcopos
1067 4263 1412 4330 excommunicationi
1430 4266 1628 4349 subjecere,

440 4367 573 4434 etiamsi
587 4369 623 4432 iu
636 4370 713 4450 loge
729 4369 771 4435 de
786 4371 852 4435 illis
865 4371 959 4438 nulle
971 4375 1102 4438 mentio
1116 4375 1186 4439 ssot.

478 4477 511 4540 2⁰
532 4476 643 4559 Reges
663 4483 698 4542 et
718 4479 858 4560 reginae,
881 4499 943 4545 seu
959 4482 1110 4565 supremi
1124 4482 1302 4567 principue,
1321 4481 1484 4568 quamvis
1502 4482 1630 4552 subditi

439 4582 507 4647 sint
527 4583 693 4668 episcopis
712 4586 748 4650 in
768 4587 1011 4671 spiritualibus,
1030 4592 1107 4672 jure
1132 4596 1249 4656 temen
1271 4610 1362 4658 novo
1384 4608 1458 4657 non
1480 4595 1631 4677 possunt

438 4689 533 4773 ligari
549 4691 701 4758 censuris
716 4693 781 4758 nisi
796 4695 928 4779 uPepn,
942 4702 975 4761 et
988 4697 1053 4764 hoo
1063 4697 1341 4783 estprivilcgium
1355 4698 1450 4783 quod
1465 4703 1521 4767 eis
1538 4700 1631 4766 attri-
