3482 5560
552 617 639 664 araas
657 617 794 673 6616166
815 615 1035 664 6666611666.
1312 596 1373 662 ela

198 736 298 796 monio
309 751 370 796 non
381 735 528 810 procedit;
546 733 1164 808 1666661666611166666116611166(1.1,
1179 734 1233 808 §l,
1244 733 1277 791 ll.
1288 733 1324 794 cle
1340 735 1371 794 V.

198 828 242 902 0.)
258 827 299 886 nd
316 831 343 885 3.
359 831 431 902 Neg.
445 841 568 901 conseq.
583 827 654 900 quia
668 841 839 885 consensus
856 825 1012 900 religionis
1026 825 1184 898 suppletur
1195 841 1212 882 6
1225 825 1303 898 jure,
1318 839 1372 882 seu

195 921 286 990 Papa,
302 933 356 976 666
372 917 504 991 generali
518 915 640 988 prealato
656 916 790 974 omnium
805 913 957 982 ordinum,
970 914 1021 986 qui
1033 927 1187 972 consensu
1201 912 1291 986 legali
1306 913 1372 970 loco

198 1007 352 1080 religionis
372 1011 505 1078 acceptat
526 1006 673 1079 ejusmodi
686 1005 929 1062 revalidutionem
948 1003 1155 1076 professionis,
1175 1003 1280 1060 saltem
1304 1007 1374 1075 post

198 1095 436 1168 quinquennium
458 1094 558 1170 (Trid,
582 1109 660 1152 sess.
677 1099 721 1160 11,
743 1109 769 1152 6.
787 1096 831 1162 lb,
847 1092 1054 1168 (bellegnium).
1069 1092 1111 1150 Ad
1126 1098 1154 1150 1.
1171 1090 1283 1150 Similis
1297 1091 1372 1148 ratio

198 1186 292 1245 currit
305 1186 335 1242 in
351 1190 454 1244 nostro
464 1199 548 1253 casu,
564 1185 636 1256 quia
649 1182 921 1242 consensusunius
935 1181 1116 1254 conjunctus
1126 1181 1196 1239 ficto
1211 1181 1373 1240 consensui

145 1287 148 1298 ·
197 1277 320 1335 alterius
341 1291 401 1332 non
426 1281 471 1332 cst
489 1288 659 1332 consensus
692 1271 935 1335 matrimonialis,
964 1271 1097 1344 adeoque
1124 1269 1315 1328 6666611611
1335 1270 1371 1327 ad

197 1365 421 1424 revalidandum
441 1364 676 1422 matrimonium.
699 1363 752 1420 llis
776 1376 836 1420 666
861 1361 1061 1432 obstantibus,
1083 1359 1178 1420 161661
1203 1359 1372 1434 6666611616

198 1455 376 1514 senteutiam
390 1469 454 1513 esse
468 1454 553 1513 valde
568 1453 763 1527 probabilem.

248 1638 290 1687 111.
306 1635 451 1698 Quomodo
466 1636 538 1688 alter
550 1633 654 1700 conjux
668 1633 813 1687 certiorari
826 1633 914 1698 possit
929 1633 964 1686 de
978 1631 1318 1687 661111616661111666111

239 1781 338 1864 Resp.
356 1783 386 1844 1ο
399 1780 434 1844 81
442 1800 485 1845 ex
493 1780 699 1845 revelatione
712 1778 1374 1862 66111161166611661111661616611661616

199 1888 358 1965 scandali,
375 1888 627 1962 diffamationis,
640 1887 848 1951 dimissionis
860 1886 999 1952 alterius
1010 1886 1116 1971 partis
1129 1891 1164 1950 et
1175 1886 1372 1962 liberorum,

198 2015 239 2062 eo
254 1997 343 2080 quod
358 2000 524 2079 conjuges
538 2002 656 2060 tenere
672 2014 708 2059 66
722 2001 848 2071 ament,
866 2001 947 2060 tunc
958 1995 1095 2061 nullitos
1110 1994 1211 2081 paulo
1224 1996 1374 2080 apertius

197 2105 341 2170 revelari
355 2109 480 2188 661661,
496 2123 528 2168 v.
546 2122 602 2185 g.:
621 2130 637 2164 c
653 2103 738 2167 Puto
753 2103 845 2188 quod
863 2122 906 2166 ex
918 2103 1032 2186 aliqua
1047 2121 1151 2168 causa
1165 2105 1374 2168 connubium
1414 2185 1417 2196 Ι

196 2213 364 2278 internos
378 2230 448 2277 666
472 2213 646 2290 subsistat,
671 2216 709 2275 ut
731 2230 813 2293 ergo
839 2212 954 2294 quiete
972 2211 1181 2276 conscientia
1204 2213 1373 2288 61666166,

197 2341 335 2386 rursum
349 2321 462 2403 accipe
476 2339 532 2384 me
547 2321 582 2384 in
599 2325 709 2398 tuum,
725 2319 812 2383 61661
833 2324 868 2383 61
881 2336 945 2399 ego
966 2323 999 2381 te
1013 2320 1139 2402 accipio
1160 2321 1196 2382 in
1217 2337 1341 2384 meam.
1357 2342 1372 2380 u

94 2431 105 2442 '
198 2429 330 2495 8161161
344 2447 483 2493 6666661
498 2423 608 2509 roget,
624 2431 765 2508 rogatus
781 2427 869 2491 dicat
882 2426 918 2489 in
939 2426 1002 2490 hec
1021 2445 1058 2489 re
1075 2417 1146 2491 non
1167 2445 1242 2493 6666
1258 2446 1375 2493 66666-

199 2540 323 2605 sariam
348 2538 619 2622 responsionem.
645 2536 679 2602 Si
701 2555 784 2602 vero
800 2535 914 2601 dicat:
939 2534 1091 2612 «Placet,
1116 2538 1305 2615 consentio,
1338 2543 1375 2602 ut

199 2665 335 2731 semper
347 2665 447 2712 meus
463 2647 541 2723 6116,
566 2671 582 2705 a
605 2649 682 2723 616.,
702 2648 776 2730 jam
790 2649 950 2708 censetur
960 2634 1187 2709 revalidatum
1201 2647 1375 2711 matrimo-

198 2756 304 2819 nium.
321 2757 354 2818 b‘
369 2755 403 2818 Si
424 2773 466 2819 ex
489 2758 606 2838 aperta
627 2752 837 2818 revelatione
849 2751 1014 2817 nullitatis
1029 2753 1194 2818 timentur
1214 2741 1375 2836 praediota

197 2863 303 2938 mala,
319 2861 519 2928 revalidatio
532 2862 608 2926 fleri
625 2866 739 2944 potest
752 2860 856 2925 modo
879 2861 1086 2936 obscuriore,
1112 2881 1145 2926 6.
1170 2881 1203 2943 g.
1221 2881 1229 2924 :
1249 2883 1264 2918 a
1289 2859 1375 2924 (lesu

199 2990 266 3054 quo
283 2976 342 3038 166
357 2974 484 3054 conjux
498 2988 569 3034 uon
584 2987 707 3047 essem,
729 2968 834 3059 modo
856 2972 970 3032 tecum
988 2969 1152 3033 contraho
1173 2972 1207 3032 et
1222 2968 1374 3033 debitum

176 3081 258 3143 -tibi
279 3079 400 3154 reddo;
421 3105 436 3137 a
457 3084 538 3142 tunc
563 3077 664 3154 enim,
687 3077 716 3141 si
738 3097 816 3160 pars
841 3077 947 3142 altera
971 3077 1162 3144 consentiat
1185 3081 1220 3141 et
1234 3078 1297 3141 sub
1311 3077 1375 3142 hoc

197 3187 301 3252 modo
319 3187 472 3250 debitum
486 3187 642 3270 accipiat,
665 3204 746 3250 vere
762 3185 803 3250 de
830 3203 922 3250 6666
946 3186 1121 3250 consensit
1142 3186 1178 3250 in
1202 3185 1375 3250 matrimo-

198 3295 308 3372 nium,
326 3314 396 3359 non
424 3313 506 3360 vero
533 3295 673 3378 6166166
700 3300 845 3360 1666661
870 3295 1123 3379 praecedentem
1147 3300 1370 3360 contractum.

198 3403 231 3465 3⁰
246 3403 279 3466 Si
296 3403 436 3467 6661616
451 3403 575 3467 modus
598 3421 738 3467 6666166
761 3404 815 3480 611,
835 3421 876 3467 66
892 3403 983 3486 quod
1005 3403 1149 3468 maritus
1170 3403 1206 3466 in
1229 3403 1294 3467 hoc
1317 3419 1374 3484 ge-

198 3528 280 3573 nere
295 3509 460 3601 loquendi
473 3511 517 3574 sit
531 3511 649 3575 doctus
665 3515 699 3576 61
713 3510 796 3575 alias
808 3509 955 3574 libenter
968 3509 1072 3574 vellet
1088 3513 1268 3593 aconjuge
1281 3529 1375 3594 sepa·

198 3619 276 3695 rari,
298 3623 378 3682 tunc
396 3620 433 3682 in
453 3618 516 3684 hac
530 3624 684 3684 extrema
703 3618 905 3683 necessitate
924 3617 1051 3682 servire
1065 3619 1191 3702 poterit
1207 3619 1376 3683 sententia

92 3713 96 3720 ’
199 3725 395 3806 probabilis,
417 3727 543 3792 docens
565 3727 720 3790 sufficere
740 3727 770 3789 si
793 3744 871 3808 pars
896 3725 1033 3789 conscia
1056 3725 1303 3809 impedimenti,
1334 3743 1374 3790 eo
1409 3743 1416 3752 ·

200 3831 343 3908 sublato,
361 3833 567 3898 sensibiliter
580 3853 682 3898 suum
696 3851 904 3899 consensum
918 3837 1062 3897 renovet
1073 3834 1202 3916 absque
1214 3851 1376 3916 expressa

199 3941 374 4006 mentione
398 3943 578 4020 nullitatis,
604 3963 637 4008 6.
666 3963 700 4024 g.
732 3963 740 4006 :
770 3968 786 4002 «
810 3941 1004 4018 Carissimo,
1031 3959 1096 4024 ego
1127 3947 1160 4006 te
1189 3942 1315 4024 accipio
1340 3942 1375 4005 in

198 4067 326 4126 meum,
341 4073 356 4106 e
376 4057 410 4115 et
424 4052 452 4114 si
464 4053 718 4117 circumstantia
730 4051 868 4134 patitur,
879 4075 894 4108 1
905 4049 1011 4114 reddo
1026 4048 1082 4113 vel
1096 4049 1238 4114 reddam
1249 4048 1309 4112 tibi
1322 4047 1376 4111 de·

199 4157 318 4233 bitum,
334 4163 373 4222 ut
385 4161 524 4243 conjugi
536 4179 614 4225 mec
629 4181 635 4222 :
648 4183 664 4217 a
680 4178 762 4224 nam
776 4159 964 4222 necessitas
980 4159 1047 4222 ista
1060 4159 1260 4223 cohonestat
1274 4173 1376 4218 usum

167 4287 171 4300 ·
198 4263 301 4347 hujus
331 4266 527 4348 opinionis),
565 4266 699 4344 866616,
729 4267 841 4342 Palae,
879 4263 1034 4343 ilerden,
1066 4264 1196 4339 Gabai,
1227 4262 1373 4344 Sporer,

162 4411 166 4420 ·
198 4370 327 4450 16666,
344 4371 426 4449 Set,
441 4373 590 4458 Henriq,
608 4380 670 4440 616.
688 4376 732 4458 (1)

231 4517 265 4582 (1)
278 4517 337 4568 1166
356 4533 430 4570 mera
446 4519 536 4570 minor
550 4520 730 4585 probabilitas,
754 4521 801 4572 sed
823 4521 909 4586 epilrie
928 4521 955 4570 in
976 4532 1039 4569 casu
1052 4517 1216 4568 necessitatis
1230 4516 1299 4566 circa
1318 4527 1374 4566 rem

200 4593 393 4656 dependentem
412 4609 428 4644 6
450 4595 585 4646 liberrima
604 4597 741 4648 voluntate
759 4597 917 4661 legislatoris
939 4594 1050 4646 humani
1068 4595 1096 4643 in
1118 4593 1241 4643 16116666
1258 4594 1375 4642 excusat.

199 4667 274 4732 (Vide
290 4670 390 4730 116611,
406 4671 451 4721 Tb.
469 4686 544 4732 mor..
559 4676 592 4723 tr.
608 4685 654 4737 16,
669 4673 681 4736 ξ
694 4677 717 4738 1,
729 4687 754 4738 q,
771 4673 862 4735 lit-20.)

230 4743 296 4796 Vide
315 4749 405 4796 notam
424 4747 457 4798 ad
474 4761 502 4800 6.
521 4749 560 4810 53,
577 4749 602 4812 3,
619 4752 646 4799 61
662 4751 688 4800 S.
711 4749 777 4814 big,
799 4747 976 4810 1116616666,
1000 4760 1027 4798 6.
1049 4745 1120 4809 titt,
1139 4745 1185 4797 lib.
1208 4745 1249 4797 Vl.
1267 4744 1376 4810 Oportet
