3418 5566
349 475 410 540 339
810 491 860 536 JUS
880 491 1059 540 canonicum.

350 609 513 677 absolutis
529 627 590 695 pro
604 610 679 675 foro
699 613 859 688 exterum
876 610 986 676 sedin
999 612 1064 677 boc
1079 610 1254 678 convictus
1276 610 1457 676 damnatur
1473 611 1518 676 ad

348 737 487 802 poenam
501 722 535 782 et
549 717 733 782 vindictam
746 718 929 802 publicam:

390 827 455 891 Sed
468 825 586 890 nullibi
600 828 767 910 reperitur
779 847 938 912 expressa
955 827 1030 893 talis
1044 828 1213 910 delegatio
1226 849 1233 906 ;
1255 834 1289 894 ot
1302 834 1411 893 coust.
1429 830 1519 914 Apo-

318 938 320 946 ’
350 938 472 1002 stoiicac
482 936 579 1002 Sedis
589 937 742 1002 absolute
753 943 906 1004 reservat
919 940 1048 1004 crimen
1061 939 1201 1017 haeresis
1213 943 1389 1005 etreoocat
1400 957 1520 1004 omnes

348 1045 525 1120 facultates
533 1047 720 1129 generales.
731 1047 801 1114 lmo
812 1049 893 1132 ipsis
900 1049 1157 1133 inquisitoribus
1166 1050 1297 1115 sublata
1307 1053 1370 1126 est,
1382 1047 1522 1113 exbulla

351 1155 474 1231 Cena,
485 1157 666 1220 auctoritas
680 1158 879 1222 absolvendi
894 1160 936 1223 ab
957 1158 1079 1223 haeresi
1095 1163 1252 1236 externa3
1275 1157 1336 1222 sed
1350 1157 1520 1242 ejusmodi

299 1305 301 1310 .
348 1269 500 1349 potestas
514 1263 579 1328 illis
594 1269 695 1330 antea
708 1266 820 1330 iuerat
833 1285 1005 1332 concessa.

388 1372 421 1436 3⁰
434 1371 552 1437 luioro
567 1374 696 1437 interno
712 1375 887 1439 absolvere
904 1378 1130 1458 possuntjure
1143 1375 1325 1452 ordinario,
1343 1379 1378 1440 et
1386 1375 1519 1441 secluso

348 1479 525 1564 privilegio
539 1475 685 1564 speciali,
703 1500 782 1546 eum
798 1483 855 1566 qui
872 1483 915 1547 oh
935 1483 1217 1567 impedimentum
1241 1489 1444 1566 perpetuum
1465 1483 1521 1547 vel
1546 1566 1550 1574 Ι

348 1590 392 1654 ad
406 1587 546 1669 longum
561 1593 695 1671 tempus
710 1589 911 1654 duraturum
929 1591 1128 1673 prehibetur
1147 1591 1239 1655 adire
1260 1591 1292 1655 S.
1310 1591 1518 1655 Pontificem.

349 1693 399 1762 lto
411 1698 636 1762 communiter
650 1695 720 1776 OG„
737 1701 771 1762 et
785 1699 871 1762 ratio
890 1703 951 1776 est,
976 1699 1055 1782 quia
1074 1717 1174 1764 casus
1193 1698 1335 1783 papalis,
1359 1717 1521 1782 superve-

349 1806 464 1870 niente
479 1805 733 1889 impedimento,
750 1806 789 1869 lit
802 1805 1012 1890 episcopalis.
1035 1804 1210 1887 Colligitur
1231 1824 1274 1869 ax
1297 1824 1325 1872 o.
1340 1807 1389 1883 l3,
1403 1807 1453 1882 ab,
1467 1806 1518 1882 58,

350 1914 392 1978 dc
406 1913 500 1980 Scut.
518 1933 677 1980 cecommr
687 1915 795 1980 Debet
806 1919 922 1980 tamen
937 1914 1127 1998 episcopus,
1137 1915 1173 1978 in
1187 1932 1268 1980 casu
1282 1914 1519 1999 impedimenti

349 2025 570 2106 temporanei,
587 2021 764 2090 absolvere
784 2023 998 2099 haereticum
1018 2023 1077 2087 sed
1098 2023 1146 2087 ita
1162 2022 1317 2088 absoluto
1341 2023 1404 2086 sub
1420 2025 1514 2104 jura·

349 2136 466 2195 mento
491 2133 670 2216 injungere
700 2137 752 2196 est
774 2136 823 2206 ut,
853 2136 1009 2196 cessante
1033 2131 1288 2214 impedimento,
1312 2131 1455 2196 Romam
1482 2149 1519 2196 so

349 2239 509 2302 conferat.
525 2237 574 2303 lta
585 2239 776 2304 communis
791 2237 1172 2304 sententiacontraillos
1187 2239 1243 2321 qui
1254 2242 1375 2320 putant
1387 2237 1516 2302 inlocis

349 2346 588 2411 remotionibus
599 2346 777 2430 episcopos
786 2345 1031 2429 prescripsisse
1040 2346 1312 2428 jurisdictionem
1320 2345 1519 2411 absolvendi

227 2527 230 2532 Ι
350 2453 529 2536 impeditos
544 2453 616 2519 sine
632 2472 748 2519 onere.

388 2562 438 2626 Ad
454 2561 677 2645 questionem
702 2560 897 2643 generalem
917 2580 961 2626 an
980 2562 1129 2645 episcopi
1152 2561 1329 2628 absolvere
1352 2563 1520 2646 possiuta

349 2671 501 2735 censuris
515 2669 615 2734 bullae
629 2667 740 2735 Coencc
755 2671 826 2752 (seu
842 2670 978 2752 speciali
991 2670 1094 2736 modo
1116 2671 1309 2753 reservatis)
1337 2671 1520 2754 impeditos

350 2779 494 2844 Romam
507 2778 610 2855 adire,
627 2777 660 2842 S.
671 2777 739 2860 Lig.
756 2777 789 2859 (l.
805 2778 871 2856 Vll,
885 2798 918 2843 n.
929 2779 981 2860 84)
993 2778 1192 2862 respondet:
1208 2778 1360 2844 «Adsunt
1370 2785 1521 2846 trassen-

351 2886 464 2951 tentiae
473 2907 480 2950 ε
489 2885 759 2969 primaabsolute
774 2890 888 2968 negat.
901 2887 1055 2952 Secunda
1065 2887 1219 2952 concedit
1231 2888 1396 2972 episcopis
1409 2889 1520 2954 absol·

261 3029 264 3036 ·
350 3013 430 3059 vere
458 3013 479 3059 a
505 2995 634 3072 caeteris
662 2995 807 3071 casibus,
834 2996 893 3060 sed
921 2999 1025 3078 negat
1051 2995 1094 3059 ab
1120 2995 1280 3061 haercsi...
1309 2995 1421 3060 Tertia
1445 3015 1522 3060 sen-

350 3103 458 3167 tentia
487 3102 695 3179 communis,
739 3103 793 3167 cui
829 3103 1020 3181 subscribo,
1066 3103 1164 3169 decet
1207 3104 1386 3187 episcopos
1418 3121 1520 3186 posse

350 3229 412 3294 per
432 3230 469 3275 se
490 3211 544 3275 vel
563 3230 623 3295 per
645 3211 729 3284 alios
744 3213 787 3277 ab
802 3212 850 3276 eis
869 3212 1057 3296 specialiter
1078 3211 1263 3293 delegatos,
1285 3211 1463 3277 absolvere
1484 3214 1520 3276 in

351 3327 494 3402 utroque
506 3321 581 3400 soro
596 3319 747 3402 legitime
768 3321 949 3403 impeditos
969 3321 1011 3385 ab
1030 3320 1188 3384 omnibus
1206 3319 1340 3384 casibus
1360 3323 1394 3383 et
1417 3319 1519 3384 etiam

352 3429 395 3492 ab
408 3429 539 3506 haeresi,
563 3432 714 3513 praestito
738 3434 854 3495 tamen
865 3434 1063 3512 juramento
1079 3430 1122 3495 ab
1136 3447 1177 3494 eo
1194 3429 1252 3513 qui
1276 3427 1463 3494 absolvitur
1476 3429 1519 3492 de

353 3554 389 3599 se
404 3536 639 3619 praeseutando
652 3543 771 3620 postea
785 3537 961 3620 superiori.
971 3562 987 3596 u
1003 3536 1069 3602 Sed
1084 3537 1124 3602 de
1138 3540 1307 3621 potestate
1320 3535 1520 3603 absolvendi

353 3642 661 3726 impeditospostea
677 3645 786 3709 fusius
801 3646 922 3725 agitur.

391 3749 424 3813 4⁰
437 3750 628 3816 Notandum
641 3757 693 3816 est
706 3753 798 3836 quod
812 3754 875 3817 sub
889 3752 1047 3818 facultate
1062 3752 1213 3835 generali
1227 3751 1425 3818 absolvendi
1437 3771 1457 3816 a
1469 3768 1524 3816 ca-

354 3861 446 3924 sibus
460 3861 651 3938 reservatis,
666 3880 828 3926 concessa
833 3880 896 3945 pro
907 3866 1059 3946 tempore
1067 3860 1207 3945 jubilaei,
1218 3880 1288 3926 non
1303 3861 1523 3944 comprehen-

354 3968 444 4032 ditur
458 3968 598 4034 facultas
613 3969 811 4035 absolvendi
825 3971 866 4035 ab
880 3971 1012 4035 haeresi.
1026 3969 1113 4034 Olim
1124 3975 1221 4036 erant
1233 3970 1308 4035 duee
1324 3969 1521 4044 sententiae;

355 4078 415 4142 sed
428 4078 529 4143 hodie
545 4079 630 4143 datae
641 4083 722 4142 suut
734 4084 859 4163 apertae
883 4079 1126 4146 declarationes
1142 4079 1236 4144 Sedis
1251 4077 1463 4161 spostolicae.

393 4187 425 4249 5⁰
440 4187 558 4262 Quoad
570 4187 858 4269 dispensationem
872 4189 914 4252 ab
927 4186 1174 4269 irregularitate
1194 4191 1366 4254 contracta
1381 4205 1443 4269 per
1454 4185 1523 4250 lrae-

355 4296 470 4372 resim‚
496 4313 598 4377 supra
618 4296 775 4361 diximus.
800 4297 848 4360 De
871 4295 1030 4361 facultate
1055 4295 1254 4360 absolvendi
1280 4296 1322 4360 ab
1347 4294 1468 4359 haeresi
1489 4299 1525 4358 et

355 4405 703 4470 excommunicatione
718 4423 779 4489 per
790 4405 898 4486 ipsam
912 4405 1058 4480 incursa,
1077 4402 1190 4487 quoad
1204 4403 1408 4467 constitutos
1421 4402 1458 4464 in
1471 4419 1523 4465 ar·

357 4509 458 4575 ticulo
473 4513 603 4588 mortis,
615 4512 706 4577 idem
725 4514 825 4597 plane
840 4512 1020 4578 dicendum
1041 4517 1093 4576 est
1109 4529 1147 4576 ac
1162 4512 1203 4576 de
1223 4513 1390 4593 potestate
1415 4508 1524 4574 absol-

357 4619 458 4684 vendi
474 4622 516 4686 ab
532 4621 836 4702 omnibuscasibus
851 4622 986 4706 speciali
1000 4622 1102 4687 modo
1117 4620 1310 4686 reservatis.
