<?xml version="1.0" encoding="UTF-8"?>
<!DOCTYPE html PUBLIC "-//W3C//DTD XHTML 1.0 Transitional//EN"
    "http://www.w3.org/TR/xhtml1/DTD/xhtml1-transitional.dtd">
<html xmlns="http://www.w3.org/1999/xhtml" xml:lang="en" lang="en">
 <head>
  <title>
</title>
<meta http-equiv="Content-Type" content="text/html;charset=utf-8" />
  <meta name='ocr-system' content='tesseract 3.04.00' />
  <meta name='ocr-capabilities' content='ocr_page ocr_carea ocr_par ocr_line ocrx_word'/>
</head>
<body>
  <div class='ocr_page' id='page_1' title='image "./juscanonicumjux01grangoog/juscanonicumjux01grangoog_0688.png"; bbox 0 0 3388 5582; ppageno 0'>
   <div class='ocr_carea' id='block_1_1' title="bbox 390 503 1104 598">
    <p class='ocr_par' dir='ltr' id='par_1_1' title="bbox 390 503 1104 598">
     <span class='ocr_line' id='line_1_1' title="bbox 390 503 1104 598; baseline -0.008 0"><span class='ocrx_word' id='word_1_1' title='bbox 390 531 451 598; x_wconf 77' lang='lat' dir='ltr'>ott</span> <span class='ocrx_word' id='word_1_2' title='bbox 512 503 522 518; x_wconf 82' lang='lat'>.</span> <span class='ocrx_word' id='word_1_3' title='bbox 851 547 903 594; x_wconf 81' lang='lat' dir='ltr'>tus</span> <span class='ocrx_word' id='word_1_4' title='bbox 924 547 1104 594; x_wconf 81' lang='lat' dir='ltr'>cuuourcorr.</span> 
     </span>
    </p>
   </div>
   <div class='ocr_carea' id='block_1_2' title="bbox 391 645 1574 912">
    <p class='ocr_par' dir='ltr' id='par_1_2' title="bbox 391 645 1574 912">
     <span class='ocr_line' id='line_1_2' title="bbox 391 645 1572 740; baseline -0.006 -9"><span class='ocrx_word' id='word_1_5' title='bbox 391 678 426 731; x_wconf 88' lang='lat' dir='ltr'>ut</span> <span class='ocrx_word' id='word_1_6' title='bbox 440 669 626 730; x_wconf 85' lang='lat' dir='ltr'>consecratio</span> <span class='ocrx_word' id='word_1_7' title='bbox 641 668 787 739; x_wconf 83' lang='lat' dir='ltr'>ccclesiae,</span> <span class='ocrx_word' id='word_1_8' title='bbox 803 645 941 740; x_wconf 81' lang='lat' dir='ltr'>celicum,</span> <span class='ocrx_word' id='word_1_9' title='bbox 959 675 1016 728; x_wconf 91' lang='lat' dir='ltr'>etc.</span> <span class='ocrx_word' id='word_1_10' title='bbox 1032 671 1177 728; x_wconf 84' lang='lat' dir='ltr'>Praeterea</span> <span class='ocrx_word' id='word_1_11' title='bbox 1191 666 1308 738; x_wconf 76' lang='lat' dir='ltr'>electio,</span> <span class='ocrx_word' id='word_1_12' title='bbox 1327 666 1514 740; x_wconf 86' lang='lat' dir='ltr'>postulatio,</span> <span class='ocrx_word' id='word_1_13' title='bbox 1528 666 1572 725; x_wconf 87' lang='lat' dir='ltr'>ml</span> 
     </span>
     <span class='ocr_line' id='line_1_3' title="bbox 391 757 1574 832; baseline -0.004 -13"><span class='ocrx_word' id='word_1_14' title='bbox 391 761 463 820; x_wconf 88' lang='lat' dir='ltr'>latio</span> <span class='ocrx_word' id='word_1_15' title='bbox 486 761 634 832; x_wconf 86' lang='lat' dir='ltr'>beneficii,</span> <span class='ocrx_word' id='word_1_16' title='bbox 653 766 682 819; x_wconf 90' lang='lat' dir='ltr'>ot</span> <span class='ocrx_word' id='word_1_17' title='bbox 702 761 753 820; x_wconf 88' lang='lat' dir='ltr'>alii</span> <span class='ocrx_word' id='word_1_18' title='bbox 772 764 858 819; x_wconf 90' lang='lat' dir='ltr'>actus</span> <span class='ocrx_word' id='word_1_19' title='bbox 882 775 960 832; x_wconf 88' lang='lat' dir='ltr'>quos</span> <span class='ocrx_word' id='word_1_20' title='bbox 984 757 1119 818; x_wconf 79' lang='lat' dir='ltr'>Ecclesia</span> <span class='ocrx_word' id='word_1_21' title='bbox 1141 757 1206 820; x_wconf 80' lang='lat' dir='ltr'>uult</span> <span class='ocrx_word' id='word_1_22' title='bbox 1234 773 1306 818; x_wconf 86' lang='lat' dir='ltr'>csse</span> <span class='ocrx_word' id='word_1_23' title='bbox 1328 773 1435 830; x_wconf 88' lang='lat' dir='ltr'>puros</span> <span class='ocrx_word' id='word_1_24' title='bbox 1452 761 1483 816; x_wconf 89' lang='lat' dir='ltr'>et</span> <span class='ocrx_word' id='word_1_25' title='bbox 1504 757 1574 815; x_wconf 82' lang='lat' dir='ltr'>abso</span> 
     </span>
     <span class='ocr_line' id='line_1_4' title="bbox 391 851 483 912; baseline 0 -2"><span class='ocrx_word' id='word_1_26' title='bbox 391 851 483 912; x_wconf 90' lang='lat' dir='ltr'>lutos.</span> 
     </span>
    </p>
   </div>
   <div class='ocr_carea' id='block_1_3' title="bbox 918 959 1042 1011">
    <p class='ocr_par' dir='ltr' id='par_1_3' title="bbox 918 959 1042 1011">
     <span class='ocr_line' id='line_1_5' title="bbox 918 959 1042 1011; baseline 0 0"><span class='ocrx_word' id='word_1_27' title='bbox 918 960 991 1011; x_wconf 76' lang='lat' dir='ltr'>liccat</span> <span class='ocrx_word' id='word_1_28' title='bbox 1004 959 1042 1011; x_wconf 89' lang='grc' dir='ltr'>ΙΙΙ.</span> 
     </span>
    </p>
   </div>
   <div class='ocr_carea' id='block_1_4' title="bbox 391 1123 1575 1290">
    <p class='ocr_par' dir='ltr' id='par_1_4' title="bbox 391 1123 1575 1290">
     <span class='ocr_line' id='line_1_6' title="bbox 428 1123 1575 1197; baseline -0.004 -12"><span class='ocrx_word' id='word_1_29' title='bbox 428 1127 470 1185; x_wconf 88' lang='lat' dir='ltr'>Ll.</span> <span class='ocrx_word' id='word_1_30' title='bbox 486 1124 583 1186; x_wconf 86' lang='lat' dir='ltr'>Semel</span> <span class='ocrx_word' id='word_1_31' title='bbox 596 1125 881 1197; x_wconf 71' lang='lat' dir='ltr'>medicanimum</span> <span class='ocrx_word' id='word_1_32' title='bbox 894 1125 1092 1186; x_wconf 76' lang='lat' dir='ltr'>octodecim</span> <span class='ocrx_word' id='word_1_33' title='bbox 1117 1125 1272 1185; x_wconf 71' lang='lat' dir='ltr'>mutinam</span> <span class='ocrx_word' id='word_1_34' title='bbox 1292 1126 1435 1186; x_wconf 69' lang='lat' dir='ltr'>otterici</span> <span class='ocrx_word' id='word_1_35' title='bbox 1461 1123 1575 1194; x_wconf 75' lang='lat' dir='ltr'>monste-</span> 
     </span>
     <span class='ocr_line' id='line_1_7' title="bbox 391 1215 1575 1290; baseline -0.007 -13"><span class='ocrx_word' id='word_1_36' title='bbox 391 1216 531 1277; x_wconf 61' lang='lat' dir='ltr'>romdom,</span> <span class='ocrx_word' id='word_1_37' title='bbox 552 1215 600 1274; x_wconf 89' lang='lat' dir='ltr'>Sic</span> <span class='ocrx_word' id='word_1_38' title='bbox 614 1215 788 1290; x_wconf 82' lang='lat' dir='ltr'>religiosus,</span> <span class='ocrx_word' id='word_1_39' title='bbox 802 1231 909 1274; x_wconf 81' lang='lat' dir='ltr'>seruus</span> <span class='ocrx_word' id='word_1_40' title='bbox 924 1215 1065 1276; x_wconf 83' lang='lat' dir='ltr'>Ecclesiae</span> <span class='ocrx_word' id='word_1_41' title='bbox 1078 1216 1219 1286; x_wconf 69' lang='lat' dir='ltr'>donatus</span> <span class='ocrx_word' id='word_1_42' title='bbox 1235 1215 1346 1274; x_wconf 81' lang='lat' dir='ltr'>calices</span> <span class='ocrx_word' id='word_1_43' title='bbox 1365 1221 1400 1274; x_wconf 92' lang='lat' dir='ltr'>et</span> <span class='ocrx_word' id='word_1_44' title='bbox 1426 1215 1488 1274; x_wconf 88' lang='lat' dir='ltr'>alia</span> <span class='ocrx_word' id='word_1_45' title='bbox 1502 1227 1575 1272; x_wconf 82' lang='lat' dir='ltr'>sacra</span> 
     </span>
    </p>
   </div>
   <div class='ocr_carea' id='block_1_5' title="bbox 297 1301 1575 1378">
    <p class='ocr_par' dir='ltr' id='par_1_5' title="bbox 297 1301 1575 1378">
     <span class='ocr_line' id='line_1_8' title="bbox 297 1301 1575 1378; baseline -0.005 -14"><span class='ocrx_word' id='word_1_46' title='bbox 297 1361 302 1372; x_wconf 82' lang='lat'>‚</span> <span class='ocrx_word' id='word_1_47' title='bbox 392 1321 453 1364; x_wconf 93' lang='lat' dir='ltr'>non</span> <span class='ocrx_word' id='word_1_48' title='bbox 468 1309 541 1364; x_wconf 88' lang='lat' dir='ltr'>sunt</span> <span class='ocrx_word' id='word_1_49' title='bbox 555 1305 591 1362; x_wconf 87' lang='lat' dir='ltr'>ad</span> <span class='ocrx_word' id='word_1_50' title='bbox 607 1319 684 1364; x_wconf 89' lang='lat' dir='ltr'>usus</span> <span class='ocrx_word' id='word_1_51' title='bbox 698 1303 841 1378; x_wconf 81' lang='lat' dir='ltr'>profanos</span> <span class='ocrx_word' id='word_1_52' title='bbox 855 1304 1050 1374; x_wconf 84' lang='lat' dir='ltr'>retrahenda,</span> <span class='ocrx_word' id='word_1_53' title='bbox 1070 1305 1131 1363; x_wconf 89' lang='lat' dir='ltr'>nisi</span> <span class='ocrx_word' id='word_1_54' title='bbox 1146 1305 1314 1364; x_wconf 82' lang='lat' dir='ltr'>necessitas</span> <span class='ocrx_word' id='word_1_55' title='bbox 1328 1310 1359 1363; x_wconf 89' lang='lat' dir='ltr'>et</span> <span class='ocrx_word' id='word_1_56' title='bbox 1386 1306 1493 1378; x_wconf 84' lang='lat' dir='ltr'>pietas</span> <span class='ocrx_word' id='word_1_57' title='bbox 1507 1301 1575 1360; x_wconf 87' lang='lat' dir='ltr'>atiud</span> 
     </span>
    </p>
   </div>
   <div class='ocr_carea' id='block_1_6' title="bbox 390 1393 1575 2371">
    <p class='ocr_par' dir='ltr' id='par_1_6' title="bbox 391 1393 1575 1740">
     <span class='ocr_line' id='line_1_9' title="bbox 392 1393 1575 1470; baseline -0.007 -14"><span class='ocrx_word' id='word_1_58' title='bbox 392 1397 527 1467; x_wconf 84' lang='lat' dir='ltr'>suadeat,</span> <span class='ocrx_word' id='word_1_59' title='bbox 541 1412 569 1456; x_wconf 81' lang='lat' dir='ltr'>v.</span> <span class='ocrx_word' id='word_1_60' title='bbox 585 1411 615 1470; x_wconf 86' lang='lat' dir='ltr'>g.</span> <span class='ocrx_word' id='word_1_61' title='bbox 630 1401 663 1454; x_wconf 94' lang='lat' dir='ltr'>ut</span> <span class='ocrx_word' id='word_1_62' title='bbox 676 1395 785 1456; x_wconf 83' lang='lat' dir='ltr'>calices</span> <span class='ocrx_word' id='word_1_63' title='bbox 799 1395 944 1454; x_wconf 85' lang='lat' dir='ltr'>contracti</span> <span class='ocrx_word' id='word_1_64' title='bbox 958 1395 1129 1454; x_wconf 83' lang='lat' dir='ltr'>vendantur</span> <span class='ocrx_word' id='word_1_65' title='bbox 1143 1411 1197 1470; x_wconf 87' lang='lat' dir='ltr'>pro</span> <span class='ocrx_word' id='word_1_66' title='bbox 1217 1395 1435 1468; x_wconf 82' lang='lat' dir='ltr'>redemptione</span> <span class='ocrx_word' id='word_1_67' title='bbox 1458 1393 1575 1466; x_wconf 87' lang='lat' dir='ltr'>captim·</span> 
     </span>
     <span class='ocr_line' id='line_1_10' title="bbox 391 1483 1574 1560; baseline -0.006 -15"><span class='ocrx_word' id='word_1_68' title='bbox 391 1501 471 1557; x_wconf 89' lang='lat' dir='ltr'>rum,</span> <span class='ocrx_word' id='word_1_69' title='bbox 495 1487 575 1544; x_wconf 84' lang='lat' dir='ltr'>victu</span> <span class='ocrx_word' id='word_1_70' title='bbox 588 1500 753 1559; x_wconf 87' lang='lat' dir='ltr'>pauperum</span> <span class='ocrx_word' id='word_1_71' title='bbox 769 1487 846 1560; x_wconf 90' lang='lat' dir='ltr'>(cau.</span> <span class='ocrx_word' id='word_1_72' title='bbox 863 1491 908 1557; x_wconf 86' lang='lat'>70,</span> <span class='ocrx_word' id='word_1_73' title='bbox 923 1486 1051 1558; x_wconf 75' lang='lat' dir='ltr'>Aurum,</span> <span class='ocrx_word' id='word_1_74' title='bbox 1068 1490 1111 1555; x_wconf 76' lang='grc' dir='ltr'>Ιι,</span> <span class='ocrx_word' id='word_1_75' title='bbox 1128 1501 1157 1558; x_wconf 91' lang='lat' dir='ltr'>q.</span> <span class='ocrx_word' id='word_1_76' title='bbox 1178 1486 1215 1560; x_wconf 77' lang='lat' dir='ltr'>t).</span> <span class='ocrx_word' id='word_1_77' title='bbox 1242 1485 1299 1544; x_wconf 88' lang='lat' dir='ltr'>Sed</span> <span class='ocrx_word' id='word_1_78' title='bbox 1317 1486 1378 1543; x_wconf 90' lang='lat' dir='ltr'>bac</span> <span class='ocrx_word' id='word_1_79' title='bbox 1406 1483 1574 1558; x_wconf 79' lang='lat' dir='ltr'>regulanoc</span> 
     </span>
     <span class='ocr_line' id='line_1_11' title="bbox 391 1572 1575 1649; baseline -0.006 -14"><span class='ocrx_word' id='word_1_80' title='bbox 391 1577 584 1635; x_wconf 89' lang='lat' dir='ltr'>continentur</span> <span class='ocrx_word' id='word_1_81' title='bbox 599 1576 811 1649; x_wconf 88' lang='lat' dir='ltr'>possessiones</span> <span class='ocrx_word' id='word_1_82' title='bbox 833 1575 984 1646; x_wconf 81' lang='lat' dir='ltr'>Ecclesiae,</span> <span class='ocrx_word' id='word_1_83' title='bbox 1000 1589 1068 1648; x_wconf 85' lang='lat' dir='ltr'>quae</span> <span class='ocrx_word' id='word_1_84' title='bbox 1091 1576 1127 1634; x_wconf 86' lang='lat' dir='ltr'>ed</span> <span class='ocrx_word' id='word_1_85' title='bbox 1150 1579 1299 1649; x_wconf 86' lang='lat' dir='ltr'>emptores</span> <span class='ocrx_word' id='word_1_86' title='bbox 1329 1575 1434 1633; x_wconf 86' lang='lat' dir='ltr'>laicos</span> <span class='ocrx_word' id='word_1_87' title='bbox 1460 1572 1575 1631; x_wconf 83' lang='lat' dir='ltr'>transm</span> 
     </span>
     <span class='ocr_line' id='line_1_12' title="bbox 391 1673 534 1740; baseline -0.007 -16"><span class='ocrx_word' id='word_1_88' title='bbox 391 1673 534 1740; x_wconf 89' lang='lat' dir='ltr'>possunt.</span> 
     </span>
    </p>

    <p class='ocr_par' dir='ltr' id='par_1_7' title="bbox 390 1750 1575 2282">
     <span class='ocr_line' id='line_1_13' title="bbox 426 1750 1575 1832; baseline -0.006 -17"><span class='ocrx_word' id='word_1_89' title='bbox 426 1759 482 1816; x_wconf 83' lang='grc' dir='ltr'>ΙΙΙ.</span> <span class='ocrx_word' id='word_1_90' title='bbox 507 1757 573 1816; x_wconf 83' lang='lat' dir='ltr'>Noc</span> <span class='ocrx_word' id='word_1_91' title='bbox 594 1761 725 1830; x_wconf 73' lang='lat' dir='ltr'>prostat</span> <span class='ocrx_word' id='word_1_92' title='bbox 745 1756 1000 1830; x_wconf 79' lang='lat' dir='ltr'>impedimentum,</span> <span class='ocrx_word' id='word_1_93' title='bbox 1015 1755 1093 1832; x_wconf 84' lang='lat' dir='ltr'>quod</span> <span class='ocrx_word' id='word_1_94' title='bbox 1117 1755 1152 1814; x_wconf 80' lang='lat' dir='ltr'>dc</span> <span class='ocrx_word' id='word_1_95' title='bbox 1167 1755 1240 1828; x_wconf 81' lang='lat' dir='ltr'>jore</span> <span class='ocrx_word' id='word_1_96' title='bbox 1260 1769 1321 1815; x_wconf 83' lang='lat' dir='ltr'>noc</span> <span class='ocrx_word' id='word_1_97' title='bbox 1345 1757 1486 1815; x_wconf 80' lang='lat' dir='ltr'>sortita-r</span> <span class='ocrx_word' id='word_1_98' title='bbox 1505 1750 1575 1824; x_wconf 73' lang='lat' dir='ltr'>effer·</span> 
     </span>
     <span class='ocr_line' id='line_1_14' title="bbox 393 1843 1572 1920; baseline -0.011 -12"><span class='ocrx_word' id='word_1_99' title='bbox 393 1851 456 1908; x_wconf 80' lang='lat' dir='ltr'>tum</span> <span class='ocrx_word' id='word_1_100' title='bbox 472 1861 563 1906; x_wconf 86' lang='lat' dir='ltr'>:nem</span> <span class='ocrx_word' id='word_1_101' title='bbox 582 1849 666 1920; x_wconf 88' lang='lat' dir='ltr'>paria</span> <span class='ocrx_word' id='word_1_102' title='bbox 681 1853 753 1907; x_wconf 87' lang='lat' dir='ltr'>sunt</span> <span class='ocrx_word' id='word_1_103' title='bbox 769 1861 830 1906; x_wconf 91' lang='lat' dir='ltr'>non</span> <span class='ocrx_word' id='word_1_104' title='bbox 850 1845 926 1916; x_wconf 87' lang='lat' dir='ltr'>lieri,</span> <span class='ocrx_word' id='word_1_105' title='bbox 939 1851 968 1904; x_wconf 88' lang='grc' dir='ltr'>ει</span> <span class='ocrx_word' id='word_1_106' title='bbox 982 1845 1045 1903; x_wconf 88' lang='lat' dir='ltr'>lieri</span> <span class='ocrx_word' id='word_1_107' title='bbox 1062 1846 1129 1904; x_wconf 88' lang='lat' dir='ltr'>sine</span> <span class='ocrx_word' id='word_1_108' title='bbox 1141 1845 1260 1904; x_wconf 88' lang='lat' dir='ltr'>ellectu.</span> <span class='ocrx_word' id='word_1_109' title='bbox 1285 1845 1333 1904; x_wconf 93' lang='lat' dir='ltr'>Sic</span> <span class='ocrx_word' id='word_1_110' title='bbox 1354 1843 1572 1903; x_wconf 83' lang='lat' dir='ltr'>matrimonium</span> 
     </span>
     <span class='ocr_line' id='line_1_15' title="bbox 392 1930 1573 2012; baseline -0.008 -17"><span class='ocrx_word' id='word_1_111' title='bbox 392 1939 477 2012; x_wconf 87' lang='lat' dir='ltr'>prius</span> <span class='ocrx_word' id='word_1_112' title='bbox 491 1939 657 1998; x_wconf 83' lang='lat' dir='ltr'>inualidum</span> <span class='ocrx_word' id='word_1_113' title='bbox 672 1953 733 1997; x_wconf 90' lang='lat' dir='ltr'>nou</span> <span class='ocrx_word' id='word_1_114' title='bbox 749 1937 835 1996; x_wconf 91' lang='lat' dir='ltr'>obest</span> <span class='ocrx_word' id='word_1_115' title='bbox 850 1935 997 2005; x_wconf 88' lang='lat' dir='ltr'>secundo,</span> <span class='ocrx_word' id='word_1_116' title='bbox 1012 1939 1069 1993; x_wconf 90' lang='lat' dir='ltr'>etc.</span> <span class='ocrx_word' id='word_1_117' title='bbox 1085 1935 1242 2010; x_wconf 84' lang='lat' dir='ltr'>Fellitreg.</span> <span class='ocrx_word' id='word_1_118' title='bbox 1258 1935 1289 1992; x_wconf 92' lang='lat' dir='ltr'>in</span> <span class='ocrx_word' id='word_1_119' title='bbox 1300 1933 1349 1992; x_wconf 94' lang='lat' dir='ltr'>bis</span> <span class='ocrx_word' id='word_1_120' title='bbox 1366 1932 1529 2006; x_wconf 89' lang='lat' dir='ltr'>inquibus</span> <span class='ocrx_word' id='word_1_121' title='bbox 1545 1930 1573 1985; x_wconf 78' lang='lat' dir='ltr'>do</span> 
     </span>
     <span class='ocr_line' id='line_1_16' title="bbox 390 2019 1571 2104; baseline -0.011 -18"><span class='ocrx_word' id='word_1_122' title='bbox 390 2027 458 2100; x_wconf 88' lang='lat' dir='ltr'>jnre</span> <span class='ocrx_word' id='word_1_123' title='bbox 474 2029 588 2087; x_wconf 78' lang='lat' dir='ltr'>suflicit</span> <span class='ocrx_word' id='word_1_124' title='bbox 602 2028 667 2088; x_wconf 92' lang='lat' dir='ltr'>sola</span> <span class='ocrx_word' id='word_1_125' title='bbox 681 2027 847 2090; x_wconf 86' lang='lat' dir='ltr'>attentatio,</span> <span class='ocrx_word' id='word_1_126' title='bbox 855 2040 946 2098; x_wconf 90' lang='lat' dir='ltr'>opere</span> <span class='ocrx_word' id='word_1_127' title='bbox 956 2031 1076 2085; x_wconf 89' lang='lat' dir='ltr'>secuto:</span> <span class='ocrx_word' id='word_1_128' title='bbox 1090 2025 1135 2084; x_wconf 89' lang='lat' dir='ltr'>sic</span> <span class='ocrx_word' id='word_1_129' title='bbox 1147 2025 1288 2084; x_wconf 90' lang='lat' dir='ltr'>sacerdos</span> <span class='ocrx_word' id='word_1_130' title='bbox 1306 2035 1491 2104; x_wconf 83' lang='lat' dir='ltr'>suspensus</span> <span class='ocrx_word' id='word_1_131' title='bbox 1505 2019 1571 2078; x_wconf 80' lang='lat' dir='ltr'>inre-</span> 
     </span>
     <span class='ocr_line' id='line_1_17' title="bbox 393 2107 1571 2191; baseline -0.008 -17"><span class='ocrx_word' id='word_1_132' title='bbox 393 2117 451 2175; x_wconf 90' lang='lat' dir='ltr'>lide</span> <span class='ocrx_word' id='word_1_133' title='bbox 473 2118 633 2176; x_wconf 86' lang='lat' dir='ltr'>absolvens</span> <span class='ocrx_word' id='word_1_134' title='bbox 655 2117 689 2175; x_wconf 89' lang='lat' dir='ltr'>iit</span> <span class='ocrx_word' id='word_1_135' title='bbox 706 2115 898 2191; x_wconf 76' lang='lat' dir='ltr'>irregulariS,</span> <span class='ocrx_word' id='word_1_136' title='bbox 918 2114 1145 2173; x_wconf 87' lang='lat' dir='ltr'>matrimonium</span> <span class='ocrx_word' id='word_1_137' title='bbox 1168 2113 1349 2173; x_wconf 87' lang='lat' dir='ltr'>contrahens</span> <span class='ocrx_word' id='word_1_138' title='bbox 1372 2107 1571 2172; x_wconf 83' lang='lat' dir='ltr'>excommuni-</span> 
     </span>
     <span class='ocr_line' id='line_1_18' title="bbox 393 2207 923 2282; baseline -0.006 -16"><span class='ocrx_word' id='word_1_139' title='bbox 393 2214 478 2267; x_wconf 91' lang='lat' dir='ltr'>catur</span> <span class='ocrx_word' id='word_1_140' title='bbox 497 2208 598 2282; x_wconf 87' lang='lat' dir='ltr'>(Clem.</span> <span class='ocrx_word' id='word_1_141' title='bbox 619 2223 672 2267; x_wconf 91' lang='lat' dir='ltr'>nn.</span> <span class='ocrx_word' id='word_1_142' title='bbox 699 2207 735 2266; x_wconf 85' lang='lat' dir='ltr'>de</span> <span class='ocrx_word' id='word_1_143' title='bbox 752 2208 923 2281; x_wconf 65' lang='lat' dir='ltr'>Gomoario).</span> 
     </span>
    </p>

    <p class='ocr_par' dir='ltr' id='par_1_8' title="bbox 429 2295 1570 2371">
     <span class='ocr_line' id='line_1_19' title="bbox 429 2295 1570 2371; baseline 0.001 -17"><span class='ocrx_word' id='word_1_144' title='bbox 429 2300 496 2356; x_wconf 90' lang='lat' dir='ltr'>Llll.</span> <span class='ocrx_word' id='word_1_145' title='bbox 515 2299 569 2358; x_wconf 80' lang='lat' dir='ltr'>Coi</span> <span class='ocrx_word' id='word_1_146' title='bbox 583 2298 665 2366; x_wconf 83' lang='lat' dir='ltr'>ticet,</span> <span class='ocrx_word' id='word_1_147' title='bbox 674 2295 751 2371; x_wconf 77' lang='lat' dir='ltr'>quod</span> <span class='ocrx_word' id='word_1_148' title='bbox 761 2303 806 2356; x_wconf 89' lang='grc' dir='ltr'>εει</span> <span class='ocrx_word' id='word_1_149' title='bbox 818 2299 898 2369; x_wconf 78' lang='lat' dir='ltr'>plus,</span> <span class='ocrx_word' id='word_1_150' title='bbox 915 2297 1101 2370; x_wconf 68' lang='lat' dir='ltr'>licitatione</span> <span class='ocrx_word' id='word_1_151' title='bbox 1115 2296 1192 2371; x_wconf 81' lang='lat' dir='ltr'>qood</span> <span class='ocrx_word' id='word_1_152' title='bbox 1206 2303 1252 2356; x_wconf 88' lang='grc' dir='ltr'>εει</span> <span class='ocrx_word' id='word_1_153' title='bbox 1268 2297 1384 2368; x_wconf 85' lang='lat' dir='ltr'>minus,</span> <span class='ocrx_word' id='word_1_154' title='bbox 1402 2311 1440 2354; x_wconf 83' lang='lat' dir='ltr'>ex</span> <span class='ocrx_word' id='word_1_155' title='bbox 1458 2307 1520 2365; x_wconf 83' lang='lat' dir='ltr'>reg.</span> <span class='ocrx_word' id='word_1_156' title='bbox 1534 2295 1570 2355; x_wconf 77' lang='lat' dir='ltr'>tt</span> 
     </span>
    </p>
   </div>
   <div class='ocr_carea' id='block_1_7' title="bbox 392 2383 1569 2545">
    <p class='ocr_par' dir='ltr' id='par_1_9' title="bbox 392 2383 1569 2545">
     <span class='ocr_line' id='line_1_20' title="bbox 393 2383 1569 2460; baseline -0.007 -18"><span class='ocrx_word' id='word_1_157' title='bbox 393 2385 436 2443; x_wconf 78' lang='lat' dir='ltr'>ll:</span> <span class='ocrx_word' id='word_1_158' title='bbox 449 2386 513 2444; x_wconf 85' lang='lat' dir='ltr'>Noc</span> <span class='ocrx_word' id='word_1_159' title='bbox 528 2385 621 2456; x_wconf 80' lang='lat' dir='ltr'>debet,</span> <span class='ocrx_word' id='word_1_160' title='bbox 632 2387 756 2459; x_wconf 79' lang='lat' dir='ltr'>ccipias</span> <span class='ocrx_word' id='word_1_161' title='bbox 767 2385 845 2456; x_wconf 87' lang='grc' dir='ltr'><em>ιιεει,</em></span> <span class='ocrx_word' id='word_1_162' title='bbox 857 2386 1048 2460; x_wconf 71' lang='lat' dir='ltr'>quodminus</span> <span class='ocrx_word' id='word_1_163' title='bbox 1059 2390 1105 2444; x_wconf 90' lang='grc' dir='ltr'>εει</span> <span class='ocrx_word' id='word_1_164' title='bbox 1118 2399 1179 2444; x_wconf 84' lang='lat' dir='ltr'>nott</span> <span class='ocrx_word' id='word_1_165' title='bbox 1194 2385 1294 2445; x_wconf 79' lang='lat' dir='ltr'>licere.</span> <span class='ocrx_word' id='word_1_166' title='bbox 1310 2385 1431 2460; x_wconf 84' lang='lat' dir='ltr'>Regula</span> <span class='ocrx_word' id='word_1_167' title='bbox 1444 2383 1503 2440; x_wconf 86' lang='lat' dir='ltr'>ista</span> <span class='ocrx_word' id='word_1_168' title='bbox 1516 2393 1569 2451; x_wconf 84' lang='lat' dir='ltr'>pro</span> 
     </span>
     <span class='ocr_line' id='line_1_21' title="bbox 392 2470 1569 2545; baseline -0.01 -15"><span class='ocrx_word' id='word_1_169' title='bbox 392 2471 472 2530; x_wconf 89' lang='lat' dir='ltr'>cedit</span> <span class='ocrx_word' id='word_1_170' title='bbox 486 2472 517 2528; x_wconf 92' lang='lat' dir='ltr'>in</span> <span class='ocrx_word' id='word_1_171' title='bbox 530 2471 651 2545; x_wconf 83' lang='lat' dir='ltr'>juribus</span> <span class='ocrx_word' id='word_1_172' title='bbox 667 2476 694 2529; x_wconf 89' lang='lat' dir='ltr'>ct</span> <span class='ocrx_word' id='word_1_173' title='bbox 711 2471 909 2544; x_wconf 82' lang='lat' dir='ltr'>potestatibus</span> <span class='ocrx_word' id='word_1_174' title='bbox 930 2470 1148 2542; x_wconf 71' lang='lat' dir='ltr'>subordinati‘n,</span> <span class='ocrx_word' id='word_1_175' title='bbox 1169 2484 1297 2543; x_wconf 89' lang='lat' dir='ltr'>quarum</span> <span class='ocrx_word' id='word_1_176' title='bbox 1320 2470 1467 2544; x_wconf 86' lang='lat' dir='ltr'>superior</span> <span class='ocrx_word' id='word_1_177' title='bbox 1484 2481 1532 2539; x_wconf 92' lang='lat' dir='ltr'>per</span> <span class='ocrx_word' id='word_1_178' title='bbox 1544 2476 1569 2520; x_wconf 85' lang='lat' dir='ltr'>sc</span> 
     </span>
    </p>
   </div>
   <div class='ocr_carea' id='block_1_8' title="bbox 393 2553 1568 3539">
    <p class='ocr_par' dir='ltr' id='par_1_10' title="bbox 393 2553 1568 2814">
     <span class='ocr_line' id='line_1_22' title="bbox 394 2553 1568 2635; baseline -0.008 -16"><span class='ocrx_word' id='word_1_179' title='bbox 394 2561 528 2619; x_wconf 89' lang='lat' dir='ltr'>continet</span> <span class='ocrx_word' id='word_1_180' title='bbox 542 2561 726 2630; x_wconf 83' lang='lat' dir='ltr'>interiorem,</span> <span class='ocrx_word' id='word_1_181' title='bbox 742 2575 802 2618; x_wconf 92' lang='lat' dir='ltr'>non</span> <span class='ocrx_word' id='word_1_182' title='bbox 818 2576 889 2618; x_wconf 87' lang='lat' dir='ltr'>vero</span> <span class='ocrx_word' id='word_1_183' title='bbox 905 2562 936 2618; x_wconf 92' lang='lat' dir='ltr'>in</span> <span class='ocrx_word' id='word_1_184' title='bbox 949 2561 1071 2635; x_wconf 87' lang='lat' dir='ltr'>juribus</span> <span class='ocrx_word' id='word_1_185' title='bbox 1084 2567 1113 2618; x_wconf 91' lang='lat' dir='ltr'>et</span> <span class='ocrx_word' id='word_1_186' title='bbox 1125 2560 1325 2633; x_wconf 82' lang='lat' dir='ltr'>potestatibus</span> <span class='ocrx_word' id='word_1_187' title='bbox 1341 2558 1518 2634; x_wconf 88' lang='lat' dir='ltr'>disparatis.</span> <span class='ocrx_word' id='word_1_188' title='bbox 1530 2553 1568 2610; x_wconf 86' lang='lat' dir='ltr'>Sic</span> 
     </span>
     <span class='ocr_line' id='line_1_23' title="bbox 395 2649 1565 2724; baseline -0.01 -16"><span class='ocrx_word' id='word_1_189' title='bbox 395 2651 537 2709; x_wconf 88' lang='lat' dir='ltr'>sacerdos</span> <span class='ocrx_word' id='word_1_190' title='bbox 552 2650 699 2709; x_wconf 79' lang='lat' dir='ltr'>conficere</span> <span class='ocrx_word' id='word_1_191' title='bbox 715 2657 814 2724; x_wconf 88' lang='lat' dir='ltr'>potest</span> <span class='ocrx_word' id='word_1_192' title='bbox 827 2651 1056 2721; x_wconf 87' lang='lat' dir='ltr'>Eucharistiam,</span> <span class='ocrx_word' id='word_1_193' title='bbox 1072 2650 1152 2723; x_wconf 91' lang='lat' dir='ltr'>quod</span> <span class='ocrx_word' id='word_1_194' title='bbox 1168 2656 1215 2708; x_wconf 88' lang='lat' dir='ltr'>est</span> <span class='ocrx_word' id='word_1_195' title='bbox 1231 2649 1311 2722; x_wconf 92' lang='lat' dir='ltr'>plus,</span> <span class='ocrx_word' id='word_1_196' title='bbox 1325 2665 1388 2708; x_wconf 92' lang='lat' dir='ltr'>non</span> <span class='ocrx_word' id='word_1_197' title='bbox 1412 2651 1509 2706; x_wconf 87' lang='lat' dir='ltr'>tamen</span> <span class='ocrx_word' id='word_1_198' title='bbox 1528 2655 1565 2698; x_wconf 93' lang='lat' dir='ltr'>or·</span> 
     </span>
     <span class='ocr_line' id='line_1_24' title="bbox 393 2741 1350 2814; baseline -0.001 -15"><span class='ocrx_word' id='word_1_199' title='bbox 393 2741 498 2800; x_wconf 86' lang='lat' dir='ltr'>dinero</span> <span class='ocrx_word' id='word_1_200' title='bbox 508 2741 644 2810; x_wconf 79' lang='lat' dir='ltr'>clericoS,</span> <span class='ocrx_word' id='word_1_201' title='bbox 656 2747 708 2801; x_wconf 88' lang='lat' dir='ltr'>aut</span> <span class='ocrx_word' id='word_1_202' title='bbox 722 2741 866 2800; x_wconf 84' lang='lat' dir='ltr'>ecclesias</span> <span class='ocrx_word' id='word_1_203' title='bbox 881 2757 1068 2811; x_wconf 85' lang='lat' dir='ltr'>consecrare,</span> <span class='ocrx_word' id='word_1_204' title='bbox 1080 2741 1160 2814; x_wconf 89' lang='lat' dir='ltr'>quod</span> <span class='ocrx_word' id='word_1_205' title='bbox 1176 2747 1223 2798; x_wconf 92' lang='lat' dir='ltr'>est</span> <span class='ocrx_word' id='word_1_206' title='bbox 1236 2741 1350 2799; x_wconf 79' lang='lat' dir='ltr'>minue.</span> 
     </span>
    </p>

    <p class='ocr_par' dir='ltr' id='par_1_11' title="bbox 393 2828 1566 3270">
     <span class='ocr_line' id='line_1_25' title="bbox 430 2828 1566 2910; baseline -0.011 -17"><span class='ocrx_word' id='word_1_207' title='bbox 430 2838 498 2894; x_wconf 88' lang='lat' dir='ltr'>LlV.</span> <span class='ocrx_word' id='word_1_208' title='bbox 518 2836 576 2906; x_wconf 82' lang='lat' dir='ltr'>Qui</span> <span class='ocrx_word' id='word_1_209' title='bbox 593 2837 680 2908; x_wconf 81' lang='lat' dir='ltr'>prior</span> <span class='ocrx_word' id='word_1_210' title='bbox 695 2841 740 2893; x_wconf 88' lang='grc' dir='ltr'>εει</span> <span class='ocrx_word' id='word_1_211' title='bbox 756 2842 897 2908; x_wconf 82' lang='lat' dir='ltr'>tempore,</span> <span class='ocrx_word' id='word_1_212' title='bbox 907 2837 1008 2909; x_wconf 81' lang='lat' dir='ltr'>potior</span> <span class='ocrx_word' id='word_1_213' title='bbox 1022 2841 1067 2894; x_wconf 88' lang='grc' dir='ltr'>εει</span> <span class='ocrx_word' id='word_1_214' title='bbox 1086 2835 1168 2907; x_wconf 79' lang='lat' dir='ltr'>jare,</span> <span class='ocrx_word' id='word_1_215' title='bbox 1194 2850 1230 2893; x_wconf 84' lang='lat' dir='ltr'>ex</span> <span class='ocrx_word' id='word_1_216' title='bbox 1248 2849 1311 2910; x_wconf 84' lang='lat' dir='ltr'>reg.</span> <span class='ocrx_word' id='word_1_217' title='bbox 1330 2838 1366 2894; x_wconf 81' lang='lat' dir='ltr'>ta</span> <span class='ocrx_word' id='word_1_218' title='bbox 1382 2835 1436 2895; x_wconf 71' lang='lat' dir='ltr'>tt:</span> <span class='ocrx_word' id='word_1_219' title='bbox 1462 2828 1566 2903; x_wconf 75' lang='lat' dir='ltr'>thtim</span> 
     </span>
     <span class='ocr_line' id='line_1_26' title="bbox 393 2915 1566 2997; baseline -0.009 -15"><span class='ocrx_word' id='word_1_220' title='bbox 393 2925 551 2997; x_wconf 74' lang='lat' dir='ltr'>attritosque</span> <span class='ocrx_word' id='word_1_221' title='bbox 566 2939 658 2982; x_wconf 79' lang='lat' dir='ltr'>rocoa</span> <span class='ocrx_word' id='word_1_222' title='bbox 671 2924 749 2983; x_wconf 79' lang='lat' dir='ltr'>locri</span> <span class='ocrx_word' id='word_1_223' title='bbox 772 2925 852 2983; x_wconf 83' lang='lat' dir='ltr'>ratio</span> <span class='ocrx_word' id='word_1_224' title='bbox 871 2925 1009 2994; x_wconf 80' lang='grc' dir='ltr'><em>εεειίιιιν,</em></span> <span class='ocrx_word' id='word_1_225' title='bbox 1035 2926 1062 2982; x_wconf 83' lang='grc' dir='ltr'>ιε</span> <span class='ocrx_word' id='word_1_226' title='bbox 1079 2924 1290 2997; x_wconf 74' lang='lat' dir='ltr'>pracferendm</span> <span class='ocrx_word' id='word_1_227' title='bbox 1310 2930 1356 2984; x_wconf 90' lang='grc' dir='ltr'>εει</span> <span class='ocrx_word' id='word_1_228' title='bbox 1375 2925 1467 2997; x_wconf 77' lang='lat' dir='ltr'>cujac</span> <span class='ocrx_word' id='word_1_229' title='bbox 1490 2920 1519 2977; x_wconf 84' lang='lat' dir='ltr'>in</span> <span class='ocrx_word' id='word_1_230' title='bbox 1532 2915 1566 2974; x_wconf 87' lang='lat' dir='ltr'>lu-</span> 
     </span>
     <span class='ocr_line' id='line_1_27' title="bbox 395 3003 1566 3088; baseline -0.006 -17"><span class='ocrx_word' id='word_1_231' title='bbox 395 3027 478 3072; x_wconf 81' lang='lat' dir='ltr'>orum</span> <span class='ocrx_word' id='word_1_232' title='bbox 489 3029 581 3072; x_wconf 83' lang='lat' dir='ltr'>cocco</span> <span class='ocrx_word' id='word_1_233' title='bbox 603 3019 733 3086; x_wconf 83' lang='lat' dir='ltr'>tempore</span> <span class='ocrx_word' id='word_1_234' title='bbox 751 3015 1002 3086; x_wconf 78' lang='lat' dir='ltr'>praeceditvolet</span> <span class='ocrx_word' id='word_1_235' title='bbox 1027 3015 1057 3071; x_wconf 91' lang='lat' dir='ltr'>in</span> <span class='ocrx_word' id='word_1_236' title='bbox 1081 3013 1261 3088; x_wconf 84' lang='lat' dir='ltr'>pignoribus</span> <span class='ocrx_word' id='word_1_237' title='bbox 1284 3020 1314 3073; x_wconf 88' lang='lat' dir='ltr'>ct</span> <span class='ocrx_word' id='word_1_238' title='bbox 1335 3014 1406 3074; x_wconf 85' lang='lat' dir='ltr'>eliis</span> <span class='ocrx_word' id='word_1_239' title='bbox 1422 3003 1566 3071; x_wconf 85' lang='lat' dir='ltr'>contracti·</span> 
     </span>
     <span class='ocr_line' id='line_1_28' title="bbox 395 3093 1564 3177; baseline -0.01 -18"><span class='ocrx_word' id='word_1_240' title='bbox 395 3103 463 3172; x_wconf 77' lang='lat' dir='ltr'>buS,</span> <span class='ocrx_word' id='word_1_241' title='bbox 480 3103 511 3160; x_wconf 91' lang='lat' dir='ltr'>in</span> <span class='ocrx_word' id='word_1_242' title='bbox 526 3103 595 3160; x_wconf 89' lang='lat' dir='ltr'>data</span> <span class='ocrx_word' id='word_1_243' title='bbox 610 3103 837 3174; x_wconf 86' lang='lat' dir='ltr'>rescriptorum,</span> <span class='ocrx_word' id='word_1_244' title='bbox 859 3109 915 3162; x_wconf 91' lang='lat' dir='ltr'>etc.</span> <span class='ocrx_word' id='word_1_245' title='bbox 941 3103 1038 3174; x_wconf 84' lang='lat' dir='ltr'>Fallit,</span> <span class='ocrx_word' id='word_1_246' title='bbox 1063 3105 1089 3162; x_wconf 91' lang='lat' dir='ltr'>si</span> <span class='ocrx_word' id='word_1_247' title='bbox 1110 3103 1302 3177; x_wconf 87' lang='lat' dir='ltr'>superveniat</span> <span class='ocrx_word' id='word_1_248' title='bbox 1324 3103 1433 3161; x_wconf 83' lang='lat' dir='ltr'>sortior</span> <span class='ocrx_word' id='word_1_249' title='bbox 1462 3093 1564 3172; x_wconf 80' lang='lat' dir='ltr'>prb-ite-</span> 
     </span>
     <span class='ocr_line' id='line_1_29' title="bbox 395 3187 1406 3270; baseline 0.001 -16"><span class='ocrx_word' id='word_1_250' title='bbox 395 3198 507 3270; x_wconf 82' lang='lat' dir='ltr'>giatus‚</span> <span class='ocrx_word' id='word_1_251' title='bbox 524 3202 557 3254; x_wconf 93' lang='lat' dir='ltr'>ut</span> <span class='ocrx_word' id='word_1_252' title='bbox 573 3196 776 3268; x_wconf 83' lang='lat' dir='ltr'>providendus</span> <span class='ocrx_word' id='word_1_253' title='bbox 790 3198 965 3256; x_wconf 84' lang='lat' dir='ltr'>auctoritate</span> <span class='ocrx_word' id='word_1_254' title='bbox 980 3187 1147 3270; x_wconf 83' lang='lat' dir='ltr'>apostolica</span> <span class='ocrx_word' id='word_1_255' title='bbox 1166 3199 1196 3255; x_wconf 91' lang='lat' dir='ltr'>in</span> <span class='ocrx_word' id='word_1_256' title='bbox 1213 3197 1406 3256; x_wconf 85' lang='lat' dir='ltr'>canonicatu.</span> 
     </span>
    </p>

    <p class='ocr_par' dir='ltr' id='par_1_12' title="bbox 394 3279 1564 3539">
     <span class='ocr_line' id='line_1_30' title="bbox 430 3279 1564 3358; baseline -0.007 -13"><span class='ocrx_word' id='word_1_257' title='bbox 430 3289 485 3345; x_wconf 88' lang='lat' dir='ltr'>LV.</span> <span class='ocrx_word' id='word_1_258' title='bbox 500 3287 558 3356; x_wconf 79' lang='lat' dir='ltr'>Qui</span> <span class='ocrx_word' id='word_1_259' title='bbox 569 3287 661 3344; x_wconf 81' lang='lat' dir='ltr'>sentit</span> <span class='ocrx_word' id='word_1_260' title='bbox 672 3301 758 3356; x_wconf 83' lang='lat' dir='ltr'>onos,</span> <span class='ocrx_word' id='word_1_261' title='bbox 772 3287 886 3346; x_wconf 82' lang='lat' dir='ltr'>sentire</span> <span class='ocrx_word' id='word_1_262' title='bbox 900 3285 983 3345; x_wconf 85' lang='lat' dir='ltr'>dedet</span> <span class='ocrx_word' id='word_1_263' title='bbox 1000 3287 1195 3358; x_wconf 81' lang='lat' dir='ltr'>commodam,</span> <span class='ocrx_word' id='word_1_264' title='bbox 1208 3292 1238 3345; x_wconf 87' lang='lat' dir='ltr'>et</span> <span class='ocrx_word' id='word_1_265' title='bbox 1251 3291 1384 3356; x_wconf 84' lang='lat' dir='ltr'>econtra,</span> <span class='ocrx_word' id='word_1_266' title='bbox 1402 3299 1441 3344; x_wconf 88' lang='lat' dir='ltr'>ex</span> <span class='ocrx_word' id='word_1_267' title='bbox 1455 3296 1515 3356; x_wconf 79' lang='lat' dir='ltr'>reg.</span> <span class='ocrx_word' id='word_1_268' title='bbox 1532 3279 1564 3338; x_wconf 85' lang='lat' dir='ltr'>tlt,</span> 
     </span>
     <span class='ocr_line' id='line_1_31' title="bbox 394 3374 1563 3450; baseline -0.003 -16"><span class='ocrx_word' id='word_1_269' title='bbox 394 3374 425 3434; x_wconf 83' lang='lat' dir='ltr'>ti.</span> <span class='ocrx_word' id='word_1_270' title='bbox 442 3393 448 3432; x_wconf 95' lang='lat'><strong>:</strong></span> <span class='ocrx_word' id='word_1_271' title='bbox 464 3375 633 3434; x_wconf 80' lang='lat' dir='ltr'>Secundum</span> <span class='ocrx_word' id='word_1_272' title='bbox 649 3379 792 3434; x_wconf 81' lang='lat' dir='ltr'>notorem</span> <span class='ocrx_word' id='word_1_273' title='bbox 809 3380 855 3433; x_wconf 89' lang='grc' dir='ltr'>εει</span> <span class='ocrx_word' id='word_1_274' title='bbox 868 3375 1021 3434; x_wconf 83' lang='lat' dir='ltr'>comrmodo</span> <span class='ocrx_word' id='word_1_275' title='bbox 1035 3377 1179 3450; x_wconf 78' lang='lat' dir='ltr'>cujusque</span> <span class='ocrx_word' id='word_1_276' title='bbox 1192 3376 1316 3435; x_wconf 79' lang='lat' dir='ltr'>coicum</span> <span class='ocrx_word' id='word_1_277' title='bbox 1328 3376 1416 3449; x_wconf 80' lang='lat' dir='ltr'>sequi</span> <span class='ocrx_word' id='word_1_278' title='bbox 1428 3383 1512 3448; x_wconf 75' lang='lat' dir='ltr'>paeto</span> <span class='ocrx_word' id='word_1_279' title='bbox 1527 3377 1563 3421; x_wconf 77' lang='lat' dir='ltr'>tt·</span> 
     </span>
     <span class='ocr_line' id='line_1_32' title="bbox 394 3463 1527 3539; baseline -0.009 -17"><span class='ocrx_word' id='word_1_280' title='bbox 394 3471 531 3539; x_wconf 73' lang='lat' dir='ltr'>cunctor</span> <span class='ocrx_word' id='word_1_281' title='bbox 545 3463 741 3522; x_wconf 83' lang='lat' dir='ltr'>incommodo.</span> <span class='ocrx_word' id='word_1_282' title='bbox 754 3466 873 3537; x_wconf 83' lang='lat' dir='ltr'>Excipe,</span> <span class='ocrx_word' id='word_1_283' title='bbox 891 3465 950 3522; x_wconf 91' lang='lat' dir='ltr'>nisi</span> <span class='ocrx_word' id='word_1_284' title='bbox 962 3464 1031 3537; x_wconf 87' lang='lat' dir='ltr'>quis</span> <span class='ocrx_word' id='word_1_285' title='bbox 1045 3465 1202 3537; x_wconf 84' lang='lat' dir='ltr'>privilegio</span> <span class='ocrx_word' id='word_1_286' title='bbox 1216 3464 1365 3522; x_wconf 83' lang='lat' dir='ltr'>eximatur</span> <span class='ocrx_word' id='word_1_287' title='bbox 1378 3463 1418 3522; x_wconf 88' lang='lat' dir='ltr'>ab</span> <span class='ocrx_word' id='word_1_288' title='bbox 1432 3471 1527 3520; x_wconf 87' lang='lat' dir='ltr'>onere.</span> 
     </span>
    </p>
   </div>
   <div class='ocr_carea' id='block_1_9' title="bbox 431 3552 1626 3626">
    <p class='ocr_par' dir='ltr' id='par_1_13' title="bbox 431 3552 1626 3626">
     <span class='ocr_line' id='line_1_33' title="bbox 431 3552 1626 3626; baseline -0.008 -14"><span class='ocrx_word' id='word_1_289' title='bbox 431 3558 498 3612; x_wconf 91' lang='lat' dir='ltr'>LVl.</span> <span class='ocrx_word' id='word_1_290' title='bbox 510 3555 546 3612; x_wconf 82' lang='lat' dir='ltr'>lc</span> <span class='ocrx_word' id='word_1_291' title='bbox 560 3569 593 3612; x_wconf 81' lang='lat' dir='ltr'>re</span> <span class='ocrx_word' id='word_1_292' title='bbox 608 3554 758 3612; x_wconf 84' lang='lat' dir='ltr'>communi</span> <span class='ocrx_word' id='word_1_293' title='bbox 770 3555 871 3626; x_wconf 83' lang='lat' dir='ltr'>potior</span> <span class='ocrx_word' id='word_1_294' title='bbox 882 3559 927 3612; x_wconf 86' lang='grc' dir='ltr'>εει</span> <span class='ocrx_word' id='word_1_295' title='bbox 944 3553 1073 3613; x_wconf 80' lang='lat' dir='ltr'>corzditio</span> <span class='ocrx_word' id='word_1_296' title='bbox 1091 3552 1290 3626; x_wconf 74' lang='lat' dir='ltr'>probidentia</span> <span class='ocrx_word' id='word_1_297' title='bbox 1307 3552 1392 3612; x_wconf 86' lang='lat' dir='ltr'>Valet</span> <span class='ocrx_word' id='word_1_298' title='bbox 1408 3553 1439 3610; x_wconf 90' lang='lat' dir='ltr'>in</span> <span class='ocrx_word' id='word_1_299' title='bbox 1453 3563 1483 3608; x_wconf 91' lang='lat' dir='ltr'>rc</span> <span class='ocrx_word' id='word_1_300' title='bbox 1497 3555 1562 3603; x_wconf 86' lang='lat' dir='ltr'>com·</span> <span class='ocrx_word' id='word_1_301' title='bbox 1625 3597 1626 3602; x_wconf 73' lang='grc'>,</span> 
     </span>
    </p>
   </div>
   <div class='ocr_carea' id='block_1_10' title="bbox 396 3631 1561 3718">
    <p class='ocr_par' dir='ltr' id='par_1_14' title="bbox 396 3631 1561 3718">
     <span class='ocr_line' id='line_1_34' title="bbox 396 3631 1561 3718; baseline -0.005 -17"><span class='ocrx_word' id='word_1_302' title='bbox 396 3643 481 3701; x_wconf 92' lang='lat' dir='ltr'>muni</span> <span class='ocrx_word' id='word_1_303' title='bbox 496 3643 635 3716; x_wconf 86' lang='lat' dir='ltr'>pluribus</span> <span class='ocrx_word' id='word_1_304' title='bbox 650 3648 684 3701; x_wconf 91' lang='lat' dir='ltr'>ut</span> <span class='ocrx_word' id='word_1_305' title='bbox 699 3643 831 3716; x_wconf 83' lang='lat' dir='ltr'>singulis</span> <span class='ocrx_word' id='word_1_306' title='bbox 847 3663 853 3700; x_wconf 96' lang='lat'><strong>:</strong></span> <span class='ocrx_word' id='word_1_307' title='bbox 873 3659 900 3700; x_wconf 87' lang='lat' dir='ltr'>v.</span> <span class='ocrx_word' id='word_1_308' title='bbox 916 3659 946 3717; x_wconf 81' lang='lat' dir='ltr'>g.</span> <span class='ocrx_word' id='word_1_309' title='bbox 960 3643 1062 3702; x_wconf 86' lang='lat' dir='ltr'>decom</span> <span class='ocrx_word' id='word_1_310' title='bbox 1077 3643 1187 3702; x_wconf 86' lang='lat' dir='ltr'>babent</span> <span class='ocrx_word' id='word_1_311' title='bbox 1206 3657 1312 3718; x_wconf 80' lang='lat' dir='ltr'>agrum</span> <span class='ocrx_word' id='word_1_312' title='bbox 1327 3650 1525 3704; x_wconf 91' lang='lat' dir='ltr'>communem,</span> <span class='ocrx_word' id='word_1_313' title='bbox 1538 3631 1561 3687; x_wconf 74' lang='lat'>11¹</span> 
     </span>
    </p>
   </div>
   <div class='ocr_carea' id='block_1_11' title="bbox 395 3732 1625 3807">
    <p class='ocr_par' dir='ltr' id='par_1_15' title="bbox 395 3732 1625 3807">
     <span class='ocr_line' id='line_1_35' title="bbox 395 3732 1625 3807; baseline -0.01 -14"><span class='ocrx_word' id='word_1_314' title='bbox 395 3749 456 3807; x_wconf 90' lang='lat' dir='ltr'>quo</span> <span class='ocrx_word' id='word_1_315' title='bbox 472 3749 579 3792; x_wconf 82' lang='lat' dir='ltr'>norem</span> <span class='ocrx_word' id='word_1_316' title='bbox 597 3732 701 3792; x_wconf 88' lang='lat' dir='ltr'>volunt</span> <span class='ocrx_word' id='word_1_317' title='bbox 715 3735 897 3794; x_wconf 88' lang='lat' dir='ltr'>constituere</span> <span class='ocrx_word' id='word_1_318' title='bbox 911 3737 1085 3794; x_wconf 86' lang='lat' dir='ltr'>seruitutem</span> <span class='ocrx_word' id='word_1_319' title='bbox 1100 3737 1186 3804; x_wconf 84' lang='lat' dir='ltr'>Titio,</span> <span class='ocrx_word' id='word_1_320' title='bbox 1202 3735 1340 3794; x_wconf 90' lang='lat' dir='ltr'>decimus</span> <span class='ocrx_word' id='word_1_321' title='bbox 1352 3735 1493 3793; x_wconf 86' lang='lat' dir='ltr'>reclamat</span> <span class='ocrx_word' id='word_1_322' title='bbox 1506 3736 1561 3784; x_wconf 88' lang='lat' dir='ltr'>con·</span> <span class='ocrx_word' id='word_1_323' title='bbox 1624 3754 1625 3767; x_wconf 44' lang='grc' dir='ltr'><em>ι</em></span> 
     </span>
    </p>
   </div>
   <div class='ocr_carea' id='block_1_12' title="bbox 392 3819 1562 4077">
    <p class='ocr_par' dir='ltr' id='par_1_16' title="bbox 392 3819 1562 4077">
     <span class='ocr_line' id='line_1_36' title="bbox 396 3819 1562 3896; baseline -0.004 -17"><span class='ocrx_word' id='word_1_324' title='bbox 396 3827 451 3892; x_wconf 88' lang='lat' dir='ltr'>tra,</span> <span class='ocrx_word' id='word_1_325' title='bbox 468 3822 556 3893; x_wconf 82' lang='lat' dir='ltr'>cujus</span> <span class='ocrx_word' id='word_1_326' title='bbox 571 3822 704 3879; x_wconf 92' lang='lat' dir='ltr'>conditio</span> <span class='ocrx_word' id='word_1_327' title='bbox 720 3828 821 3895; x_wconf 88' lang='lat' dir='ltr'>utpote</span> <span class='ocrx_word' id='word_1_328' title='bbox 837 3824 1038 3896; x_wconf 89' lang='lat' dir='ltr'>prohibentis,</span> <span class='ocrx_word' id='word_1_329' title='bbox 1053 3829 1100 3882; x_wconf 90' lang='lat' dir='ltr'>est</span> <span class='ocrx_word' id='word_1_330' title='bbox 1115 3824 1228 3896; x_wconf 93' lang='lat' dir='ltr'>potior;</span> <span class='ocrx_word' id='word_1_331' title='bbox 1246 3828 1276 3882; x_wconf 88' lang='lat' dir='ltr'>at</span> <span class='ocrx_word' id='word_1_332' title='bbox 1285 3824 1312 3881; x_wconf 91' lang='lat' dir='ltr'>si</span> <span class='ocrx_word' id='word_1_333' title='bbox 1327 3823 1445 3882; x_wconf 89' lang='lat' dir='ltr'>nullum</span> <span class='ocrx_word' id='word_1_334' title='bbox 1459 3819 1496 3879; x_wconf 91' lang='lat' dir='ltr'>sit</span> <span class='ocrx_word' id='word_1_335' title='bbox 1505 3823 1562 3888; x_wconf 54' lang='lat' dir='ltr'>pri*</span> 
     </span>
     <span class='ocr_line' id='line_1_37' title="bbox 392 3909 1548 3997; baseline 0.003 -29"><span class='ocrx_word' id='word_1_336' title='bbox 392 3909 542 3983; x_wconf 89' lang='lat' dir='ltr'>judicium</span> <span class='ocrx_word' id='word_1_337' title='bbox 557 3911 755 3983; x_wconf 90' lang='lat' dir='ltr'>prohibentis,</span> <span class='ocrx_word' id='word_1_338' title='bbox 767 3927 827 3970; x_wconf 92' lang='lat' dir='ltr'>non</span> <span class='ocrx_word' id='word_1_339' title='bbox 843 3918 966 3972; x_wconf 83' lang='lat' dir='ltr'>curetur</span> <span class='ocrx_word' id='word_1_340' title='bbox 983 3913 1050 3987; x_wconf 89' lang='lat' dir='ltr'>ejus</span> <span class='ocrx_word' id='word_1_341' title='bbox 1068 3913 1240 3987; x_wconf 91' lang='lat' dir='ltr'>prohibitio.</span> <span class='ocrx_word' id='word_1_342' title='bbox 1543 3987 1548 3997; x_wconf 26' lang='lat'><strong><em>⁴</em></strong></span> 
     </span>
     <span class='ocr_line' id='line_1_38' title="bbox 431 3995 1560 4077; baseline 0.001 -20"><span class='ocrx_word' id='word_1_343' title='bbox 431 4002 511 4059; x_wconf 89' lang='lat' dir='ltr'>LVll.</span> <span class='ocrx_word' id='word_1_344' title='bbox 528 4001 640 4061; x_wconf 81' lang='lat' dir='ltr'>Contra</span> <span class='ocrx_word' id='word_1_345' title='bbox 654 4016 721 4060; x_wconf 83' lang='lat' dir='ltr'>eum</span> <span class='ocrx_word' id='word_1_346' title='bbox 735 4003 788 4076; x_wconf 82' lang='lat' dir='ltr'>qui</span> <span class='ocrx_word' id='word_1_347' title='bbox 800 4003 893 4076; x_wconf 78' lang='lat' dir='ltr'>lepem</span> <span class='ocrx_word' id='word_1_348' title='bbox 916 4003 1014 4062; x_wconf 82' lang='lat' dir='ltr'>dicere</span> <span class='ocrx_word' id='word_1_349' title='bbox 1026 4005 1125 4077; x_wconf 82' lang='lat' dir='ltr'>potuit</span> <span class='ocrx_word' id='word_1_350' title='bbox 1146 4003 1292 4077; x_wconf 73' lang='lat' dir='ltr'>apertius,</span> <span class='ocrx_word' id='word_1_351' title='bbox 1310 4010 1355 4063; x_wconf 86' lang='grc' dir='ltr'>εει</span> <span class='ocrx_word' id='word_1_352' title='bbox 1370 3995 1560 4074; x_wconf 77' lang='lat' dir='ltr'>tnorpretctu</span> 
     </span>
    </p>
   </div>
   <div class='ocr_carea' id='block_1_13' title="bbox 280 4088 1626 4257">
    <p class='ocr_par' dir='ltr' id='par_1_17' title="bbox 280 4088 1626 4257">
     <span class='ocr_line' id='line_1_39' title="bbox 394 4088 1626 4167; baseline -0.01 -19"><span class='ocrx_word' id='word_1_353' title='bbox 394 4090 545 4162; x_wconf 74' lang='lat' dir='ltr'>socienda,</span> <span class='ocrx_word' id='word_1_354' title='bbox 558 4105 594 4146; x_wconf 82' lang='lat' dir='ltr'>eu</span> <span class='ocrx_word' id='word_1_355' title='bbox 610 4105 674 4164; x_wconf 84' lang='lat' dir='ltr'>rog.</span> <span class='ocrx_word' id='word_1_356' title='bbox 688 4097 749 4160; x_wconf 77' lang='lat'>172,</span> <span class='ocrx_word' id='word_1_357' title='bbox 759 4091 788 4148; x_wconf 87' lang='grc' dir='ltr'>ΙΙ.</span> <span class='ocrx_word' id='word_1_358' title='bbox 799 4109 806 4147; x_wconf 77' lang='lat'>2</span> <span class='ocrx_word' id='word_1_359' title='bbox 818 4092 853 4150; x_wconf 83' lang='lat' dir='ltr'>lo</span> <span class='ocrx_word' id='word_1_360' title='bbox 865 4091 1072 4152; x_wconf 78' lang='lat' dir='ltr'>contradendo</span> <span class='ocrx_word' id='word_1_361' title='bbox 1085 4093 1256 4152; x_wconf 80' lang='lat' dir='ltr'>venditione</span> <span class='ocrx_word' id='word_1_362' title='bbox 1270 4093 1445 4167; x_wconf 76' lang='lat' dir='ltr'>cmiipcom</span> <span class='ocrx_word' id='word_1_363' title='bbox 1455 4088 1558 4163; x_wconf 79' lang='lat' dir='ltr'>poclm</span> <span class='ocrx_word' id='word_1_364' title='bbox 1625 4099 1626 4116; x_wconf 49' lang='grc' dir='ltr'><em>ι</em></span> 
     </span>
     <span class='ocr_line' id='line_1_40' title="bbox 280 4169 1559 4257; baseline -0.009 -18"><span class='ocrx_word' id='word_1_365' title='bbox 280 4179 283 4186; x_wconf 89' lang='grc'><strong>’</strong></span> <span class='ocrx_word' id='word_1_366' title='bbox 396 4187 501 4240; x_wconf 74' lang='lat' dir='ltr'>contro</span> <span class='ocrx_word' id='word_1_367' title='bbox 523 4179 706 4238; x_wconf 82' lang='lat' dir='ltr'>uenditorem</span> <span class='ocrx_word' id='word_1_368' title='bbox 730 4182 992 4255; x_wconf 69' lang='lat' dir='ltr'>interpretandam</span> <span class='ocrx_word' id='word_1_369' title='bbox 1017 4189 1073 4242; x_wconf 88' lang='grc' dir='ltr'><em>εει.</em></span> <span class='ocrx_word' id='word_1_370' title='bbox 1095 4182 1219 4241; x_wconf 88' lang='lat' dir='ltr'>Nomine</span> <span class='ocrx_word' id='word_1_371' title='bbox 1243 4183 1318 4257; x_wconf 73' lang='lat' dir='ltr'>lepte</span> <span class='ocrx_word' id='word_1_372' title='bbox 1350 4183 1434 4242; x_wconf 85' lang='lat' dir='ltr'>vonit</span> <span class='ocrx_word' id='word_1_373' title='bbox 1452 4177 1498 4237; x_wconf 92' lang='lat' dir='ltr'>bic</span> <span class='ocrx_word' id='word_1_374' title='bbox 1521 4169 1559 4228; x_wconf 77' lang='grc' dir='ltr'>ιει</span> 
     </span>
    </p>
   </div>
   <div class='ocr_carea' id='block_1_14' title="bbox 392 4255 1558 4431">
    <p class='ocr_par' dir='ltr' id='par_1_18' title="bbox 392 4255 1558 4431">
     <span class='ocr_line' id='line_1_41' title="bbox 392 4255 1558 4346; baseline 0.001 -19"><span class='ocrx_word' id='word_1_375' title='bbox 392 4269 526 4342; x_wconf 82' lang='lat' dir='ltr'>priuato,</span> <span class='ocrx_word' id='word_1_376' title='bbox 547 4283 601 4325; x_wconf 90' lang='lat' dir='ltr'>seu</span> <span class='ocrx_word' id='word_1_377' title='bbox 621 4268 781 4325; x_wconf 87' lang='lat' dir='ltr'>conventio</span> <span class='ocrx_word' id='word_1_378' title='bbox 800 4269 1058 4341; x_wconf 87' lang='lat' dir='ltr'>contrabentium,</span> <span class='ocrx_word' id='word_1_379' title='bbox 1081 4286 1149 4344; x_wconf 83' lang='lat' dir='ltr'>quae</span> <span class='ocrx_word' id='word_1_380' title='bbox 1186 4271 1218 4330; x_wconf 92' lang='lat' dir='ltr'>in</span> <span class='ocrx_word' id='word_1_381' title='bbox 1251 4271 1458 4346; x_wconf 73' lang='lat' dir='ltr'>praejudicium</span> <span class='ocrx_word' id='word_1_382' title='bbox 1480 4255 1558 4337; x_wconf 68' lang='lat' dir='ltr'>pwfl·</span> 
     </span>
     <span class='ocr_line' id='line_1_42' title="bbox 396 4351 1558 4431; baseline 0.003 -15"><span class='ocrx_word' id='word_1_383' title='bbox 396 4359 493 4416; x_wconf 89' lang='lat' dir='ltr'>rentis</span> <span class='ocrx_word' id='word_1_384' title='bbox 509 4357 637 4430; x_wconf 85' lang='lat' dir='ltr'>intelligi</span> <span class='ocrx_word' id='word_1_385' title='bbox 654 4357 741 4415; x_wconf 87' lang='lat' dir='ltr'>solet.</span> <span class='ocrx_word' id='word_1_386' title='bbox 758 4358 806 4415; x_wconf 90' lang='lat' dir='ltr'>Sic</span> <span class='ocrx_word' id='word_1_387' title='bbox 820 4374 847 4416; x_wconf 90' lang='lat' dir='ltr'>c.</span> <span class='ocrx_word' id='word_1_388' title='bbox 863 4361 889 4430; x_wconf 88' lang='lat'>8,</span> <span class='ocrx_word' id='word_1_389' title='bbox 906 4359 941 4417; x_wconf 83' lang='lat' dir='ltr'>de</span> <span class='ocrx_word' id='word_1_390' title='bbox 955 4359 1089 4431; x_wconf 83' lang='lat' dir='ltr'>Probat,</span> <span class='ocrx_word' id='word_1_391' title='bbox 1106 4361 1219 4419; x_wconf 92' lang='lat' dir='ltr'>dictum</span> <span class='ocrx_word' id='word_1_392' title='bbox 1235 4361 1399 4420; x_wconf 88' lang='lat' dir='ltr'>obscurum</span> <span class='ocrx_word' id='word_1_393' title='bbox 1415 4351 1558 4419; x_wconf 74' lang='lat' dir='ltr'>de111ifl⁰fe</span> 
     </span>
    </p>
   </div>
   <div class='ocr_carea' id='block_1_15' title="bbox 396 4445 1626 4531">
    <p class='ocr_par' dir='ltr' id='par_1_19' title="bbox 396 4445 1626 4531">
     <span class='ocr_line' id='line_1_43' title="bbox 396 4445 1626 4531; baseline -0.014 -25"><span class='ocrx_word' id='word_1_394' title='bbox 396 4445 492 4518; x_wconf 79' lang='lat' dir='ltr'>ae‘tate,</span> <span class='ocrx_word' id='word_1_395' title='bbox 509 4447 576 4506; x_wconf 89' lang='lat' dir='ltr'>sinc</span> <span class='ocrx_word' id='word_1_396' title='bbox 598 4449 850 4531; x_wconf 63' lang='lat' dir='ltr'>expressionem</span> <span class='ocrx_word' id='word_1_397' title='bbox 877 4463 1037 4520; x_wconf 90' lang='lat' dir='ltr'>annornm,</span> <span class='ocrx_word' id='word_1_398' title='bbox 1059 4451 1230 4510; x_wconf 89' lang='lat' dir='ltr'>retunditur</span> <span class='ocrx_word' id='word_1_399' title='bbox 1245 4456 1350 4509; x_wconf 88' lang='lat' dir='ltr'>contra</span> <span class='ocrx_word' id='word_1_400' title='bbox 1368 4445 1556 4524; x_wconf 81' lang='lat' dir='ltr'>proferentem.</span> <span class='ocrx_word' id='word_1_401' title='bbox 1625 4461 1626 4470; x_wconf 31' lang='grc' dir='ltr'><em>ι</em></span> 
     </span>
    </p>
   </div>
   <div class='ocr_carea' id='block_1_16' title="bbox 396 4519 1555 4792">
    <p class='ocr_par' dir='ltr' id='par_1_20' title="bbox 396 4519 1555 4792">
     <span class='ocr_line' id='line_1_44' title="bbox 396 4519 1555 4620; baseline 0.001 -25"><span class='ocrx_word' id='word_1_402' title='bbox 396 4537 468 4610; x_wconf 87' lang='lat' dir='ltr'>quia</span> <span class='ocrx_word' id='word_1_403' title='bbox 480 4538 640 4613; x_wconf 80' lang='lat' dir='ltr'>ingressus</span> <span class='ocrx_word' id='word_1_404' title='bbox 655 4537 875 4596; x_wconf 88' lang='lat' dir='ltr'>monasterium</span> <span class='ocrx_word' id='word_1_405' title='bbox 891 4554 952 4596; x_wconf 90' lang='lat' dir='ltr'>non</span> <span class='ocrx_word' id='word_1_406' title='bbox 967 4545 1031 4596; x_wconf 86' lang='lat' dir='ltr'>erat</span> <span class='ocrx_word' id='word_1_407' title='bbox 1046 4539 1144 4598; x_wconf 86' lang='lat' dir='ltr'>minor</span> <span class='ocrx_word' id='word_1_408' title='bbox 1159 4543 1193 4597; x_wconf 81' lang='lat' dir='ltr'>tt</span> <span class='ocrx_word' id='word_1_409' title='bbox 1215 4539 1315 4598; x_wconf 91' lang='lat' dir='ltr'>annis.</span> <span class='ocrx_word' id='word_1_410' title='bbox 1333 4540 1422 4598; x_wconf 85' lang='lat' dir='ltr'>Plura</span> <span class='ocrx_word' id='word_1_411' title='bbox 1444 4519 1555 4620; x_wconf 53' lang='lat' dir='ltr'>eucfflill</span> 
     </span>
     <span class='ocr_line' id='line_1_45' title="bbox 396 4625 1555 4704; baseline 0.008 -22"><span class='ocrx_word' id='word_1_412' title='bbox 396 4627 463 4686; x_wconf 87' lang='lat' dir='ltr'>vide</span> <span class='ocrx_word' id='word_1_413' title='bbox 474 4627 522 4685; x_wconf 93' lang='lat' dir='ltr'>bic</span> <span class='ocrx_word' id='word_1_414' title='bbox 538 4628 568 4686; x_wconf 93' lang='lat' dir='ltr'>in</span> <span class='ocrx_word' id='word_1_415' title='bbox 580 4629 693 4703; x_wconf 82' lang='lat' dir='ltr'>glossa,</span> <span class='ocrx_word' id='word_1_416' title='bbox 710 4641 778 4700; x_wconf 80' lang='lat' dir='ltr'>qnae</span> <span class='ocrx_word' id='word_1_417' title='bbox 793 4627 865 4686; x_wconf 90' lang='lat' dir='ltr'>dicit</span> <span class='ocrx_word' id='word_1_418' title='bbox 884 4643 946 4701; x_wconf 78' lang='lat' dir='ltr'>reg.</span> <span class='ocrx_word' id='word_1_419' title='bbox 964 4628 1051 4686; x_wconf 88' lang='lat' dir='ltr'>istam</span> <span class='ocrx_word' id='word_1_420' title='bbox 1067 4643 1128 4687; x_wconf 91' lang='lat' dir='ltr'>non</span> <span class='ocrx_word' id='word_1_421' title='bbox 1144 4629 1304 4701; x_wconf 89' lang='lat' dir='ltr'>procedere</span> <span class='ocrx_word' id='word_1_422' title='bbox 1314 4629 1351 4688; x_wconf 90' lang='lat' dir='ltr'>de</span> <span class='ocrx_word' id='word_1_423' title='bbox 1366 4628 1491 4704; x_wconf 84' lang='lat' dir='ltr'>tegibus,</span> <span class='ocrx_word' id='word_1_424' title='bbox 1501 4625 1555 4690; x_wconf 83' lang='lat' dir='ltr'>qun</span> 
     </span>
     <span class='ocr_line' id='line_1_46' title="bbox 396 4707 1552 4792; baseline 0 -20"><span class='ocrx_word' id='word_1_425' title='bbox 396 4716 486 4776; x_wconf 86' lang='lat' dir='ltr'>ineis</span> <span class='ocrx_word' id='word_1_426' title='bbox 503 4718 575 4775; x_wconf 94' lang='lat' dir='ltr'>nibil</span> <span class='ocrx_word' id='word_1_427' title='bbox 590 4723 636 4775; x_wconf 91' lang='lat' dir='ltr'>est</span> <span class='ocrx_word' id='word_1_428' title='bbox 650 4716 824 4786; x_wconf 88' lang='lat' dir='ltr'>obscurum,</span> <span class='ocrx_word' id='word_1_429' title='bbox 840 4717 885 4775; x_wconf 88' lang='lat' dir='ltr'>vel</span> <span class='ocrx_word' id='word_1_430' title='bbox 904 4717 1080 4791; x_wconf 82' lang='lat' dir='ltr'>ambiguum</span> <span class='ocrx_word' id='word_1_431' title='bbox 1096 4718 1172 4792; x_wconf 80' lang='lat' dir='ltr'>(can.</span> <span class='ocrx_word' id='word_1_432' title='bbox 1198 4723 1225 4789; x_wconf 72' lang='lat' dir='ltr'>i,</span> <span class='ocrx_word' id='word_1_433' title='bbox 1247 4719 1319 4777; x_wconf 92' lang='lat' dir='ltr'>dist.</span> <span class='ocrx_word' id='word_1_434' title='bbox 1334 4719 1376 4792; x_wconf 82' lang='grc' dir='ltr'>Ι);</span> <span class='ocrx_word' id='word_1_435' title='bbox 1394 4719 1421 4778; x_wconf 86' lang='lat' dir='ltr'>si</span> <span class='ocrx_word' id='word_1_436' title='bbox 1439 4707 1502 4790; x_wconf 85' lang='lat' dir='ltr'>quid</span> <span class='ocrx_word' id='word_1_437' title='bbox 1521 4707 1552 4758; x_wconf 77' lang='lat'>¹³·</span> 
     </span>
    </p>
   </div>
   <div class='ocr_carea' id='block_1_17' title="bbox 1625 4483 1627 5221">
    <p class='ocr_par' dir='ltr' id='par_1_21' title="bbox 1625 4483 1627 5221">
     <span class='ocr_line' id='line_1_47' title="bbox 1625 4483 1627 5221; baseline 0 0"><span class='ocrx_word' id='word_1_438' title='bbox 1625 4483 1627 5221; x_wconf 95' lang='lat' dir='ltr'> </span> 
     </span>
    </p>
   </div>
   <div class='ocr_carea' id='block_1_18' title="bbox 0 0 1700 5572">
    <p class='ocr_par' dir='ltr' id='par_1_22' title="bbox 0 0 1700 5572">
     <span class='ocr_line' id='line_1_48' title="bbox 0 0 1700 5572; baseline 0 0"><span class='ocrx_word' id='word_1_439' title='bbox 0 0 1700 5572; x_wconf 95' lang='lat' dir='ltr'> </span> 
     </span>
    </p>
   </div>
  </div>
 </body>
</html>
