<?xml version="1.0" encoding="UTF-8"?>
<!DOCTYPE html PUBLIC "-//W3C//DTD XHTML 1.0 Transitional//EN"
    "http://www.w3.org/TR/xhtml1/DTD/xhtml1-transitional.dtd">
<html xmlns="http://www.w3.org/1999/xhtml" xml:lang="en" lang="en">
 <head>
  <title>
</title>
<meta http-equiv="Content-Type" content="text/html;charset=utf-8" />
  <meta name='ocr-system' content='tesseract 3.04.00' />
  <meta name='ocr-capabilities' content='ocr_page ocr_carea ocr_par ocr_line ocrx_word'/>
</head>
<body>
  <div class='ocr_page' id='page_1' title='image "./juscanonicumjux01grangoog/juscanonicumjux01grangoog_0205.png"; bbox 0 0 3482 5560; ppageno 0'>
   <div class='ocr_carea' id='block_1_1' title="bbox 208 510 1378 732">
    <p class='ocr_par' dir='ltr' id='par_1_1' title="bbox 208 510 1378 732">
     <span class='ocr_line' id='line_1_1' title="bbox 551 510 1378 586; baseline -0.006 -9"><span class='ocrx_word' id='word_1_1' title='bbox 551 531 638 578; x_wconf 76' lang='lat' dir='ltr'><strong>erosa</strong></span> <span class='ocrx_word' id='word_1_2' title='bbox 660 532 794 586; x_wconf 77' lang='lat' dir='ltr'><strong>curares</strong></span> <span class='ocrx_word' id='word_1_3' title='bbox 812 517 1031 577; x_wconf 67' lang='lat' dir='ltr'><strong>sacraremus:</strong></span> <span class='ocrx_word' id='word_1_4' title='bbox 1319 510 1378 573; x_wconf 81' lang='grc'><strong>195</strong></span> 
     </span>
     <span class='ocr_line' id='line_1_2' title="bbox 208 645 1378 732; baseline -0.003 -20"><span class='ocrx_word' id='word_1_5' title='bbox 208 648 274 712; x_wconf 82' lang='lat' dir='ltr'><strong>Db.</strong></span> <span class='ocrx_word' id='word_1_6' title='bbox 291 648 371 712; x_wconf 88' lang='lat' dir='ltr'>ibid.</span> <span class='ocrx_word' id='word_1_7' title='bbox 388 649 578 726; x_wconf 88' lang='lat' dir='ltr'><strong>citatorum,</strong></span> <span class='ocrx_word' id='word_1_8' title='bbox 592 649 695 714; x_wconf 85' lang='lat' dir='ltr'><strong>refert</strong></span> <span class='ocrx_word' id='word_1_9' title='bbox 708 648 790 714; x_wconf 85' lang='lat' dir='ltr'><strong>uliae</strong></span> <span class='ocrx_word' id='word_1_10' title='bbox 805 649 954 732; x_wconf 84' lang='lat' dir='ltr'><strong>quinque</strong></span> <span class='ocrx_word' id='word_1_11' title='bbox 969 645 1238 711; x_wconf 75' lang='lat' dir='ltr'><strong>circumstantias</strong></span> <span class='ocrx_word' id='word_1_12' title='bbox 1255 645 1290 708; x_wconf 91' lang='lat' dir='ltr'><strong>in</strong></span> <span class='ocrx_word' id='word_1_13' title='bbox 1307 646 1378 728; x_wconf 87' lang='lat' dir='ltr'><strong>qui-</strong></span> 
     </span>
    </p>
   </div>
   <div class='ocr_carea' id='block_1_2' title="bbox 209 739 1509 834">
    <p class='ocr_par' dir='ltr' id='par_1_2' title="bbox 209 739 1509 834">
     <span class='ocr_line' id='line_1_3' title="bbox 209 739 1509 834; baseline -0.005 -12"><span class='ocrx_word' id='word_1_14' title='bbox 209 759 284 834; x_wconf 88' lang='lat' dir='ltr'><strong>bus,</strong></span> <span class='ocrx_word' id='word_1_15' title='bbox 302 759 370 822; x_wconf 82' lang='lat' dir='ltr'><strong>nisi</strong></span> <span class='ocrx_word' id='word_1_16' title='bbox 392 759 495 822; x_wconf 81' lang='lat' dir='ltr'><strong>simul</strong></span> <span class='ocrx_word' id='word_1_17' title='bbox 514 767 714 824; x_wconf 82' lang='lat' dir='ltr'><strong>concurrunt</strong></span> <span class='ocrx_word' id='word_1_18' title='bbox 736 777 803 824; x_wconf 88' lang='lat' dir='ltr'><strong>una</strong></span> <span class='ocrx_word' id='word_1_19' title='bbox 817 777 896 823; x_wconf 91' lang='lat' dir='ltr'><strong>cum</strong></span> <span class='ocrx_word' id='word_1_20' title='bbox 916 755 1113 822; x_wconf 78' lang='lat' dir='ltr'><strong>difficultate</strong></span> <span class='ocrx_word' id='word_1_21' title='bbox 1126 753 1322 820; x_wconf 88' lang='lat' dir='ltr'><strong>recurrendi</strong></span> <span class='ocrx_word' id='word_1_22' title='bbox 1337 753 1380 817; x_wconf 87' lang='lat' dir='ltr'><strong>ad</strong></span> <span class='ocrx_word' id='word_1_23' title='bbox 1444 763 1448 772; x_wconf 85' lang='lat'>&#39;</span> <span class='ocrx_word' id='word_1_24' title='bbox 1507 739 1509 746; x_wconf 48' lang='lat'><strong>⁴</strong></span> 
     </span>
    </p>
   </div>
   <div class='ocr_carea' id='block_1_3' title="bbox 142 861 1454 4418">
    <p class='ocr_par' dir='ltr' id='par_1_3' title="bbox 142 861 1454 3548">
     <span class='ocr_line' id='line_1_4' title="bbox 210 861 1382 950; baseline -0.002 -22"><span class='ocrx_word' id='word_1_25' title='bbox 210 865 333 929; x_wconf 79' lang='lat' dir='ltr'><strong>Sedens</strong></span> <span class='ocrx_word' id='word_1_26' title='bbox 343 865 582 947; x_wconf 72' lang='lat' dir='ltr'><strong>apostolicam,</strong></span> <span class='ocrx_word' id='word_1_27' title='bbox 595 867 773 950; x_wconf 87' lang='lat' dir='ltr'><strong>episcopus</strong></span> <span class='ocrx_word' id='word_1_28' title='bbox 786 864 1108 950; x_wconf 87' lang='lat' dir='ltr'><strong>nequitdispensare</strong></span> <span class='ocrx_word' id='word_1_29' title='bbox 1124 881 1227 947; x_wconf 90' lang='lat' dir='ltr'><strong>super</strong></span> <span class='ocrx_word' id='word_1_30' title='bbox 1240 861 1382 945; x_wconf 90' lang='lat' dir='ltr'><strong>impedi-</strong></span> 
     </span>
     <span class='ocr_line' id='line_1_5' title="bbox 209 971 1383 1057; baseline -0.003 -21"><span class='ocrx_word' id='word_1_31' title='bbox 209 973 335 1038; x_wconf 81' lang='lat' dir='ltr'><strong>mentis</strong></span> <span class='ocrx_word' id='word_1_32' title='bbox 346 973 582 1038; x_wconf 86' lang='lat' dir='ltr'><strong>dirimentibus</strong></span> <span class='ocrx_word' id='word_1_33' title='bbox 593 974 628 1037; x_wconf 91' lang='lat' dir='ltr'><strong>in</strong></span> <span class='ocrx_word' id='word_1_34' title='bbox 639 974 856 1040; x_wconf 87' lang='lat' dir='ltr'><strong>matrimonio</strong></span> <span class='ocrx_word' id='word_1_35' title='bbox 865 976 938 1057; x_wconf 87' lang='lat' dir='ltr'><strong>jam</strong></span> <span class='ocrx_word' id='word_1_36' title='bbox 950 979 1133 1050; x_wconf 86' lang='lat' dir='ltr'><strong>contracto,</strong></span> <span class='ocrx_word' id='word_1_37' title='bbox 1148 971 1290 1037; x_wconf 88' lang='lat' dir='ltr'><strong>scilicet:</strong></span> <span class='ocrx_word' id='word_1_38' title='bbox 1302 971 1333 1034; x_wconf 87' lang='grc' dir='ltr'><strong>1ο</strong></span> <span class='ocrx_word' id='word_1_39' title='bbox 1344 975 1383 1032; x_wconf 90' lang='lat' dir='ltr'><strong>ut</strong></span> 
     </span>
     <span class='ocr_line' id='line_1_6' title="bbox 210 1077 1383 1156; baseline -0.002 -12"><span class='ocrx_word' id='word_1_40' title='bbox 210 1080 304 1145; x_wconf 91' lang='lat' dir='ltr'><strong>idem</strong></span> <span class='ocrx_word' id='word_1_41' title='bbox 324 1079 581 1146; x_wconf 80' lang='lat' dir='ltr'><strong>matrimonium</strong></span> <span class='ocrx_word' id='word_1_42' title='bbox 609 1086 822 1147; x_wconf 89' lang='lat' dir='ltr'><strong>contractum</strong></span> <span class='ocrx_word' id='word_1_43' title='bbox 842 1081 887 1145; x_wconf 87' lang='lat' dir='ltr'><strong>sit</strong></span> <span class='ocrx_word' id='word_1_44' title='bbox 911 1082 1053 1147; x_wconf 83' lang='lat' dir='ltr'><strong>insanie</strong></span> <span class='ocrx_word' id='word_1_45' title='bbox 1074 1080 1243 1156; x_wconf 84' lang='lat' dir='ltr'><strong>Ecclesiae,</strong></span> <span class='ocrx_word' id='word_1_46' title='bbox 1275 1077 1383 1144; x_wconf 91' lang='lat' dir='ltr'><strong>omni-</strong></span> 
     </span>
     <span class='ocr_line' id='line_1_7' title="bbox 210 1175 1384 1273; baseline -0.003 -18"><span class='ocrx_word' id='word_1_47' title='bbox 210 1190 342 1273; x_wconf 85' lang='lat' dir='ltr'><strong>busque</strong></span> <span class='ocrx_word' id='word_1_48' title='bbox 355 1189 513 1255; x_wconf 78' lang='lat' dir='ltr'><strong>adhibitis</strong></span> <span class='ocrx_word' id='word_1_49' title='bbox 526 1190 797 1256; x_wconf 86' lang='lat' dir='ltr'><strong>solemnitatibus</strong></span> <span class='ocrx_word' id='word_1_50' title='bbox 811 1211 818 1268; x_wconf 80' lang='lat'><em>3</em></span> <span class='ocrx_word' id='word_1_51' title='bbox 839 1191 871 1254; x_wconf 68' lang='lat'><strong>2⁰</strong></span> <span class='ocrx_word' id='word_1_52' title='bbox 886 1196 925 1254; x_wconf 91' lang='lat' dir='ltr'><strong>ut</strong></span> <span class='ocrx_word' id='word_1_53' title='bbox 942 1193 1153 1256; x_wconf 87' lang='lat' dir='ltr'><strong>contractum</strong></span> <span class='ocrx_word' id='word_1_54' title='bbox 1173 1175 1276 1254; x_wconf 84' lang='lat' dir='ltr'><strong>suerit</strong></span> <span class='ocrx_word' id='word_1_55' title='bbox 1294 1189 1384 1253; x_wconf 88' lang='lat' dir='ltr'><strong>bona</strong></span> 
     </span>
     <span class='ocr_line' id='line_1_8' title="bbox 210 1295 1385 1381; baseline -0.002 -21"><span class='ocrx_word' id='word_1_56' title='bbox 210 1297 277 1361; x_wconf 89' lang='lat' dir='ltr'><strong>ssde</strong></span> <span class='ocrx_word' id='word_1_57' title='bbox 294 1317 336 1362; x_wconf 83' lang='lat' dir='ltr'><strong>ex</strong></span> <span class='ocrx_word' id='word_1_58' title='bbox 347 1299 434 1381; x_wconf 85' lang='lat' dir='ltr'><strong>juris</strong></span> <span class='ocrx_word' id='word_1_59' title='bbox 447 1303 506 1362; x_wconf 87' lang='lat' dir='ltr'><strong>aut</strong></span> <span class='ocrx_word' id='word_1_60' title='bbox 515 1298 594 1363; x_wconf 86' lang='lat' dir='ltr'><strong>lacti</strong></span> <span class='ocrx_word' id='word_1_61' title='bbox 608 1299 816 1380; x_wconf 78' lang='lat' dir='ltr'><strong>ignorantia3</strong></span> <span class='ocrx_word' id='word_1_62' title='bbox 832 1299 864 1362; x_wconf 77' lang='lat'><strong>3⁰</strong></span> <span class='ocrx_word' id='word_1_63' title='bbox 878 1304 915 1362; x_wconf 92' lang='lat' dir='ltr'><strong>ut</strong></span> <span class='ocrx_word' id='word_1_64' title='bbox 932 1298 975 1362; x_wconf 91' lang='lat' dir='ltr'><strong>sit</strong></span> <span class='ocrx_word' id='word_1_65' title='bbox 989 1301 1283 1372; x_wconf 65' lang='lat' dir='ltr'><strong>consummatum</strong></span> <span class='ocrx_word' id='word_1_66' title='bbox 1300 1295 1333 1358; x_wconf 79' lang='grc' dir='ltr'><strong>1ο</strong></span> <span class='ocrx_word' id='word_1_67' title='bbox 1346 1300 1385 1360; x_wconf 88' lang='lat' dir='ltr'><strong>ut</strong></span> 
     </span>
     <span class='ocr_line' id='line_1_9' title="bbox 211 1403 1383 1489; baseline 0 -21"><span class='ocrx_word' id='word_1_68' title='bbox 211 1405 493 1489; x_wconf 86' lang='lat' dir='ltr'><strong>impedimentum</strong></span> <span class='ocrx_word' id='word_1_69' title='bbox 513 1407 557 1470; x_wconf 91' lang='lat' dir='ltr'><strong>sit</strong></span> <span class='ocrx_word' id='word_1_70' title='bbox 578 1405 768 1482; x_wconf 90' lang='lat' dir='ltr'><strong>occultum;</strong></span> <span class='ocrx_word' id='word_1_71' title='bbox 790 1409 822 1470; x_wconf 78' lang='grc' dir='ltr'><strong>5ο</strong></span> <span class='ocrx_word' id='word_1_72' title='bbox 847 1411 885 1471; x_wconf 91' lang='lat' dir='ltr'><strong>ut</strong></span> <span class='ocrx_word' id='word_1_73' title='bbox 907 1423 978 1472; x_wconf 90' lang='lat' dir='ltr'><strong>non</strong></span> <span class='ocrx_word' id='word_1_74' title='bbox 1000 1407 1108 1489; x_wconf 91' lang='lat' dir='ltr'><strong>possit</strong></span> <span class='ocrx_word' id='word_1_75' title='bbox 1125 1406 1200 1470; x_wconf 87' lang='lat' dir='ltr'><strong>sseri</strong></span> <span class='ocrx_word' id='word_1_76' title='bbox 1215 1403 1383 1486; x_wconf 82' lang='lat' dir='ltr'><strong>separatio</strong></span> 
     </span>
     <span class='ocr_line' id='line_1_10' title="bbox 170 1513 1384 1598; baseline -0.002 -20"><span class='ocrx_word' id='word_1_77' title='bbox 170 1584 173 1594; x_wconf 28' lang='grc' dir='ltr'>Ι</span> <span class='ocrx_word' id='word_1_78' title='bbox 213 1513 285 1578; x_wconf 90' lang='lat' dir='ltr'><strong>sine</strong></span> <span class='ocrx_word' id='word_1_79' title='bbox 316 1513 495 1590; x_wconf 86' lang='lat' dir='ltr'><strong>seandalo;</strong></span> <span class='ocrx_word' id='word_1_80' title='bbox 517 1515 646 1579; x_wconf 85' lang='lat' dir='ltr'><strong>addens</strong></span> <span class='ocrx_word' id='word_1_81' title='bbox 670 1532 773 1597; x_wconf 90' lang='lat' dir='ltr'><strong>super</strong></span> <span class='ocrx_word' id='word_1_82' title='bbox 786 1513 877 1598; x_wconf 91' lang='lat' dir='ltr'><strong>quod</strong></span> <span class='ocrx_word' id='word_1_83' title='bbox 902 1539 917 1572; x_wconf 75' lang='grc' dir='ltr'><strong>ιι</strong></span> <span class='ocrx_word' id='word_1_84' title='bbox 939 1514 968 1578; x_wconf 89' lang='lat' dir='ltr'><strong>si</strong></span> <span class='ocrx_word' id='word_1_85' title='bbox 988 1513 1283 1596; x_wconf 88' lang='lat' dir='ltr'><strong>impedimentum,</strong></span> <span class='ocrx_word' id='word_1_86' title='bbox 1305 1515 1384 1576; x_wconf 87' lang='lat' dir='ltr'><strong>ante</strong></span> 
     </span>
     <span class='ocr_line' id='line_1_11' title="bbox 212 1621 1386 1707; baseline -0.003 -19"><span class='ocrx_word' id='word_1_87' title='bbox 212 1623 393 1702; x_wconf 86' lang='lat' dir='ltr'><strong>occultum,</strong></span> <span class='ocrx_word' id='word_1_88' title='bbox 411 1628 531 1707; x_wconf 86' lang='lat' dir='ltr'><strong>postea</strong></span> <span class='ocrx_word' id='word_1_89' title='bbox 552 1624 731 1705; x_wconf 80' lang='lat' dir='ltr'><strong>detegatur</strong></span> <span class='ocrx_word' id='word_1_90' title='bbox 754 1627 788 1686; x_wconf 88' lang='lat' dir='ltr'><strong>et</strong></span> <span class='ocrx_word' id='word_1_91' title='bbox 809 1623 996 1688; x_wconf 87' lang='lat' dir='ltr'><strong>deducatur</strong></span> <span class='ocrx_word' id='word_1_92' title='bbox 1014 1622 1057 1689; x_wconf 87' lang='lat' dir='ltr'><strong>ad</strong></span> <span class='ocrx_word' id='word_1_93' title='bbox 1070 1625 1184 1688; x_wconf 84' lang='lat' dir='ltr'><strong>lorum</strong></span> <span class='ocrx_word' id='word_1_94' title='bbox 1197 1621 1386 1686; x_wconf 89' lang='lat' dir='ltr'><strong>contentio-</strong></span> 
     </span>
     <span class='ocr_line' id='line_1_12' title="bbox 213 1728 1386 1815; baseline -0.002 -19"><span class='ocrx_word' id='word_1_95' title='bbox 213 1749 300 1808; x_wconf 91' lang='lat' dir='ltr'><strong>sum,</strong></span> <span class='ocrx_word' id='word_1_96' title='bbox 327 1749 413 1815; x_wconf 88' lang='lat' dir='ltr'><strong>opus</strong></span> <span class='ocrx_word' id='word_1_97' title='bbox 434 1731 477 1796; x_wconf 89' lang='lat' dir='ltr'><strong>sit</strong></span> <span class='ocrx_word' id='word_1_98' title='bbox 499 1749 591 1796; x_wconf 85' lang='lat' dir='ltr'><strong>nova</strong></span> <span class='ocrx_word' id='word_1_99' title='bbox 615 1731 869 1814; x_wconf 86' lang='lat' dir='ltr'><strong>dispensatione</strong></span> <span class='ocrx_word' id='word_1_100' title='bbox 890 1749 910 1796; x_wconf 88' lang='lat' dir='ltr'><strong>a</strong></span> <span class='ocrx_word' id='word_1_101' title='bbox 931 1731 1072 1796; x_wconf 89' lang='lat' dir='ltr'><strong>Summo</strong></span> <span class='ocrx_word' id='word_1_102' title='bbox 1099 1728 1260 1796; x_wconf 89' lang='lat' dir='ltr'><strong>Pontissce</strong></span> <span class='ocrx_word' id='word_1_103' title='bbox 1281 1730 1386 1812; x_wconf 89' lang='lat' dir='ltr'><strong>impe-</strong></span> 
     </span>
     <span class='ocr_line' id='line_1_13' title="bbox 214 1839 1386 1924; baseline -0.003 -21"><span class='ocrx_word' id='word_1_104' title='bbox 214 1840 335 1906; x_wconf 87' lang='lat' dir='ltr'><strong>tranda</strong></span> <span class='ocrx_word' id='word_1_105' title='bbox 343 1840 495 1917; x_wconf 85' lang='lat' dir='ltr'><strong>».Quoad</strong></span> <span class='ocrx_word' id='word_1_106' title='bbox 505 1840 794 1923; x_wconf 83' lang='lat' dir='ltr'><strong>dispensationem</strong></span> <span class='ocrx_word' id='word_1_107' title='bbox 802 1859 883 1906; x_wconf 90' lang='lat' dir='ltr'><strong>vero</strong></span> <span class='ocrx_word' id='word_1_108' title='bbox 892 1839 1386 1924; x_wconf 86' lang='lat' dir='ltr'><strong>dictorumimpedimentorum</strong></span> 
     </span>
     <span class='ocr_line' id='line_1_14' title="bbox 213 1947 1384 2030; baseline 0 -20"><span class='ocrx_word' id='word_1_109' title='bbox 213 1966 274 2030; x_wconf 91' lang='lat' dir='ltr'><strong>pro</strong></span> <span class='ocrx_word' id='word_1_110' title='bbox 286 1948 502 2014; x_wconf 84' lang='lat' dir='ltr'><strong>matrimonio</strong></span> <span class='ocrx_word' id='word_1_111' title='bbox 517 1948 760 2024; x_wconf 82' lang='lat' dir='ltr'><strong>contrahendo,</strong></span> <span class='ocrx_word' id='word_1_112' title='bbox 775 1966 853 2012; x_wconf 89' lang='lat' dir='ltr'><strong>cum</strong></span> <span class='ocrx_word' id='word_1_113' title='bbox 868 1949 952 2014; x_wconf 90' lang='lat' dir='ltr'><strong>tales</strong></span> <span class='ocrx_word' id='word_1_114' title='bbox 972 1951 1096 2030; x_wconf 82' lang='lat' dir='ltr'><strong>urgent</strong></span> <span class='ocrx_word' id='word_1_115' title='bbox 1111 1947 1384 2021; x_wconf 72' lang='lat' dir='ltr'><strong>circumstantia,</strong></span> 
     </span>
     <span class='ocr_line' id='line_1_15' title="bbox 142 2055 1388 2145; baseline -0.001 -26"><span class='ocrx_word' id='word_1_116' title='bbox 142 2135 146 2145; x_wconf 29' lang='grc' dir='ltr'><strong><em>Ι</em></strong></span> <span class='ocrx_word' id='word_1_117' title='bbox 215 2061 252 2119; x_wconf 91' lang='lat' dir='ltr'><strong>ut</strong></span> <span class='ocrx_word' id='word_1_118' title='bbox 262 2073 324 2120; x_wconf 90' lang='lat' dir='ltr'><strong>nee</strong></span> <span class='ocrx_word' id='word_1_119' title='bbox 333 2056 421 2139; x_wconf 88' lang='lat' dir='ltr'><strong>Papa</strong></span> <span class='ocrx_word' id='word_1_120' title='bbox 431 2055 573 2134; x_wconf 85' lang='lat' dir='ltr'><strong>consuli,</strong></span> <span class='ocrx_word' id='word_1_121' title='bbox 589 2075 651 2122; x_wconf 90' lang='lat' dir='ltr'><strong>neo</strong></span> <span class='ocrx_word' id='word_1_122' title='bbox 663 2056 930 2134; x_wconf 87' lang='lat' dir='ltr'><strong>matrimonium,</strong></span> <span class='ocrx_word' id='word_1_123' title='bbox 943 2057 986 2121; x_wconf 89' lang='lat' dir='ltr'><strong>ad</strong></span> <span class='ocrx_word' id='word_1_124' title='bbox 998 2056 1089 2140; x_wconf 87' lang='lat' dir='ltr'><strong>quod</strong></span> <span class='ocrx_word' id='word_1_125' title='bbox 1102 2056 1217 2120; x_wconf 88' lang='lat' dir='ltr'><strong>emnia</strong></span> <span class='ocrx_word' id='word_1_126' title='bbox 1227 2058 1308 2119; x_wconf 92' lang='lat' dir='ltr'><strong>sunt</strong></span> <span class='ocrx_word' id='word_1_127' title='bbox 1322 2055 1388 2118; x_wconf 92' lang='lat' dir='ltr'><strong>dis-</strong></span> 
     </span>
     <span class='ocr_line' id='line_1_16' title="bbox 214 2163 1389 2248; baseline -0.003 -19"><span class='ocrx_word' id='word_1_128' title='bbox 214 2163 335 2246; x_wconf 86' lang='lat' dir='ltr'><strong>posite,</strong></span> <span class='ocrx_word' id='word_1_129' title='bbox 352 2164 479 2229; x_wconf 84' lang='lat' dir='ltr'><strong>differri</strong></span> <span class='ocrx_word' id='word_1_130' title='bbox 492 2165 601 2248; x_wconf 89' lang='lat' dir='ltr'><strong>possit</strong></span> <span class='ocrx_word' id='word_1_131' title='bbox 613 2167 686 2230; x_wconf 87' lang='lat' dir='ltr'><strong>sine</strong></span> <span class='ocrx_word' id='word_1_132' title='bbox 704 2165 862 2231; x_wconf 86' lang='lat' dir='ltr'><strong>scandalo</strong></span> <span class='ocrx_word' id='word_1_133' title='bbox 879 2170 913 2230; x_wconf 93' lang='lat' dir='ltr'><strong>et</strong></span> <span class='ocrx_word' id='word_1_134' title='bbox 921 2171 1118 2248; x_wconf 87' lang='lat' dir='ltr'><strong>paratorum</strong></span> <span class='ocrx_word' id='word_1_135' title='bbox 1133 2165 1175 2230; x_wconf 90' lang='lat' dir='ltr'><strong>ad</strong></span> <span class='ocrx_word' id='word_1_136' title='bbox 1191 2164 1326 2247; x_wconf 84' lang='lat' dir='ltr'><strong>nuptias</strong></span> <span class='ocrx_word' id='word_1_137' title='bbox 1340 2163 1389 2226; x_wconf 92' lang='lat' dir='ltr'><strong>in-</strong></span> 
     </span>
     <span class='ocr_line' id='line_1_17' title="bbox 214 2261 1389 2358; baseline 0.001 -21"><span class='ocrx_word' id='word_1_138' title='bbox 214 2273 327 2350; x_wconf 79' lang='lat' dir='ltr'><strong>famia,</strong></span> <span class='ocrx_word' id='word_1_139' title='bbox 340 2261 519 2340; x_wconf 78' lang='lat' dir='ltr'><strong>licet&#39;hano</strong></span> <span class='ocrx_word' id='word_1_140' title='bbox 538 2276 735 2341; x_wconf 76' lang='lat' dir='ltr'><strong>facultatem</strong></span> <span class='ocrx_word' id='word_1_141' title='bbox 751 2281 905 2342; x_wconf 86' lang='lat' dir='ltr'><strong>asserant</strong></span> <span class='ocrx_word' id='word_1_142' title='bbox 927 2276 1086 2358; x_wconf 88' lang='lat' dir='ltr'><strong>episeopo</strong></span> <span class='ocrx_word' id='word_1_143' title='bbox 1101 2273 1167 2336; x_wconf 84' lang='lat' dir='ltr'><strong>bb.</strong></span> <span class='ocrx_word' id='word_1_144' title='bbox 1186 2273 1312 2337; x_wconf 89' lang='lat' dir='ltr'><strong>ibidem</strong></span> <span class='ocrx_word' id='word_1_145' title='bbox 1333 2291 1389 2338; x_wconf 85' lang='lat' dir='ltr'><strong>ou-¹</strong></span> 
     </span>
     <span class='ocr_line' id='line_1_18' title="bbox 214 2379 1390 2466; baseline -0.001 -22"><span class='ocrx_word' id='word_1_146' title='bbox 214 2381 341 2446; x_wconf 90' lang='lat' dir='ltr'><strong>mulate</strong></span> <span class='ocrx_word' id='word_1_147' title='bbox 356 2381 453 2446; x_wconf 86' lang='lat' dir='ltr'><strong>relati</strong></span> <span class='ocrx_word' id='word_1_148' title='bbox 475 2384 511 2446; x_wconf 92' lang='lat' dir='ltr'><strong>in</strong></span> <span class='ocrx_word' id='word_1_149' title='bbox 534 2383 786 2466; x_wconf 89' lang='lat' dir='ltr'><strong>impedimentis</strong></span> <span class='ocrx_word' id='word_1_150' title='bbox 801 2383 951 2458; x_wconf 88' lang='lat' dir='ltr'><strong>occultis,</strong></span> <span class='ocrx_word' id='word_1_151' title='bbox 975 2382 1066 2448; x_wconf 86' lang='lat' dir='ltr'><strong>illam</strong></span> <span class='ocrx_word' id='word_1_152' title='bbox 1086 2387 1200 2446; x_wconf 90' lang='lat' dir='ltr'><strong>tamen</strong></span> <span class='ocrx_word' id='word_1_153' title='bbox 1216 2379 1390 2445; x_wconf 89' lang='lat' dir='ltr'><strong>communi</strong></span> 
     </span>
     <span class='ocr_line' id='line_1_19' title="bbox 215 2489 1391 2574; baseline -0.001 -22"><span class='ocrx_word' id='word_1_154' title='bbox 215 2489 285 2574; x_wconf 82' lang='lat' dir='ltr'><strong>fere</strong></span> <span class='ocrx_word' id='word_1_155' title='bbox 300 2489 428 2554; x_wconf 89' lang='lat' dir='ltr'><strong>calculo</strong></span> <span class='ocrx_word' id='word_1_156' title='bbox 443 2490 554 2554; x_wconf 90' lang='lat' dir='ltr'><strong>eidem</strong></span> <span class='ocrx_word' id='word_1_157' title='bbox 567 2491 739 2572; x_wconf 84' lang='lat' dir='ltr'><strong>denegant</strong></span> <span class='ocrx_word' id='word_1_158' title='bbox 753 2492 788 2555; x_wconf 90' lang='lat' dir='ltr'><strong>in</strong></span> <span class='ocrx_word' id='word_1_159' title='bbox 804 2490 956 2574; x_wconf 87' lang='lat' dir='ltr'><strong>publicis.</strong></span> <span class='ocrx_word' id='word_1_160' title='bbox 973 2489 1056 2568; x_wconf 90' lang='lat' dir='ltr'><strong>lmo,</strong></span> <span class='ocrx_word' id='word_1_161' title='bbox 1074 2494 1155 2554; x_wconf 88' lang='lat' dir='ltr'><strong>sunt</strong></span> <span class='ocrx_word' id='word_1_162' title='bbox 1168 2490 1272 2554; x_wconf 89' lang='lat' dir='ltr'><strong>verba</strong></span> <span class='ocrx_word' id='word_1_163' title='bbox 1285 2489 1391 2552; x_wconf 90' lang='lat' dir='ltr'><strong>Bene-</strong></span> 
     </span>
     <span class='ocr_line' id='line_1_20' title="bbox 217 2597 1454 2682; baseline -0.002 -20"><span class='ocrx_word' id='word_1_164' title='bbox 217 2597 311 2662; x_wconf 89' lang='lat' dir='ltr'><strong>dicti:</strong></span> <span class='ocrx_word' id='word_1_165' title='bbox 326 2623 342 2654; x_wconf 88' lang='lat'>«</span> <span class='ocrx_word' id='word_1_166' title='bbox 353 2597 424 2662; x_wconf 89' lang='lat' dir='ltr'><strong>Sac.</strong></span> <span class='ocrx_word' id='word_1_167' title='bbox 440 2597 535 2664; x_wconf 90' lang='lat' dir='ltr'><strong>Urbis</strong></span> <span class='ocrx_word' id='word_1_168' title='bbox 550 2599 849 2682; x_wconf 72' lang='lat' dir='ltr'><strong>congregationes,</strong></span> <span class='ocrx_word' id='word_1_169' title='bbox 860 2599 996 2665; x_wconf 82' lang='lat' dir='ltr'><strong>Consilii</strong></span> <span class='ocrx_word' id='word_1_170' title='bbox 1006 2598 1163 2664; x_wconf 88' lang='lat' dir='ltr'><strong>videlicet</strong></span> <span class='ocrx_word' id='word_1_171' title='bbox 1174 2617 1212 2663; x_wconf 89' lang='lat' dir='ltr'><strong>ac</strong></span> <span class='ocrx_word' id='word_1_172' title='bbox 1223 2615 1390 2681; x_wconf 73' lang='lat' dir='ltr'><strong>supreme</strong></span> <span class='ocrx_word' id='word_1_173' title='bbox 1451 2673 1454 2679; x_wconf 24' lang='grc'>1</span> 
     </span>
     <span class='ocr_line' id='line_1_21' title="bbox 191 2706 1391 2794; baseline -0.001 -25"><span class='ocrx_word' id='word_1_174' title='bbox 191 2783 195 2794; x_wconf 30' lang='lat'>¹</span> <span class='ocrx_word' id='word_1_175' title='bbox 217 2706 459 2791; x_wconf 84' lang='lat' dir='ltr'><strong>Inquisitionis,</strong></span> <span class='ocrx_word' id='word_1_176' title='bbox 476 2726 545 2773; x_wconf 91' lang='lat' dir='ltr'><strong>non</strong></span> <span class='ocrx_word' id='word_1_177' title='bbox 561 2708 668 2773; x_wconf 91' lang='lat' dir='ltr'><strong>semel</strong></span> <span class='ocrx_word' id='word_1_178' title='bbox 682 2709 963 2792; x_wconf 89' lang='lat' dir='ltr'><strong>proscripserunt,</strong></span> <span class='ocrx_word' id='word_1_179' title='bbox 983 2713 1145 2791; x_wconf 87' lang='lat' dir='ltr'><strong>tanquam</strong></span> <span class='ocrx_word' id='word_1_180' title='bbox 1160 2706 1283 2772; x_wconf 88' lang='lat' dir='ltr'><strong>lalsam·</strong></span> <span class='ocrx_word' id='word_1_181' title='bbox 1296 2710 1330 2770; x_wconf 86' lang='lat' dir='ltr'><strong>et</strong></span> <span class='ocrx_word' id='word_1_182' title='bbox 1343 2710 1391 2769; x_wconf 89' lang='lat' dir='ltr'><strong>te-</strong></span> 
     </span>
     <span class='ocr_line' id='line_1_22' title="bbox 218 2813 1391 2900; baseline -0.002 -22"><span class='ocrx_word' id='word_1_183' title='bbox 218 2815 409 2892; x_wconf 86' lang='lat' dir='ltr'><strong>merariam,</strong></span> <span class='ocrx_word' id='word_1_184' title='bbox 425 2815 694 2898; x_wconf 88' lang='lat' dir='ltr'><strong>propositionem</strong></span> <span class='ocrx_word' id='word_1_185' title='bbox 709 2821 919 2882; x_wconf 86' lang='lat' dir='ltr'><strong>asserentem</strong></span> <span class='ocrx_word' id='word_1_186' title='bbox 935 2817 1091 2900; x_wconf 90' lang='lat' dir='ltr'><strong>episeopo</strong></span> <span class='ocrx_word' id='word_1_187' title='bbox 1103 2817 1161 2899; x_wconf 87' lang='lat' dir='ltr'><strong>jus</strong></span> <span class='ocrx_word' id='word_1_188' title='bbox 1175 2813 1391 2898; x_wconf 87' lang='lat' dir='ltr'><strong>dispensandi</strong></span> 
     </span>
     <span class='ocr_line' id='line_1_23' title="bbox 219 2921 1393 3008; baseline -0.002 -21"><span class='ocrx_word' id='word_1_189' title='bbox 219 2940 321 3005; x_wconf 90' lang='lat' dir='ltr'><strong>super</strong></span> <span class='ocrx_word' id='word_1_190' title='bbox 333 2921 576 3005; x_wconf 86' lang='lat' dir='ltr'><strong>impedimento</strong></span> <span class='ocrx_word' id='word_1_191' title='bbox 593 2924 771 2989; x_wconf 90' lang='lat' dir='ltr'><strong>dirimente</strong></span> <span class='ocrx_word' id='word_1_192' title='bbox 781 2924 1016 3008; x_wconf 87' lang='lat' dir='ltr'><strong>publicoquod</strong></span> <span class='ocrx_word' id='word_1_193' title='bbox 1027 2921 1393 2988; x_wconf 86' lang='lat' dir='ltr'><strong>obsistatmatrimonio</strong></span> 
     </span>
     <span class='ocr_line' id='line_1_24' title="bbox 218 3029 1392 3114; baseline -0.003 -18"><span class='ocrx_word' id='word_1_194' title='bbox 218 3029 468 3106; x_wconf 85' lang='lat' dir='ltr'><strong>contrahendo,</strong></span> <span class='ocrx_word' id='word_1_195' title='bbox 498 3031 632 3096; x_wconf 86' lang='lat' dir='ltr'><strong>etiamsi</strong></span> <span class='ocrx_word' id='word_1_196' title='bbox 653 3031 767 3113; x_wconf 78' lang='lat' dir='ltr'><strong>gravis</strong></span> <span class='ocrx_word' id='word_1_197' title='bbox 787 3037 907 3114; x_wconf 84' lang='lat' dir='ltr'><strong>urgeat</strong></span> <span class='ocrx_word' id='word_1_198' title='bbox 927 3032 1009 3097; x_wconf 91' lang='lat' dir='ltr'><strong>illud</strong></span> <span class='ocrx_word' id='word_1_199' title='bbox 1032 3030 1252 3097; x_wconf 85' lang='lat' dir='ltr'><strong>contrahendi</strong></span> <span class='ocrx_word' id='word_1_200' title='bbox 1275 3047 1392 3094; x_wconf 87' lang='lat' dir='ltr'><strong>neces-</strong></span> 
     </span>
     <span class='ocr_line' id='line_1_25' title="bbox 219 3135 1394 3223; baseline -0.003 -21"><span class='ocrx_word' id='word_1_201' title='bbox 219 3139 316 3215; x_wconf 82' lang='lat' dir='ltr'><strong>sitas3</strong></span> <span class='ocrx_word' id='word_1_202' title='bbox 339 3146 376 3203; x_wconf 86' lang='lat' dir='ltr'><strong>ut</strong></span> <span class='ocrx_word' id='word_1_203' title='bbox 390 3140 506 3205; x_wconf 85' lang='lat' dir='ltr'><strong>videre</strong></span> <span class='ocrx_word' id='word_1_204' title='bbox 524 3143 576 3204; x_wconf 89' lang='lat' dir='ltr'><strong>est</strong></span> <span class='ocrx_word' id='word_1_205' title='bbox 592 3140 683 3223; x_wconf 87' lang='lat' dir='ltr'><strong>apud</strong></span> <span class='ocrx_word' id='word_1_206' title='bbox 700 3139 819 3205; x_wconf 85' lang='lat' dir='ltr'><strong>Joann.</strong></span> <span class='ocrx_word' id='word_1_207' title='bbox 836 3139 974 3222; x_wconf 87' lang='lat' dir='ltr'><strong>Baptist.</strong></span> <span class='ocrx_word' id='word_1_208' title='bbox 994 3139 1225 3220; x_wconf 85' lang='lat' dir='ltr'><strong>Rigantium...</strong></span> <span class='ocrx_word' id='word_1_209' title='bbox 1242 3143 1335 3201; x_wconf 91' lang='lat' dir='ltr'><strong>tomo</strong></span> <span class='ocrx_word' id='word_1_210' title='bbox 1354 3135 1394 3198; x_wconf 83' lang='lat' dir='ltr'><strong>lv</strong></span> 
     </span>
     <span class='ocr_line' id='line_1_26' title="bbox 221 3244 1392 3344; baseline -0.003 -34"><span class='ocrx_word' id='word_1_211' title='bbox 221 3246 448 3312; x_wconf 80' lang='lat' dir='ltr'><strong>Commentur.</strong></span> <span class='ocrx_word' id='word_1_212' title='bbox 466 3249 501 3311; x_wconf 86' lang='lat' dir='ltr'><strong>in</strong></span> <span class='ocrx_word' id='word_1_213' title='bbox 514 3249 621 3332; x_wconf 73' lang='lat' dir='ltr'><strong>repul.</strong></span> <span class='ocrx_word' id='word_1_214' title='bbox 640 3246 787 3326; x_wconf 78' lang='lat' dir='ltr'><strong>Censet,</strong></span> <span class='ocrx_word' id='word_1_215' title='bbox 804 3247 839 3310; x_wconf 91' lang='lat' dir='ltr'><strong>in</strong></span> <span class='ocrx_word' id='word_1_216' title='bbox 854 3248 944 3344; x_wconf 80' lang='lat' dir='ltr'><strong>aptis</strong></span> <span class='ocrx_word' id='word_1_217' title='bbox 958 3247 1001 3311; x_wconf 90' lang='lat' dir='ltr'><strong>ad</strong></span> <span class='ocrx_word' id='word_1_218' title='bbox 1014 3246 1122 3328; x_wconf 82' lang='lat' dir='ltr'><strong>regul.</strong></span> <span class='ocrx_word' id='word_1_219' title='bbox 1140 3266 1221 3322; x_wconf 85' lang='lat' dir='ltr'><strong>xux,</strong></span> <span class='ocrx_word' id='word_1_220' title='bbox 1241 3264 1275 3308; x_wconf 91' lang='lat' dir='ltr'><strong>n.</strong></span> <span class='ocrx_word' id='word_1_221' title='bbox 1289 3246 1304 3308; x_wconf 94' lang='grc'><strong>1</strong></span> <span class='ocrx_word' id='word_1_222' title='bbox 1318 3249 1352 3308; x_wconf 89' lang='lat' dir='ltr'><strong>et</strong></span> <span class='ocrx_word' id='word_1_223' title='bbox 1362 3244 1392 3318; x_wconf 80' lang='grc'><strong>8,</strong></span> 
     </span>
     <span class='ocr_line' id='line_1_27' title="bbox 220 3353 1395 3438; baseline -0.002 -20"><span class='ocrx_word' id='word_1_224' title='bbox 220 3355 277 3418; x_wconf 91' lang='lat' dir='ltr'><strong>ubi</strong></span> <span class='ocrx_word' id='word_1_225' title='bbox 308 3355 339 3419; x_wconf 87' lang='lat' dir='ltr'><strong>S.</strong></span> <span class='ocrx_word' id='word_1_226' title='bbox 363 3356 485 3436; x_wconf 82' lang='lat' dir='ltr'><strong>Congr.</strong></span> <span class='ocrx_word' id='word_1_227' title='bbox 513 3373 678 3438; x_wconf 88' lang='lat' dir='ltr'><strong>responsa</strong></span> <span class='ocrx_word' id='word_1_228' title='bbox 701 3373 836 3420; x_wconf 89' lang='lat' dir='ltr'><strong>summa</strong></span> <span class='ocrx_word' id='word_1_229' title='bbox 865 3355 1039 3436; x_wconf 83' lang='lat' dir='ltr'><strong>diligentia</strong></span> <span class='ocrx_word' id='word_1_230' title='bbox 1061 3358 1224 3436; x_wconf 84' lang='lat' dir='ltr'><strong>congesta</strong></span> <span class='ocrx_word' id='word_1_231' title='bbox 1226 3401 1286 3416; x_wconf 93' lang='grc'><strong><em>.....</em></strong></span> <span class='ocrx_word' id='word_1_232' title='bbox 1312 3353 1395 3416; x_wconf 86' lang='lat' dir='ltr'><strong>rele-</strong></span> 
     </span>
     <span class='ocr_line' id='line_1_28' title="bbox 221 3451 887 3548; baseline -0.006 -20"><span class='ocrx_word' id='word_1_233' title='bbox 221 3470 343 3529; x_wconf 90' lang='lat' dir='ltr'><strong>runtur</strong></span> <span class='ocrx_word' id='word_1_234' title='bbox 358 3465 409 3548; x_wconf 82' lang='grc'><strong>(1).</strong></span> <span class='ocrx_word' id='word_1_235' title='bbox 428 3468 458 3548; x_wconf 86' lang='grc'><strong>»)</strong></span> <span class='ocrx_word' id='word_1_236' title='bbox 881 3451 887 3460; x_wconf 70' lang='grc'><strong>’</strong></span> 
     </span>
    </p>

    <p class='ocr_par' dir='ltr' id='par_1_4' title="bbox 221 3573 1401 4418">
     <span class='ocr_line' id='line_1_29' title="bbox 260 3573 1397 3658; baseline 0.001 -22"><span class='ocrx_word' id='word_1_237' title='bbox 260 3573 292 3636; x_wconf 87' lang='grc' dir='ltr'><strong>1ο</strong></span> <span class='ocrx_word' id='word_1_238' title='bbox 306 3573 382 3638; x_wconf 85' lang='lat' dir='ltr'><strong>llaec</strong></span> <span class='ocrx_word' id='word_1_239' title='bbox 395 3579 557 3658; x_wconf 88' lang='lat' dir='ltr'><strong>potestas,</strong></span> <span class='ocrx_word' id='word_1_240' title='bbox 572 3592 650 3640; x_wconf 92' lang='lat' dir='ltr'><strong>cum</strong></span> <span class='ocrx_word' id='word_1_241' title='bbox 664 3575 708 3638; x_wconf 90' lang='lat' dir='ltr'><strong>sit</strong></span> <span class='ocrx_word' id='word_1_242' title='bbox 722 3573 969 3657; x_wconf 86' lang='lat' dir='ltr'><strong>jurisdictionis</strong></span> <span class='ocrx_word' id='word_1_243' title='bbox 990 3573 1167 3638; x_wconf 69' lang='lat' dir='ltr'><strong>ordinariae</strong></span> <span class='ocrx_word' id='word_1_244' title='bbox 1191 3576 1226 3638; x_wconf 88' lang='lat' dir='ltr'><strong>et</strong></span> <span class='ocrx_word' id='word_1_245' title='bbox 1244 3589 1397 3637; x_wconf 89' lang='lat' dir='ltr'><strong>necessa-</strong></span> 
     </span>
     <span class='ocr_line' id='line_1_30' title="bbox 221 3682 1397 3768; baseline 0 -20"><span class='ocrx_word' id='word_1_246' title='bbox 221 3682 290 3759; x_wconf 72' lang='lat' dir='ltr'><strong>riae,</strong></span> <span class='ocrx_word' id='word_1_247' title='bbox 307 3684 469 3766; x_wconf 87' lang='lat' dir='ltr'><strong>competit</strong></span> <span class='ocrx_word' id='word_1_248' title='bbox 479 3686 582 3749; x_wconf 85' lang='lat' dir='ltr'><strong>etiam</strong></span> <span class='ocrx_word' id='word_1_249' title='bbox 596 3685 753 3768; x_wconf 88' lang='lat' dir='ltr'><strong>capitulo,</strong></span> <span class='ocrx_word' id='word_1_250' title='bbox 775 3684 855 3749; x_wconf 89' lang='lat' dir='ltr'><strong>sede</strong></span> <span class='ocrx_word' id='word_1_251' title='bbox 870 3689 1024 3760; x_wconf 85' lang='lat' dir='ltr'><strong>vacante,</strong></span> <span class='ocrx_word' id='word_1_252' title='bbox 1042 3701 1112 3748; x_wconf 91' lang='lat' dir='ltr'><strong>non</strong></span> <span class='ocrx_word' id='word_1_253' title='bbox 1133 3689 1247 3749; x_wconf 88' lang='lat' dir='ltr'><strong>tamen</strong></span> <span class='ocrx_word' id='word_1_254' title='bbox 1271 3682 1397 3748; x_wconf 76' lang='lat' dir='ltr'><strong>vicario</strong></span> 
     </span>
     <span class='ocr_line' id='line_1_31' title="bbox 221 3790 1396 3877; baseline 0.001 -24"><span class='ocrx_word' id='word_1_255' title='bbox 221 3791 371 3870; x_wconf 83' lang='lat' dir='ltr'><strong>generali</strong></span> <span class='ocrx_word' id='word_1_256' title='bbox 380 3792 538 3876; x_wconf 89' lang='lat' dir='ltr'><strong>episcopi,</strong></span> <span class='ocrx_word' id='word_1_257' title='bbox 550 3793 615 3858; x_wconf 89' lang='lat' dir='ltr'><strong>nisi</strong></span> <span class='ocrx_word' id='word_1_258' title='bbox 631 3795 662 3858; x_wconf 89' lang='lat' dir='ltr'><strong>ei</strong></span> <span class='ocrx_word' id='word_1_259' title='bbox 677 3791 866 3877; x_wconf 82' lang='lat' dir='ltr'><strong>specialiter</strong></span> <span class='ocrx_word' id='word_1_260' title='bbox 887 3793 1118 3858; x_wconf 86' lang='lat' dir='ltr'><strong>committatur</strong></span> <span class='ocrx_word' id='word_1_261' title='bbox 1141 3793 1281 3874; x_wconf 84' lang='lat' dir='ltr'><strong>(argum.</strong></span> <span class='ocrx_word' id='word_1_262' title='bbox 1295 3790 1396 3864; x_wconf 85' lang='lat' dir='ltr'><strong>Trid,</strong></span> 
     </span>
     <span class='ocr_line' id='line_1_32' title="bbox 223 3899 1399 3984; baseline -0.001 -22"><span class='ocrx_word' id='word_1_263' title='bbox 223 3917 307 3962; x_wconf 89' lang='lat' dir='ltr'><strong>sess.</strong></span> <span class='ocrx_word' id='word_1_264' title='bbox 324 3899 373 3976; x_wconf 79' lang='lat' dir='ltr'><strong>sl,</strong></span> <span class='ocrx_word' id='word_1_265' title='bbox 390 3918 461 3983; x_wconf 87' lang='lat' dir='ltr'><strong>cap.</strong></span> <span class='ocrx_word' id='word_1_266' title='bbox 476 3901 506 3976; x_wconf 87' lang='grc'><strong>6,</strong></span> <span class='ocrx_word' id='word_1_267' title='bbox 524 3902 565 3966; x_wconf 85' lang='lat' dir='ltr'><strong>de</strong></span> <span class='ocrx_word' id='word_1_268' title='bbox 578 3902 752 3984; x_wconf 74' lang='lat' dir='ltr'><strong>lissam),</strong></span> <span class='ocrx_word' id='word_1_269' title='bbox 770 3903 849 3984; x_wconf 89' lang='lat' dir='ltr'><strong>quia</strong></span> <span class='ocrx_word' id='word_1_270' title='bbox 862 3903 898 3965; x_wconf 91' lang='lat' dir='ltr'><strong>in</strong></span> <span class='ocrx_word' id='word_1_271' title='bbox 917 3901 1068 3982; x_wconf 81' lang='lat' dir='ltr'><strong>generali</strong></span> <span class='ocrx_word' id='word_1_272' title='bbox 1082 3900 1243 3967; x_wconf 88' lang='lat' dir='ltr'><strong>mandato</strong></span> <span class='ocrx_word' id='word_1_273' title='bbox 1258 3917 1327 3964; x_wconf 91' lang='lat' dir='ltr'><strong>non</strong></span> <span class='ocrx_word' id='word_1_274' title='bbox 1342 3917 1399 3962; x_wconf 89' lang='lat' dir='ltr'><strong>ve-</strong></span> 
     </span>
     <span class='ocr_line' id='line_1_33' title="bbox 224 4008 1400 4094; baseline 0.001 -23"><span class='ocrx_word' id='word_1_275' title='bbox 224 4008 1221 4094; x_wconf 66' lang='lat' dir='ltr'><strong>niuntoasusspecialesetextraordinariiperreg.sxxxrin</strong></span> <span class='ocrx_word' id='word_1_276' title='bbox 1233 4009 1400 4074; x_wconf 52' lang='lat' dir='ltr'><strong>dandae</strong></span> 
     </span>
     <span class='ocr_line' id='line_1_34' title="bbox 223 4113 1401 4200; baseline 0 -21"><span class='ocrx_word' id='word_1_277' title='bbox 223 4117 601 4200; x_wconf 86' lang='lat' dir='ltr'><strong>potestasdispensandi</strong></span> <span class='ocrx_word' id='word_1_278' title='bbox 613 4113 1401 4199; x_wconf 81' lang='lat' dir='ltr'><strong>incasuextraordinarioetnecessitatispotest</strong></span> 
     </span>
     <span class='ocr_line' id='line_1_35' title="bbox 227 4225 1400 4316; baseline 0 -28"><span class='ocrx_word' id='word_1_279' title='bbox 227 4225 442 4310; x_wconf 87' lang='lat' dir='ltr'><strong>abepiscopo</strong></span> <span class='ocrx_word' id='word_1_280' title='bbox 458 4227 608 4308; x_wconf 84' lang='lat' dir='ltr'><strong>delegari</strong></span> <span class='ocrx_word' id='word_1_281' title='bbox 625 4229 827 4312; x_wconf 89' lang='lat' dir='ltr'><strong>cuicumque</strong></span> <span class='ocrx_word' id='word_1_282' title='bbox 846 4229 970 4294; x_wconf 90' lang='lat' dir='ltr'><strong>idoneo</strong></span> <span class='ocrx_word' id='word_1_283' title='bbox 992 4229 1123 4306; x_wconf 90' lang='lat' dir='ltr'><strong>clerico,</strong></span> <span class='ocrx_word' id='word_1_284' title='bbox 1149 4232 1191 4316; x_wconf 17' lang='lat' dir='ltr'><strong>ut*</strong></span> <span class='ocrx_word' id='word_1_285' title='bbox 1209 4226 1400 4291; x_wconf 89' lang='lat' dir='ltr'><strong>communis</strong></span> 
     </span>
     <span class='ocr_line' id='line_1_36' title="bbox 226 4334 1400 4418; baseline 0.003 -21"><span class='ocrx_word' id='word_1_286' title='bbox 226 4351 304 4398; x_wconf 89' lang='lat' dir='ltr'><strong>cum</strong></span> <span class='ocrx_word' id='word_1_287' title='bbox 323 4337 418 4418; x_wconf 86' lang='lat' dir='ltr'><strong>praxi</strong></span> <span class='ocrx_word' id='word_1_288' title='bbox 439 4339 534 4401; x_wconf 92' lang='lat' dir='ltr'><strong>tenet</strong></span> <span class='ocrx_word' id='word_1_289' title='bbox 554 4343 672 4402; x_wconf 87' lang='lat' dir='ltr'><strong>contra</strong></span> <span class='ocrx_word' id='word_1_290' title='bbox 693 4337 798 4416; x_wconf 84' lang='lat' dir='ltr'><strong>Bald,</strong></span> <span class='ocrx_word' id='word_1_291' title='bbox 818 4337 920 4404; x_wconf 85' lang='lat' dir='ltr'><strong>Felin.</strong></span> <span class='ocrx_word' id='word_1_292' title='bbox 945 4343 980 4403; x_wconf 88' lang='lat' dir='ltr'><strong>et</strong></span> <span class='ocrx_word' id='word_1_293' title='bbox 997 4339 1097 4414; x_wconf 85' lang='lat' dir='ltr'><strong>alios;</strong></span> <span class='ocrx_word' id='word_1_294' title='bbox 1116 4355 1195 4403; x_wconf 90' lang='lat' dir='ltr'><strong>nam</strong></span> <span class='ocrx_word' id='word_1_295' title='bbox 1214 4337 1288 4401; x_wconf 89' lang='lat' dir='ltr'><strong>talis</strong></span> <span class='ocrx_word' id='word_1_296' title='bbox 1313 4334 1400 4400; x_wconf 90' lang='lat' dir='ltr'><strong>dele-</strong></span> 
     </span>
    </p>
   </div>
   <div class='ocr_carea' id='block_1_4' title="bbox 225 4523 1475 4744">
    <p class='ocr_par' dir='ltr' id='par_1_5' title="bbox 225 4523 1475 4744">
     <span class='ocr_line' id='line_1_37' title="bbox 256 4523 1475 4594; baseline 0.005 -22"><span class='ocrx_word' id='word_1_297' title='bbox 256 4523 289 4586; x_wconf 73' lang='grc'><strong>11)</strong></span> <span class='ocrx_word' id='word_1_298' title='bbox 307 4524 484 4576; x_wconf 84' lang='lat' dir='ltr'><strong>confirmatur</strong></span> <span class='ocrx_word' id='word_1_299' title='bbox 498 4539 531 4577; x_wconf 84' lang='lat' dir='ltr'><strong>ex</strong></span> <span class='ocrx_word' id='word_1_300' title='bbox 552 4526 729 4580; x_wconf 86' lang='lat' dir='ltr'><strong>declaratione</strong></span> <span class='ocrx_word' id='word_1_301' title='bbox 747 4525 774 4579; x_wconf 87' lang='lat' dir='ltr'><strong>S.</strong></span> <span class='ocrx_word' id='word_1_302' title='bbox 791 4529 933 4582; x_wconf 84' lang='lat' dir='ltr'><strong>Poenitent.</strong></span> <span class='ocrx_word' id='word_1_303' title='bbox 947 4530 975 4578; x_wconf 89' lang='grc'><strong>18</strong></span> <span class='ocrx_word' id='word_1_304' title='bbox 987 4541 1049 4594; x_wconf 81' lang='lat' dir='ltr'><strong>sug.</strong></span> <span class='ocrx_word' id='word_1_305' title='bbox 1059 4529 1130 4590; x_wconf 79' lang='grc'><strong>1872,</strong></span> <span class='ocrx_word' id='word_1_306' title='bbox 1145 4526 1227 4578; x_wconf 85' lang='lat' dir='ltr'><strong>relata</strong></span> <span class='ocrx_word' id='word_1_307' title='bbox 1241 4525 1293 4576; x_wconf 87' lang='lat' dir='ltr'><strong>sS.</strong></span> <span class='ocrx_word' id='word_1_308' title='bbox 1304 4526 1400 4592; x_wconf 74' lang='lat' dir='ltr'><strong>Goagr.</strong></span> <span class='ocrx_word' id='word_1_309' title='bbox 1472 4569 1475 4578; x_wconf 34' lang='grc' dir='ltr'>ι</span> 
     </span>
     <span class='ocr_line' id='line_1_38' title="bbox 225 4597 1400 4667; baseline 0.005 -20"><span class='ocrx_word' id='word_1_310' title='bbox 225 4597 305 4648; x_wconf 77' lang='lat' dir='ltr'><strong>conc.</strong></span> <span class='ocrx_word' id='word_1_311' title='bbox 320 4600 348 4650; x_wconf 83' lang='lat' dir='ltr'><strong>in</strong></span> <span class='ocrx_word' id='word_1_312' title='bbox 361 4599 507 4654; x_wconf 71' lang='lat' dir='ltr'><strong>Ferrarien.</strong></span> <span class='ocrx_word' id='word_1_313' title='bbox 521 4605 551 4652; x_wconf 76' lang='lat'><strong>22</strong></span> <span class='ocrx_word' id='word_1_314' title='bbox 566 4603 641 4666; x_wconf 84' lang='lat' dir='ltr'><strong>joar.</strong></span> <span class='ocrx_word' id='word_1_315' title='bbox 659 4606 729 4655; x_wconf 86' lang='grc'><strong>1881.</strong></span> <span class='ocrx_word' id='word_1_316' title='bbox 746 4603 898 4654; x_wconf 85' lang='lat' dir='ltr'><strong>Notandum</strong></span> <span class='ocrx_word' id='word_1_317' title='bbox 917 4604 1043 4667; x_wconf 88' lang='lat' dir='ltr'><strong>estquod</strong></span> <span class='ocrx_word' id='word_1_318' title='bbox 1057 4601 1323 4654; x_wconf 87' lang='lat' dir='ltr'><strong>omnisconsuetudo</strong></span> <span class='ocrx_word' id='word_1_319' title='bbox 1338 4616 1400 4653; x_wconf 87' lang='lat' dir='ltr'><strong>con·</strong></span> 
     </span>
     <span class='ocr_line' id='line_1_39' title="bbox 226 4673 1148 4744; baseline 0.003 -20"><span class='ocrx_word' id='word_1_320' title='bbox 226 4673 305 4724; x_wconf 73' lang='lat' dir='ltr'><strong>uaria</strong></span> <span class='ocrx_word' id='word_1_321' title='bbox 314 4687 369 4726; x_wconf 86' lang='lat' dir='ltr'><strong>noo</strong></span> <span class='ocrx_word' id='word_1_322' title='bbox 383 4676 462 4728; x_wconf 81' lang='lat' dir='ltr'><strong>valet.</strong></span> <span class='ocrx_word' id='word_1_323' title='bbox 473 4677 548 4742; x_wconf 77' lang='lat' dir='ltr'><strong>(Vide</strong></span> <span class='ocrx_word' id='word_1_324' title='bbox 565 4679 663 4731; x_wconf 88' lang='lat' dir='ltr'><strong>Bened.</strong></span> <span class='ocrx_word' id='word_1_325' title='bbox 676 4681 741 4740; x_wconf 78' lang='lat' dir='ltr'><strong>xlv,</strong></span> <span class='ocrx_word' id='word_1_326' title='bbox 755 4680 787 4729; x_wconf 83' lang='lat' dir='ltr'><strong>cle</strong></span> <span class='ocrx_word' id='word_1_327' title='bbox 801 4681 865 4744; x_wconf 75' lang='lat' dir='ltr'><strong>Syn.</strong></span> <span class='ocrx_word' id='word_1_328' title='bbox 882 4679 966 4740; x_wconf 69' lang='lat' dir='ltr'><strong>cline..</strong></span> <span class='ocrx_word' id='word_1_329' title='bbox 980 4679 999 4730; x_wconf 92' lang='lat' dir='ltr'><strong>l.</strong></span> <span class='ocrx_word' id='word_1_330' title='bbox 1013 4679 1055 4739; x_wconf 83' lang='lat' dir='ltr'><strong>lx,</strong></span> <span class='ocrx_word' id='word_1_331' title='bbox 1071 4694 1093 4728; x_wconf 87' lang='lat' dir='ltr'><strong>e.</strong></span> <span class='ocrx_word' id='word_1_332' title='bbox 1108 4681 1148 4734; x_wconf 87' lang='lat' dir='ltr'><strong>ul.</strong></span> 
     </span>
    </p>
   </div>
   <div class='ocr_carea' id='block_1_5' title="bbox 0 0 1770 5556">
    <p class='ocr_par' dir='ltr' id='par_1_6' title="bbox 0 0 1770 5556">
     <span class='ocr_line' id='line_1_40' title="bbox 0 0 1770 5556; baseline 0 0"><span class='ocrx_word' id='word_1_333' title='bbox 0 0 1770 5556; x_wconf 95' lang='lat' dir='ltr'><strong> </strong></span> 
     </span>
    </p>
   </div>
  </div>
 </body>
</html>
