<?xml version="1.0" encoding="UTF-8"?>
<!DOCTYPE html PUBLIC "-//W3C//DTD XHTML 1.0 Transitional//EN"
    "http://www.w3.org/TR/xhtml1/DTD/xhtml1-transitional.dtd">
<html xmlns="http://www.w3.org/1999/xhtml" xml:lang="en" lang="en">
 <head>
  <title>
</title>
<meta http-equiv="Content-Type" content="text/html;charset=utf-8" />
  <meta name='ocr-system' content='tesseract 3.04.00' />
  <meta name='ocr-capabilities' content='ocr_page ocr_carea ocr_par ocr_line ocrx_word'/>
</head>
<body>
  <div class='ocr_page' id='page_1' title='image "./juscanonicumjux01grangoog/juscanonicumjux01grangoog_0078.png"; bbox 0 0 3508 5568; ppageno 0'>
   <div class='ocr_carea' id='block_1_1' title="bbox 399 531 1113 598">
    <p class='ocr_par' dir='ltr' id='par_1_1' title="bbox 399 531 1113 598">
     <span class='ocr_line' id='line_1_1' title="bbox 399 531 1113 598; baseline -0.008 0"><span class='ocrx_word' id='word_1_1' title='bbox 399 531 439 598; x_wconf 89' lang='grc'><strong>68</strong></span> <span class='ocrx_word' id='word_1_2' title='bbox 575 545 577 550; x_wconf 75' lang='grc'>’</span> <span class='ocrx_word' id='word_1_3' title='bbox 858 545 911 596; x_wconf 82' lang='lat' dir='ltr'><strong>rua</strong></span> <span class='ocrx_word' id='word_1_4' title='bbox 932 544 1113 596; x_wconf 77' lang='lat' dir='ltr'><strong>mnomcuu.</strong></span> 
     </span>
    </p>
   </div>
   <div class='ocr_carea' id='block_1_2' title="bbox 398 665 1610 1008">
    <p class='ocr_par' dir='ltr' id='par_1_2' title="bbox 398 665 1610 1008">
     <span class='ocr_line' id='line_1_2' title="bbox 399 665 1610 742; baseline -0.003 -16"><span class='ocrx_word' id='word_1_5' title='bbox 399 669 467 728; x_wconf 90' lang='lat' dir='ltr'><strong>liter</strong></span> <span class='ocrx_word' id='word_1_6' title='bbox 479 669 640 742; x_wconf 85' lang='lat' dir='ltr'><strong>parochus,</strong></span> <span class='ocrx_word' id='word_1_7' title='bbox 654 668 680 726; x_wconf 91' lang='lat' dir='ltr'><strong>si</strong></span> <span class='ocrx_word' id='word_1_8' title='bbox 696 667 765 727; x_wconf 81' lang='lat' dir='ltr'><strong>data</strong></span> <span class='ocrx_word' id='word_1_9' title='bbox 778 681 869 740; x_wconf 87' lang='lat' dir='ltr'><strong>opera</strong></span> <span class='ocrx_word' id='word_1_10' title='bbox 881 668 999 726; x_wconf 91' lang='lat' dir='ltr'><strong>omittat</strong></span> <span class='ocrx_word' id='word_1_11' title='bbox 1008 671 1154 726; x_wconf 87' lang='lat' dir='ltr'><strong>consueta</strong></span> <span class='ocrx_word' id='word_1_12' title='bbox 1168 665 1258 726; x_wconf 88' lang='lat' dir='ltr'><strong>verba</strong></span> <span class='ocrx_word' id='word_1_13' title='bbox 1266 665 1479 740; x_wconf 87' lang='lat' dir='ltr'><strong>copulationis,</strong></span> <span class='ocrx_word' id='word_1_14' title='bbox 1490 665 1571 724; x_wconf 82' lang='lat' dir='ltr'><strong>nida·</strong></span> <span class='ocrx_word' id='word_1_15' title='bbox 1608 675 1610 683; x_wconf 85' lang='grc'><strong>’</strong></span> 
     </span>
     <span class='ocr_line' id='line_1_3' title="bbox 398 755 1573 832; baseline -0.001 -17"><span class='ocrx_word' id='word_1_16' title='bbox 398 762 448 815; x_wconf 88' lang='lat' dir='ltr'><strong>tur</strong></span> <span class='ocrx_word' id='word_1_17' title='bbox 469 757 599 832; x_wconf 82' lang='lat' dir='ltr'><strong>graviter</strong></span> <span class='ocrx_word' id='word_1_18' title='bbox 619 769 752 828; x_wconf 88' lang='lat' dir='ltr'><strong>peceare,</strong></span> <span class='ocrx_word' id='word_1_19' title='bbox 777 769 845 814; x_wconf 94' lang='lat' dir='ltr'><strong>cum</strong></span> <span class='ocrx_word' id='word_1_20' title='bbox 865 755 934 816; x_wconf 87' lang='lat' dir='ltr'><strong>talis</strong></span> <span class='ocrx_word' id='word_1_21' title='bbox 955 755 1082 814; x_wconf 91' lang='lat' dir='ltr'><strong>omissio</strong></span> <span class='ocrx_word' id='word_1_22' title='bbox 1104 755 1279 814; x_wconf 78' lang='lat' dir='ltr'><strong>adversetur</strong></span> <span class='ocrx_word' id='word_1_23' title='bbox 1302 757 1386 830; x_wconf 85' lang='lat' dir='ltr'><strong>gravi</strong></span> <span class='ocrx_word' id='word_1_24' title='bbox 1406 760 1573 828; x_wconf 77' lang='lat' dir='ltr'><strong>pracept03</strong></span> 
     </span>
     <span class='ocr_line' id='line_1_4' title="bbox 398 843 1575 918; baseline -0.003 -15"><span class='ocrx_word' id='word_1_25' title='bbox 398 846 469 904; x_wconf 90' lang='lat' dir='ltr'><strong>licet</strong></span> <span class='ocrx_word' id='word_1_26' title='bbox 483 846 602 912; x_wconf 81' lang='lat' dir='ltr'><strong>Sancti..</strong></span> <span class='ocrx_word' id='word_1_27' title='bbox 616 848 705 904; x_wconf 84' lang='lat' dir='ltr'><strong>(tone.</strong></span> <span class='ocrx_word' id='word_1_28' title='bbox 721 851 750 903; x_wconf 93' lang='lat' dir='ltr'><strong>et</strong></span> <span class='ocrx_word' id='word_1_29' title='bbox 764 845 814 902; x_wconf 89' lang='lat' dir='ltr'><strong>alii</strong></span> <span class='ocrx_word' id='word_1_30' title='bbox 826 845 928 902; x_wconf 87' lang='lat' dir='ltr'><strong>dicant</strong></span> <span class='ocrx_word' id='word_1_31' title='bbox 945 859 1006 904; x_wconf 91' lang='lat' dir='ltr'><strong>non</strong></span> <span class='ocrx_word' id='word_1_32' title='bbox 1021 845 1162 904; x_wconf 72' lang='lat' dir='ltr'><strong>excedere</strong></span> <span class='ocrx_word' id='word_1_33' title='bbox 1176 844 1303 915; x_wconf 83' lang='lat' dir='ltr'><strong>veniale,</strong></span> <span class='ocrx_word' id='word_1_34' title='bbox 1325 845 1397 918; x_wconf 90' lang='lat' dir='ltr'><strong>quia</strong></span> <span class='ocrx_word' id='word_1_35' title='bbox 1409 843 1500 903; x_wconf 82' lang='lat' dir='ltr'><strong>verba</strong></span> <span class='ocrx_word' id='word_1_36' title='bbox 1516 845 1575 901; x_wconf 88' lang='lat' dir='ltr'><strong>ista</strong></span> 
     </span>
     <span class='ocr_line' id='line_1_5' title="bbox 398 933 1467 1008; baseline 0.001 -17"><span class='ocrx_word' id='word_1_37' title='bbox 398 949 453 993; x_wconf 92' lang='lat' dir='ltr'><strong>nec</strong></span> <span class='ocrx_word' id='word_1_38' title='bbox 465 941 538 994; x_wconf 90' lang='lat' dir='ltr'><strong>suut</strong></span> <span class='ocrx_word' id='word_1_39' title='bbox 553 936 590 993; x_wconf 92' lang='lat' dir='ltr'><strong>de</strong></span> <span class='ocrx_word' id='word_1_40' title='bbox 602 935 698 994; x_wconf 87' lang='lat' dir='ltr'><strong>lomna</strong></span> <span class='ocrx_word' id='word_1_41' title='bbox 710 935 902 1004; x_wconf 89' lang='lat' dir='ltr'><strong>sacramenti,</strong></span> <span class='ocrx_word' id='word_1_42' title='bbox 918 947 974 993; x_wconf 90' lang='lat' dir='ltr'><strong>nec</strong></span> <span class='ocrx_word' id='word_1_43' title='bbox 997 934 1034 992; x_wconf 90' lang='lat' dir='ltr'><strong>de</strong></span> <span class='ocrx_word' id='word_1_44' title='bbox 1054 936 1114 992; x_wconf 91' lang='lat' dir='ltr'><strong>ritu</strong></span> <span class='ocrx_word' id='word_1_45' title='bbox 1134 933 1238 1008; x_wconf 86' lang='lat' dir='ltr'><strong>magni</strong></span> <span class='ocrx_word' id='word_1_46' title='bbox 1260 934 1403 992; x_wconf 80' lang='lat' dir='ltr'><strong>momenti</strong></span> <span class='ocrx_word' id='word_1_47' title='bbox 1420 933 1467 1007; x_wconf 85' lang='grc'><strong>(1).</strong></span> 
     </span>
    </p>
   </div>
   <div class='ocr_carea' id='block_1_3' title="bbox 396 1117 1576 1853">
    <p class='ocr_par' dir='ltr' id='par_1_3' title="bbox 396 1117 1576 1853">
     <span class='ocr_line' id='line_1_6' title="bbox 438 1117 1575 1202; baseline -0.002 -18"><span class='ocrx_word' id='word_1_48' title='bbox 438 1119 538 1202; x_wconf 87' lang='lat' dir='ltr'><strong>Resp.</strong></span> <span class='ocrx_word' id='word_1_49' title='bbox 552 1119 583 1182; x_wconf 68' lang='lat' dir='ltr'><strong>t.</strong></span> <span class='ocrx_word' id='word_1_50' title='bbox 596 1118 848 1183; x_wconf 77' lang='lat' dir='ltr'><strong>Matrimonium</strong></span> <span class='ocrx_word' id='word_1_51' title='bbox 861 1117 1065 1199; x_wconf 83' lang='lat' dir='ltr'><strong>regulariter</strong></span> <span class='ocrx_word' id='word_1_52' title='bbox 1084 1117 1327 1184; x_wconf 91' lang='lat' dir='ltr'><strong>celebrandum</strong></span> <span class='ocrx_word' id='word_1_53' title='bbox 1346 1122 1399 1182; x_wconf 87' lang='lat' dir='ltr'><strong>est</strong></span> <span class='ocrx_word' id='word_1_54' title='bbox 1415 1117 1453 1183; x_wconf 92' lang='lat' dir='ltr'><strong>in</strong></span> <span class='ocrx_word' id='word_1_55' title='bbox 1470 1117 1575 1184; x_wconf 89' lang='lat' dir='ltr'><strong>eoele-</strong></span> 
     </span>
     <span class='ocr_line' id='line_1_7' title="bbox 398 1223 1575 1312; baseline -0.003 -19"><span class='ocrx_word' id='word_1_56' title='bbox 398 1228 449 1293; x_wconf 88' lang='lat' dir='ltr'><strong>sia</strong></span> <span class='ocrx_word' id='word_1_57' title='bbox 466 1227 610 1311; x_wconf 78' lang='lat' dir='ltr'><strong>propriae</strong></span> <span class='ocrx_word' id='word_1_58' title='bbox 628 1227 811 1312; x_wconf 75' lang='lat' dir='ltr'><strong>parochiae,</strong></span> <span class='ocrx_word' id='word_1_59' title='bbox 833 1230 873 1288; x_wconf 92' lang='lat' dir='ltr'><strong>ut</strong></span> <span class='ocrx_word' id='word_1_60' title='bbox 893 1225 997 1290; x_wconf 90' lang='lat' dir='ltr'><strong>habet</strong></span> <span class='ocrx_word' id='word_1_61' title='bbox 1020 1243 1144 1291; x_wconf 83' lang='lat' dir='ltr'><strong>comm</strong></span> <span class='ocrx_word' id='word_1_62' title='bbox 1169 1225 1295 1308; x_wconf 83' lang='lat' dir='ltr'><strong>praxis.</strong></span> <span class='ocrx_word' id='word_1_63' title='bbox 1321 1223 1436 1291; x_wconf 87' lang='lat' dir='ltr'><strong>Potest</strong></span> <span class='ocrx_word' id='word_1_64' title='bbox 1459 1231 1575 1291; x_wconf 89' lang='lat' dir='ltr'><strong>tamen</strong></span> 
     </span>
     <span class='ocr_line' id='line_1_8' title="bbox 396 1335 1573 1421; baseline -0.004 -18"><span class='ocrx_word' id='word_1_65' title='bbox 396 1335 735 1421; x_wconf 82' lang='lat' dir='ltr'><strong>parochusproprius</strong></span> <span class='ocrx_word' id='word_1_66' title='bbox 758 1339 855 1399; x_wconf 86' lang='lat' dir='ltr'><strong>extra</strong></span> <span class='ocrx_word' id='word_1_67' title='bbox 874 1335 962 1399; x_wconf 85' lang='lat' dir='ltr'><strong>lines</strong></span> <span class='ocrx_word' id='word_1_68' title='bbox 977 1353 1048 1399; x_wconf 79' lang='lat' dir='ltr'><strong>sua</strong></span> <span class='ocrx_word' id='word_1_69' title='bbox 1067 1335 1247 1417; x_wconf 77' lang='lat' dir='ltr'><strong>parochia,</strong></span> <span class='ocrx_word' id='word_1_70' title='bbox 1262 1336 1331 1401; x_wconf 92' lang='lat' dir='ltr'><strong>imo</strong></span> <span class='ocrx_word' id='word_1_71' title='bbox 1347 1341 1381 1399; x_wconf 90' lang='lat' dir='ltr'><strong>et</strong></span> <span class='ocrx_word' id='word_1_72' title='bbox 1407 1335 1573 1410; x_wconf 84' lang='lat' dir='ltr'><strong>dioecesis,</strong></span> 
     </span>
     <span class='ocr_line' id='line_1_9' title="bbox 398 1445 1576 1529; baseline -0.003 -17"><span class='ocrx_word' id='word_1_73' title='bbox 398 1445 559 1512; x_wconf 77' lang='lat' dir='ltr'><strong>assistere</strong></span> <span class='ocrx_word' id='word_1_74' title='bbox 573 1446 792 1511; x_wconf 90' lang='lat' dir='ltr'><strong>matrimonio</strong></span> <span class='ocrx_word' id='word_1_75' title='bbox 809 1463 951 1510; x_wconf 90' lang='lat' dir='ltr'><strong>suorum</strong></span> <span class='ocrx_word' id='word_1_76' title='bbox 965 1447 1270 1529; x_wconf 61' lang='lat' dir='ltr'><strong>parochianorum</strong></span> <span class='ocrx_word' id='word_1_77' title='bbox 1287 1446 1368 1529; x_wconf 90' lang='lat' dir='ltr'><strong>quia</strong></span> <span class='ocrx_word' id='word_1_78' title='bbox 1385 1445 1460 1510; x_wconf 89' lang='lat' dir='ltr'><strong>talis</strong></span> <span class='ocrx_word' id='word_1_79' title='bbox 1476 1445 1576 1510; x_wconf 87' lang='lat' dir='ltr'><strong>assis-</strong></span> 
     </span>
     <span class='ocr_line' id='line_1_10' title="bbox 398 1554 1575 1646; baseline -0.002 -28"><span class='ocrx_word' id='word_1_80' title='bbox 398 1555 505 1646; x_wconf 82' lang='lat' dir='ltr'><strong>tentia</strong></span> <span class='ocrx_word' id='word_1_81' title='bbox 518 1573 581 1620; x_wconf 89' lang='lat' dir='ltr'><strong>nec</strong></span> <span class='ocrx_word' id='word_1_82' title='bbox 596 1559 649 1620; x_wconf 91' lang='lat' dir='ltr'><strong>est</strong></span> <span class='ocrx_word' id='word_1_83' title='bbox 662 1558 757 1644; x_wconf 88' lang='lat' dir='ltr'><strong>aetus</strong></span> <span class='ocrx_word' id='word_1_84' title='bbox 768 1554 1015 1637; x_wconf 86' lang='lat' dir='ltr'><strong>jurisdictionis</strong></span> <span class='ocrx_word' id='word_1_85' title='bbox 1029 1556 1262 1631; x_wconf 72' lang='lat' dir='ltr'><strong>contentiosa,</strong></span> <span class='ocrx_word' id='word_1_86' title='bbox 1276 1571 1338 1619; x_wconf 90' lang='lat' dir='ltr'><strong>neo</strong></span> <span class='ocrx_word' id='word_1_87' title='bbox 1349 1573 1410 1638; x_wconf 89' lang='lat' dir='ltr'><strong>per</strong></span> <span class='ocrx_word' id='word_1_88' title='bbox 1420 1573 1457 1620; x_wconf 92' lang='lat' dir='ltr'><strong>se</strong></span> <span class='ocrx_word' id='word_1_89' title='bbox 1469 1555 1575 1634; x_wconf 81' lang='lat' dir='ltr'><strong>exigit</strong></span> 
     </span>
     <span class='ocr_line' id='line_1_11' title="bbox 397 1661 1573 1746; baseline -0.001 -19"><span class='ocrx_word' id='word_1_90' title='bbox 397 1666 512 1727; x_wconf 88' lang='lat' dir='ltr'><strong>actum</strong></span> <span class='ocrx_word' id='word_1_91' title='bbox 527 1661 666 1738; x_wconf 88' lang='lat' dir='ltr'><strong>ordinis,</strong></span> <span class='ocrx_word' id='word_1_92' title='bbox 683 1661 769 1726; x_wconf 91' lang='lat' dir='ltr'><strong>siout</strong></span> <span class='ocrx_word' id='word_1_93' title='bbox 780 1661 972 1727; x_wconf 86' lang='lat' dir='ltr'><strong>benedictio</strong></span> <span class='ocrx_word' id='word_1_94' title='bbox 985 1663 1193 1745; x_wconf 82' lang='lat' dir='ltr'><strong>nuptiarum,</strong></span> <span class='ocrx_word' id='word_1_95' title='bbox 1209 1681 1321 1746; x_wconf 89' lang='lat' dir='ltr'><strong>neque</strong></span> <span class='ocrx_word' id='word_1_96' title='bbox 1331 1661 1573 1728; x_wconf 87' lang='lat' dir='ltr'><strong>loeumaTrid.</strong></span> 
     </span>
     <span class='ocr_line' id='line_1_12' title="bbox 397 1767 1575 1853; baseline -0.003 -18"><span class='ocrx_word' id='word_1_97' title='bbox 397 1769 501 1835; x_wconf 88' lang='lat' dir='ltr'><strong>habet</strong></span> <span class='ocrx_word' id='word_1_98' title='bbox 514 1769 789 1834; x_wconf 87' lang='lat' dir='ltr'><strong>determinatum.</strong></span> <span class='ocrx_word' id='word_1_99' title='bbox 806 1767 840 1833; x_wconf 88' lang='lat' dir='ltr'><strong>Si</strong></span> <span class='ocrx_word' id='word_1_100' title='bbox 854 1774 970 1834; x_wconf 67' lang='lat' dir='ltr'><strong>umen</strong></span> <span class='ocrx_word' id='word_1_101' title='bbox 982 1770 1150 1853; x_wconf 86' lang='lat' dir='ltr'><strong>parochus</strong></span> <span class='ocrx_word' id='word_1_102' title='bbox 1166 1767 1365 1836; x_wconf 89' lang='lat' dir='ltr'><strong>solemniter</strong></span> <span class='ocrx_word' id='word_1_103' title='bbox 1381 1769 1456 1834; x_wconf 91' lang='lat' dir='ltr'><strong>vult</strong></span> <span class='ocrx_word' id='word_1_104' title='bbox 1473 1769 1575 1834; x_wconf 87' lang='lat' dir='ltr'><strong>assis-</strong></span> 
     </span>
    </p>
   </div>
   <div class='ocr_carea' id='block_1_4' title="bbox 308 1877 1574 1962">
    <p class='ocr_par' dir='ltr' id='par_1_4' title="bbox 308 1877 1574 1962">
     <span class='ocr_line' id='line_1_13' title="bbox 308 1877 1574 1962; baseline -0.002 -20"><span class='ocrx_word' id='word_1_105' title='bbox 308 1901 310 1908; x_wconf 64' lang='grc'><em>’</em></span> <span class='ocrx_word' id='word_1_106' title='bbox 388 1883 470 1942; x_wconf 87' lang='lat' dir='ltr'><strong>tere</strong></span> <span class='ocrx_word' id='word_1_107' title='bbox 482 1878 700 1943; x_wconf 89' lang='lat' dir='ltr'><strong>matrimonio</strong></span> <span class='ocrx_word' id='word_1_108' title='bbox 713 1879 748 1943; x_wconf 92' lang='lat' dir='ltr'><strong>in</strong></span> <span class='ocrx_word' id='word_1_109' title='bbox 760 1877 871 1943; x_wconf 77' lang='lat' dir='ltr'><strong>aliem</strong></span> <span class='ocrx_word' id='word_1_110' title='bbox 884 1879 1054 1961; x_wconf 89' lang='lat' dir='ltr'><strong>parochia,</strong></span> <span class='ocrx_word' id='word_1_111' title='bbox 1073 1896 1158 1962; x_wconf 87' lang='lat' dir='ltr'><strong>opus</strong></span> <span class='ocrx_word' id='word_1_112' title='bbox 1173 1877 1277 1943; x_wconf 87' lang='lat' dir='ltr'><strong>habet</strong></span> <span class='ocrx_word' id='word_1_113' title='bbox 1288 1877 1425 1943; x_wconf 89' lang='lat' dir='ltr'><strong>licentis</strong></span> <span class='ocrx_word' id='word_1_114' title='bbox 1436 1877 1574 1961; x_wconf 82' lang='lat' dir='ltr'><strong>parochi</strong></span> 
     </span>
    </p>
   </div>
   <div class='ocr_carea' id='block_1_5' title="bbox 355 1984 1578 4136">
    <p class='ocr_par' dir='ltr' id='par_1_5' title="bbox 397 1984 1578 2394">
     <span class='ocr_line' id='line_1_14' title="bbox 398 1984 1576 2071; baseline 0 -22"><span class='ocrx_word' id='word_1_115' title='bbox 398 1984 473 2061; x_wconf 90' lang='lat' dir='ltr'><strong>loci,</strong></span> <span class='ocrx_word' id='word_1_116' title='bbox 491 2004 535 2050; x_wconf 92' lang='lat' dir='ltr'><strong>ne</strong></span> <span class='ocrx_word' id='word_1_117' title='bbox 548 1985 741 2051; x_wconf 86' lang='lat' dir='ltr'><strong>functiones</strong></span> <span class='ocrx_word' id='word_1_118' title='bbox 757 2002 877 2052; x_wconf 93' lang='lat' dir='ltr'><strong>eorum</strong></span> <span class='ocrx_word' id='word_1_119' title='bbox 891 1987 1145 2070; x_wconf 86' lang='lat' dir='ltr'><strong>perturbentur.</strong></span> <span class='ocrx_word' id='word_1_120' title='bbox 1163 1985 1211 2050; x_wconf 79' lang='lat' dir='ltr'><strong>Ex</strong></span> <span class='ocrx_word' id='word_1_121' title='bbox 1222 2005 1325 2052; x_wconf 89' lang='lat' dir='ltr'><strong>causa</strong></span> <span class='ocrx_word' id='word_1_122' title='bbox 1338 1986 1452 2071; x_wconf 89' lang='lat' dir='ltr'><strong>aliqua</strong></span> <span class='ocrx_word' id='word_1_123' title='bbox 1463 1990 1576 2070; x_wconf 90' lang='lat' dir='ltr'><strong>potest</strong></span> 
     </span>
     <span class='ocr_line' id='line_1_15' title="bbox 397 2091 1574 2178; baseline 0.001 -19"><span class='ocrx_word' id='word_1_124' title='bbox 397 2093 565 2176; x_wconf 87' lang='lat' dir='ltr'><strong>parochus</strong></span> <span class='ocrx_word' id='word_1_125' title='bbox 579 2093 797 2159; x_wconf 89' lang='lat' dir='ltr'><strong>matrimonio</strong></span> <span class='ocrx_word' id='word_1_126' title='bbox 812 2093 971 2158; x_wconf 88' lang='lat' dir='ltr'><strong>assistere</strong></span> <span class='ocrx_word' id='word_1_127' title='bbox 991 2093 1027 2159; x_wconf 91' lang='lat' dir='ltr'><strong>in</strong></span> <span class='ocrx_word' id='word_1_128' title='bbox 1048 2094 1209 2172; x_wconf 88' lang='lat' dir='ltr'><strong>oratorio,</strong></span> <span class='ocrx_word' id='word_1_129' title='bbox 1232 2094 1287 2159; x_wconf 87' lang='lat' dir='ltr'><strong>vel</strong></span> <span class='ocrx_word' id='word_1_130' title='bbox 1306 2091 1407 2161; x_wconf 91' lang='lat' dir='ltr'><strong>domo</strong></span> <span class='ocrx_word' id='word_1_131' title='bbox 1422 2095 1574 2178; x_wconf 68' lang='lat' dir='ltr'><strong>privum</strong></span> 
     </span>
     <span class='ocr_line' id='line_1_16' title="bbox 399 2199 1578 2285; baseline 0.003 -21"><span class='ocrx_word' id='word_1_132' title='bbox 399 2204 438 2265; x_wconf 90' lang='lat' dir='ltr'><strong>ut</strong></span> <span class='ocrx_word' id='word_1_133' title='bbox 451 2201 479 2264; x_wconf 94' lang='lat' dir='ltr'><strong>si</strong></span> <span class='ocrx_word' id='word_1_134' title='bbox 496 2219 643 2285; x_wconf 89' lang='lat' dir='ltr'><strong>sponsus</strong></span> <span class='ocrx_word' id='word_1_135' title='bbox 664 2199 721 2266; x_wconf 91' lang='lat' dir='ltr'><strong>vel</strong></span> <span class='ocrx_word' id='word_1_136' title='bbox 735 2219 861 2284; x_wconf 91' lang='lat' dir='ltr'><strong>sponsa</strong></span> <span class='ocrx_word' id='word_1_137' title='bbox 874 2208 1028 2283; x_wconf 78' lang='lat' dir='ltr'><strong>aegrotet,</strong></span> <span class='ocrx_word' id='word_1_138' title='bbox 1041 2207 1104 2267; x_wconf 89' lang='lat' dir='ltr'><strong>etc.</strong></span> <span class='ocrx_word' id='word_1_139' title='bbox 1119 2205 1196 2267; x_wconf 75' lang='lat' dir='ltr'><strong>llaec</strong></span> <span class='ocrx_word' id='word_1_140' title='bbox 1210 2201 1331 2266; x_wconf 89' lang='lat' dir='ltr'><strong>eadem</strong></span> <span class='ocrx_word' id='word_1_141' title='bbox 1345 2203 1578 2285; x_wconf 89' lang='lat' dir='ltr'><strong>proportiona-</strong></span> 
     </span>
     <span class='ocr_line' id='line_1_17' title="bbox 397 2309 1577 2394; baseline 0.001 -22"><span class='ocrx_word' id='word_1_142' title='bbox 397 2309 476 2374; x_wconf 88' lang='lat' dir='ltr'><strong>liter</strong></span> <span class='ocrx_word' id='word_1_143' title='bbox 488 2311 649 2377; x_wconf 89' lang='lat' dir='ltr'><strong>obsarvat</strong></span> <span class='ocrx_word' id='word_1_144' title='bbox 662 2311 917 2378; x_wconf 86' lang='lat' dir='ltr'><strong>commissarius</strong></span> <span class='ocrx_word' id='word_1_145' title='bbox 933 2311 988 2375; x_wconf 89' lang='lat' dir='ltr'><strong>oui</strong></span> <span class='ocrx_word' id='word_1_146' title='bbox 1002 2312 1170 2394; x_wconf 89' lang='lat' dir='ltr'><strong>parochus</strong></span> <span class='ocrx_word' id='word_1_147' title='bbox 1184 2309 1357 2376; x_wconf 88' lang='lat' dir='ltr'><strong>licentiam</strong></span> <span class='ocrx_word' id='word_1_148' title='bbox 1372 2309 1465 2376; x_wconf 87' lang='lat' dir='ltr'><strong>dedit</strong></span> <span class='ocrx_word' id='word_1_149' title='bbox 1476 2310 1577 2376; x_wconf 87' lang='lat' dir='ltr'><strong>assis-</strong></span> 
     </span>
    </p>

    <p class='ocr_par' dir='ltr' id='par_1_6' title="bbox 355 2417 1331 2573">
     <span class='ocr_line' id='line_1_18' title="bbox 484 2436 506 2480; baseline 0 0"><span class='ocrx_word' id='word_1_150' title='bbox 484 2436 506 2480; x_wconf 88' lang='grc' dir='ltr'><strong>ι.</strong></span> 
     </span>
     <span class='ocr_line' id='line_1_19' title="bbox 355 2417 1331 2573; baseline 0 -12"><span class='ocrx_word' id='word_1_151' title='bbox 355 2523 358 2530; x_wconf 71' lang='grc'><strong><em>’</em></strong></span> <span class='ocrx_word' id='word_1_152' title='bbox 400 2417 484 2482; x_wconf 52' lang='lat' dir='ltr'><strong>tend</strong></span> <span class='ocrx_word' id='word_1_153' title='bbox 646 2509 710 2562; x_wconf 86' lang='lat' dir='ltr'><strong>Vlll.</strong></span> <span class='ocrx_word' id='word_1_154' title='bbox 727 2507 873 2570; x_wconf 89' lang='lat' dir='ltr'><strong>Quomodo</strong></span> <span class='ocrx_word' id='word_1_155' title='bbox 887 2506 1025 2573; x_wconf 82' lang='lat' dir='ltr'><strong>probetur</strong></span> <span class='ocrx_word' id='word_1_156' title='bbox 1036 2509 1116 2563; x_wconf 84' lang='lat' dir='ltr'><strong>vator</strong></span> <span class='ocrx_word' id='word_1_157' title='bbox 1127 2508 1331 2562; x_wconf 75' lang='lat' dir='ltr'><strong>matrimonii?</strong></span> 
     </span>
    </p>

    <p class='ocr_par' dir='ltr' id='par_1_7' title="bbox 397 2639 1576 4136">
     <span class='ocr_line' id='line_1_20' title="bbox 438 2639 1576 2738; baseline 0 -20"><span class='ocrx_word' id='word_1_158' title='bbox 438 2651 538 2736; x_wconf 88' lang='lat' dir='ltr'><strong>Resp.</strong></span> <span class='ocrx_word' id='word_1_159' title='bbox 555 2653 585 2716; x_wconf 94' lang='grc'><strong>1.</strong></span> <span class='ocrx_word' id='word_1_160' title='bbox 601 2651 649 2716; x_wconf 87' lang='lat' dir='ltr'><strong>lle</strong></span> <span class='ocrx_word' id='word_1_161' title='bbox 660 2655 738 2735; x_wconf 87' lang='lat' dir='ltr'><strong>jure</strong></span> <span class='ocrx_word' id='word_1_162' title='bbox 759 2652 919 2729; x_wconf 81' lang='lat' dir='ltr'><strong>Trident,</strong></span> <span class='ocrx_word' id='word_1_163' title='bbox 936 2639 1101 2736; x_wconf 89' lang='lat' dir='ltr'><strong>probatur</strong></span> <span class='ocrx_word' id='word_1_164' title='bbox 1114 2672 1158 2718; x_wconf 84' lang='lat' dir='ltr'><strong>ex</strong></span> <span class='ocrx_word' id='word_1_165' title='bbox 1169 2654 1366 2719; x_wconf 88' lang='lat' dir='ltr'><strong>testimonio</strong></span> <span class='ocrx_word' id='word_1_166' title='bbox 1385 2655 1522 2738; x_wconf 89' lang='lat' dir='ltr'><strong>parochi</strong></span> <span class='ocrx_word' id='word_1_167' title='bbox 1542 2659 1576 2720; x_wconf 91' lang='lat' dir='ltr'><strong>et</strong></span> 
     </span>
     <span class='ocr_line' id='line_1_21' title="bbox 397 2759 1576 2846; baseline 0.003 -22"><span class='ocrx_word' id='word_1_168' title='bbox 397 2761 547 2837; x_wconf 89' lang='lat' dir='ltr'><strong>testium,</strong></span> <span class='ocrx_word' id='word_1_169' title='bbox 564 2760 614 2823; x_wconf 90' lang='lat' dir='ltr'><strong>uti</strong></span> <span class='ocrx_word' id='word_1_170' title='bbox 629 2761 732 2826; x_wconf 91' lang='lat' dir='ltr'><strong>etiam</strong></span> <span class='ocrx_word' id='word_1_171' title='bbox 747 2779 791 2824; x_wconf 84' lang='lat' dir='ltr'><strong>ex</strong></span> <span class='ocrx_word' id='word_1_172' title='bbox 804 2760 891 2825; x_wconf 91' lang='lat' dir='ltr'><strong>libro</strong></span> <span class='ocrx_word' id='word_1_173' title='bbox 904 2759 1107 2843; x_wconf 88' lang='lat' dir='ltr'><strong>parochiali;</strong></span> <span class='ocrx_word' id='word_1_174' title='bbox 1125 2761 1204 2844; x_wconf 89' lang='lat' dir='ltr'><strong>quia</strong></span> <span class='ocrx_word' id='word_1_175' title='bbox 1220 2761 1389 2846; x_wconf 86' lang='lat' dir='ltr'><strong>parochus</strong></span> <span class='ocrx_word' id='word_1_176' title='bbox 1410 2763 1446 2827; x_wconf 93' lang='lat' dir='ltr'><strong>in</strong></span> <span class='ocrx_word' id='word_1_177' title='bbox 1471 2780 1576 2828; x_wconf 89' lang='lat' dir='ltr'><strong>anno-</strong></span> 
     </span>
     <span class='ocr_line' id='line_1_22' title="bbox 399 2867 1576 2949; baseline 0 -15"><span class='ocrx_word' id='word_1_178' title='bbox 399 2867 510 2934; x_wconf 81' lang='lat' dir='ltr'><strong>undts</strong></span> <span class='ocrx_word' id='word_1_179' title='bbox 534 2867 762 2933; x_wconf 86' lang='lat' dir='ltr'><strong>matrimoniis</strong></span> <span class='ocrx_word' id='word_1_180' title='bbox 783 2868 1003 2932; x_wconf 80' lang='lat' dir='ltr'><strong>constituitur</strong></span> <span class='ocrx_word' id='word_1_181' title='bbox 1024 2869 1113 2932; x_wconf 90' lang='lat' dir='ltr'><strong>acit.</strong></span> <span class='ocrx_word' id='word_1_182' title='bbox 1135 2869 1223 2933; x_wconf 76' lang='lat' dir='ltr'><strong>litu.</strong></span> <span class='ocrx_word' id='word_1_183' title='bbox 1247 2889 1331 2934; x_wconf 88' lang='lat' dir='ltr'><strong>sess.</strong></span> <span class='ocrx_word' id='word_1_184' title='bbox 1352 2871 1402 2948; x_wconf 71' lang='grc'><strong>14,</strong></span> <span class='ocrx_word' id='word_1_185' title='bbox 1424 2889 1453 2936; x_wconf 91' lang='lat' dir='ltr'><strong>c.</strong></span> <span class='ocrx_word' id='word_1_186' title='bbox 1479 2875 1508 2949; x_wconf 87' lang='lat' dir='ltr'><strong>l,</strong></span> <span class='ocrx_word' id='word_1_187' title='bbox 1535 2872 1576 2936; x_wconf 85' lang='lat' dir='ltr'><strong>de</strong></span> 
     </span>
     <span class='ocr_line' id='line_1_23' title="bbox 398 2975 1576 3058; baseline 0.002 -17"><span class='ocrx_word' id='word_1_188' title='bbox 398 2975 473 3058; x_wconf 85' lang='lat' dir='ltr'><strong>Res.</strong></span> <span class='ocrx_word' id='word_1_189' title='bbox 481 2983 597 3054; x_wconf 69' lang='lat' dir='ltr'><strong>matr,</strong></span> <span class='ocrx_word' id='word_1_190' title='bbox 608 2975 715 3040; x_wconf 91' lang='lat' dir='ltr'><strong>instar</strong></span> <span class='ocrx_word' id='word_1_191' title='bbox 721 2975 984 3056; x_wconf 88' lang='lat' dir='ltr'><strong>notariipuhlici.</strong></span> <span class='ocrx_word' id='word_1_192' title='bbox 997 2976 1026 3039; x_wconf 73' lang='grc'><strong>1.</strong></span> <span class='ocrx_word' id='word_1_193' title='bbox 1041 2975 1089 3040; x_wconf 79' lang='lat' dir='ltr'><strong>lle</strong></span> <span class='ocrx_word' id='word_1_194' title='bbox 1097 2978 1175 3058; x_wconf 88' lang='lat' dir='ltr'><strong>jure</strong></span> <span class='ocrx_word' id='word_1_195' title='bbox 1186 2978 1308 3056; x_wconf 85' lang='lat' dir='ltr'><strong>veteri,</strong></span> <span class='ocrx_word' id='word_1_196' title='bbox 1318 2979 1576 3044; x_wconf 87' lang='lat' dir='ltr'><strong>matrimonium</strong></span> 
     </span>
     <span class='ocr_line' id='line_1_24' title="bbox 398 3083 1575 3170; baseline 0.004 -23"><span class='ocrx_word' id='word_1_197' title='bbox 398 3083 614 3168; x_wconf 87' lang='lat' dir='ltr'><strong>probandum</strong></span> <span class='ocrx_word' id='word_1_198' title='bbox 629 3088 682 3148; x_wconf 90' lang='lat' dir='ltr'><strong>est</strong></span> <span class='ocrx_word' id='word_1_199' title='bbox 696 3083 738 3147; x_wconf 89' lang='lat' dir='ltr'><strong>ab</strong></span> <span class='ocrx_word' id='word_1_200' title='bbox 763 3099 804 3147; x_wconf 91' lang='lat' dir='ltr'><strong>eo</strong></span> <span class='ocrx_word' id='word_1_201' title='bbox 826 3083 882 3166; x_wconf 87' lang='lat' dir='ltr'><strong>qui</strong></span> <span class='ocrx_word' id='word_1_202' title='bbox 904 3083 1026 3148; x_wconf 89' lang='lat' dir='ltr'><strong>asserit</strong></span> <span class='ocrx_word' id='word_1_203' title='bbox 1051 3101 1126 3148; x_wconf 89' lang='lat' dir='ltr'><strong>esse</strong></span> <span class='ocrx_word' id='word_1_204' title='bbox 1150 3090 1372 3162; x_wconf 90' lang='lat' dir='ltr'><strong>contractum,</strong></span> <span class='ocrx_word' id='word_1_205' title='bbox 1391 3087 1470 3170; x_wconf 89' lang='lat' dir='ltr'><strong>quia</strong></span> <span class='ocrx_word' id='word_1_206' title='bbox 1484 3104 1575 3152; x_wconf 91' lang='lat' dir='ltr'><strong>asse-</strong></span> 
     </span>
     <span class='ocr_line' id='line_1_25' title="bbox 398 3187 1576 3278; baseline 0.003 -23"><span class='ocrx_word' id='word_1_207' title='bbox 398 3192 505 3257; x_wconf 87' lang='lat' dir='ltr'><strong>rentis</strong></span> <span class='ocrx_word' id='word_1_208' title='bbox 517 3194 571 3256; x_wconf 89' lang='lat' dir='ltr'><strong>est</strong></span> <span class='ocrx_word' id='word_1_209' title='bbox 586 3190 730 3273; x_wconf 88' lang='lat' dir='ltr'><strong>probare</strong></span> <span class='ocrx_word' id='word_1_210' title='bbox 746 3207 789 3254; x_wconf 83' lang='lat' dir='ltr'><strong>ex</strong></span> <span class='ocrx_word' id='word_1_211' title='bbox 803 3187 825 3252; x_wconf 93' lang='grc'><strong>1.</strong></span> <span class='ocrx_word' id='word_1_212' title='bbox 842 3189 881 3266; x_wconf 92' lang='lat' dir='ltr'><strong>ll,</strong></span> <span class='ocrx_word' id='word_1_213' title='bbox 898 3190 934 3254; x_wconf 83' lang='lat' dir='ltr'><strong>ll.</strong></span> <span class='ocrx_word' id='word_1_214' title='bbox 952 3191 993 3254; x_wconf 86' lang='lat' dir='ltr'><strong>dc</strong></span> <span class='ocrx_word' id='word_1_215' title='bbox 1007 3191 1116 3269; x_wconf 61' lang='lat' dir='ltr'><strong>Proh,</strong></span> <span class='ocrx_word' id='word_1_216' title='bbox 1134 3211 1177 3256; x_wconf 87' lang='lat' dir='ltr'><strong>ex</strong></span> <span class='ocrx_word' id='word_1_217' title='bbox 1192 3210 1259 3276; x_wconf 89' lang='lat' dir='ltr'><strong>qua</strong></span> <span class='ocrx_word' id='word_1_218' title='bbox 1271 3192 1390 3275; x_wconf 81' lang='lat' dir='ltr'><strong>regula</strong></span> <span class='ocrx_word' id='word_1_219' title='bbox 1399 3194 1576 3278; x_wconf 89' lang='lat' dir='ltr'><strong>suppletur</strong></span> 
     </span>
     <span class='ocr_line' id='line_1_26' title="bbox 399 3295 1572 3385; baseline 0.001 -22"><span class='ocrx_word' id='word_1_220' title='bbox 399 3303 514 3364; x_wconf 87' lang='lat' dir='ltr'><strong>textus</strong></span> <span class='ocrx_word' id='word_1_221' title='bbox 527 3298 585 3363; x_wconf 82' lang='lat' dir='ltr'><strong>al</strong></span> <span class='ocrx_word' id='word_1_222' title='bbox 601 3297 634 3361; x_wconf 93' lang='lat' dir='ltr'><strong>h.</strong></span> <span class='ocrx_word' id='word_1_223' title='bbox 653 3301 689 3374; x_wconf 91' lang='lat' dir='ltr'><strong>t.,</strong></span> <span class='ocrx_word' id='word_1_224' title='bbox 706 3295 753 3360; x_wconf 91' lang='lat' dir='ltr'><strong>ibi</strong></span> <span class='ocrx_word' id='word_1_225' title='bbox 770 3315 806 3358; x_wconf 79' lang='lat' dir='ltr'><strong>z«</strong></span> <span class='ocrx_word' id='word_1_226' title='bbox 823 3295 900 3361; x_wconf 86' lang='lat' dir='ltr'><strong>Viro</strong></span> <span class='ocrx_word' id='word_1_227' title='bbox 912 3297 1254 3383; x_wconf 90' lang='lat' dir='ltr'><strong>ineumhitprohatio,</strong></span> <span class='ocrx_word' id='word_1_228' title='bbox 1273 3325 1287 3358; x_wconf 79' lang='lat' dir='ltr'><strong>n</strong></span> <span class='ocrx_word' id='word_1_229' title='bbox 1299 3306 1382 3385; x_wconf 89' lang='lat' dir='ltr'><strong>puta</strong></span> <span class='ocrx_word' id='word_1_230' title='bbox 1395 3301 1572 3378; x_wconf 85' lang='lat' dir='ltr'><strong>asserenti,</strong></span> 
     </span>
     <span class='ocr_line' id='line_1_27' title="bbox 399 3403 1574 3492; baseline 0.005 -22"><span class='ocrx_word' id='word_1_231' title='bbox 399 3406 456 3471; x_wconf 84' lang='lat' dir='ltr'><strong>vel</strong></span> <span class='ocrx_word' id='word_1_232' title='bbox 468 3403 603 3470; x_wconf 90' lang='lat' dir='ltr'><strong>mulieri</strong></span> <span class='ocrx_word' id='word_1_233' title='bbox 616 3405 791 3469; x_wconf 87' lang='lat' dir='ltr'><strong>asserenti.</strong></span> <span class='ocrx_word' id='word_1_234' title='bbox 818 3403 852 3468; x_wconf 89' lang='lat' dir='ltr'><strong>Si</strong></span> <span class='ocrx_word' id='word_1_235' title='bbox 871 3408 1013 3489; x_wconf 86' lang='lat' dir='ltr'><strong>uterque</strong></span> <span class='ocrx_word' id='word_1_236' title='bbox 1035 3410 1150 3486; x_wconf 84' lang='lat' dir='ltr'><strong>neget,</strong></span> <span class='ocrx_word' id='word_1_237' title='bbox 1167 3425 1237 3472; x_wconf 92' lang='lat' dir='ltr'><strong>non</strong></span> <span class='ocrx_word' id='word_1_238' title='bbox 1261 3413 1341 3472; x_wconf 88' lang='lat' dir='ltr'><strong>sunt</strong></span> <span class='ocrx_word' id='word_1_239' title='bbox 1364 3411 1509 3492; x_wconf 82' lang='lat' dir='ltr'><strong>cogendi</strong></span> <span class='ocrx_word' id='word_1_240' title='bbox 1531 3408 1574 3476; x_wconf 88' lang='lat' dir='ltr'><strong>ad</strong></span> 
     </span>
     <span class='ocr_line' id='line_1_28' title="bbox 401 3511 1575 3596; baseline 0.005 -19"><span class='ocrx_word' id='word_1_241' title='bbox 401 3512 658 3578; x_wconf 78' lang='lat' dir='ltr'><strong>matrimonium</strong></span> <span class='ocrx_word' id='word_1_242' title='bbox 686 3511 848 3577; x_wconf 90' lang='lat' dir='ltr'><strong>:sivero</strong></span> <span class='ocrx_word' id='word_1_243' title='bbox 874 3517 1016 3596; x_wconf 89' lang='lat' dir='ltr'><strong>uterque</strong></span> <span class='ocrx_word' id='word_1_244' title='bbox 1046 3513 1193 3578; x_wconf 79' lang='lat' dir='ltr'><strong>adfirmet</strong></span> <span class='ocrx_word' id='word_1_245' title='bbox 1215 3517 1471 3581; x_wconf 86' lang='lat' dir='ltr'><strong>matrimonium</strong></span> <span class='ocrx_word' id='word_1_246' title='bbox 1500 3537 1575 3584; x_wconf 89' lang='lat' dir='ltr'><strong>esse</strong></span> 
     </span>
     <span class='ocr_line' id='line_1_29' title="bbox 402 3620 1574 3708; baseline 0.006 -24"><span class='ocrx_word' id='word_1_247' title='bbox 402 3620 611 3685; x_wconf 87' lang='lat' dir='ltr'><strong>clandestine</strong></span> <span class='ocrx_word' id='word_1_248' title='bbox 627 3624 849 3696; x_wconf 89' lang='lat' dir='ltr'><strong>contractum,</strong></span> <span class='ocrx_word' id='word_1_249' title='bbox 871 3621 920 3684; x_wconf 89' lang='lat' dir='ltr'><strong>eis</strong></span> <span class='ocrx_word' id='word_1_250' title='bbox 946 3620 1155 3686; x_wconf 88' lang='lat' dir='ltr'><strong>credendum</strong></span> <span class='ocrx_word' id='word_1_251' title='bbox 1173 3628 1226 3687; x_wconf 88' lang='lat' dir='ltr'><strong>est</strong></span> <span class='ocrx_word' id='word_1_252' title='bbox 1249 3623 1289 3705; x_wconf 90' lang='lat' dir='ltr'><strong>(o.</strong></span> <span class='ocrx_word' id='word_1_253' title='bbox 1313 3624 1383 3688; x_wconf 73' lang='lat' dir='ltr'><strong>th.</strong></span> <span class='ocrx_word' id='word_1_254' title='bbox 1406 3627 1454 3708; x_wconf 80' lang='lat' dir='ltr'><strong>t).</strong></span> <span class='ocrx_word' id='word_1_255' title='bbox 1471 3625 1574 3691; x_wconf 88' lang='lat' dir='ltr'><strong>Porro</strong></span> 
     </span>
     <span class='ocr_line' id='line_1_30' title="bbox 401 3727 1576 3817; baseline 0.005 -25"><span class='ocrx_word' id='word_1_256' title='bbox 401 3728 658 3794; x_wconf 87' lang='lat' dir='ltr'><strong>matrimonium</strong></span> <span class='ocrx_word' id='word_1_257' title='bbox 672 3727 932 3804; x_wconf 90' lang='lat' dir='ltr'><strong>clandestinum,</strong></span> <span class='ocrx_word' id='word_1_258' title='bbox 953 3734 1136 3812; x_wconf 87' lang='lat' dir='ltr'><strong>postquam</strong></span> <span class='ocrx_word' id='word_1_259' title='bbox 1150 3749 1193 3794; x_wconf 82' lang='lat' dir='ltr'><strong>ex</strong></span> <span class='ocrx_word' id='word_1_260' title='bbox 1204 3731 1333 3812; x_wconf 87' lang='lat' dir='ltr'><strong>jndicio</strong></span> <span class='ocrx_word' id='word_1_261' title='bbox 1348 3731 1503 3799; x_wconf 76' lang='lat' dir='ltr'><strong>Ecclesiae</strong></span> <span class='ocrx_word' id='word_1_262' title='bbox 1517 3753 1576 3817; x_wconf 89' lang='lat' dir='ltr'><strong>pu-</strong></span> 
     </span>
     <span class='ocr_line' id='line_1_31' title="bbox 402 3835 1576 3921; baseline 0.007 -21"><span class='ocrx_word' id='word_1_263' title='bbox 402 3835 563 3902; x_wconf 91' lang='lat' dir='ltr'><strong>blicatum</strong></span> <span class='ocrx_word' id='word_1_264' title='bbox 578 3842 640 3914; x_wconf 90' lang='lat' dir='ltr'><strong>est,</strong></span> <span class='ocrx_word' id='word_1_265' title='bbox 657 3836 802 3902; x_wconf 91' lang='lat' dir='ltr'><strong>habetur</strong></span> <span class='ocrx_word' id='word_1_266' title='bbox 814 3855 876 3921; x_wconf 91' lang='lat' dir='ltr'><strong>pro</strong></span> <span class='ocrx_word' id='word_1_267' title='bbox 892 3837 1016 3916; x_wconf 89' lang='lat' dir='ltr'><strong>valido,</strong></span> <span class='ocrx_word' id='word_1_268' title='bbox 1032 3856 1071 3904; x_wconf 88' lang='lat' dir='ltr'><strong>ae</strong></span> <span class='ocrx_word' id='word_1_269' title='bbox 1085 3839 1113 3903; x_wconf 91' lang='lat' dir='ltr'><strong>si</strong></span> <span class='ocrx_word' id='word_1_270' title='bbox 1133 3839 1175 3904; x_wconf 88' lang='lat' dir='ltr'><strong>ab</strong></span> <span class='ocrx_word' id='word_1_271' title='bbox 1189 3839 1286 3906; x_wconf 90' lang='lat' dir='ltr'><strong>initio</strong></span> <span class='ocrx_word' id='word_1_272' title='bbox 1305 3841 1340 3904; x_wconf 93' lang='lat' dir='ltr'><strong>in</strong></span> <span class='ocrx_word' id='word_1_273' title='bbox 1358 3841 1443 3908; x_wconf 84' lang='lat' dir='ltr'><strong>facie</strong></span> <span class='ocrx_word' id='word_1_274' title='bbox 1467 3841 1576 3908; x_wconf 83' lang='lat' dir='ltr'><strong>Eccle-</strong></span> 
     </span>
     <span class='ocr_line' id='line_1_32' title="bbox 403 3943 1575 4029; baseline 0.005 -21"><span class='ocrx_word' id='word_1_275' title='bbox 403 3943 461 4008; x_wconf 76' lang='lat' dir='ltr'><strong>siae</strong></span> <span class='ocrx_word' id='word_1_276' title='bbox 476 3949 688 4010; x_wconf 87' lang='lat' dir='ltr'><strong>contractum</strong></span> <span class='ocrx_word' id='word_1_277' title='bbox 697 3944 865 4028; x_wconf 89' lang='lat' dir='ltr'><strong>luisset(c.</strong></span> <span class='ocrx_word' id='word_1_278' title='bbox 879 3944 898 4008; x_wconf 75' lang='grc'><strong>1</strong></span> <span class='ocrx_word' id='word_1_279' title='bbox 912 3944 947 4008; x_wconf 88' lang='lat' dir='ltr'><strong>in</strong></span> <span class='ocrx_word' id='word_1_280' title='bbox 960 3946 1061 4008; x_wconf 87' lang='lat' dir='ltr'><strong>ilmh.</strong></span> <span class='ocrx_word' id='word_1_281' title='bbox 1077 3948 1122 4029; x_wconf 84' lang='lat' dir='ltr'><strong>t).</strong></span> <span class='ocrx_word' id='word_1_282' title='bbox 1140 3947 1187 4011; x_wconf 86' lang='lat' dir='ltr'><strong>Ite</strong></span> <span class='ocrx_word' id='word_1_283' title='bbox 1202 3947 1415 4028; x_wconf 83' lang='lat' dir='ltr'><strong>legitimitate</strong></span> <span class='ocrx_word' id='word_1_284' title='bbox 1427 3949 1575 4016; x_wconf 84' lang='lat' dir='ltr'><strong>illiorum</strong></span> 
     </span>
     <span class='ocr_line' id='line_1_33' title="bbox 402 4051 1421 4136; baseline 0.005 -19"><span class='ocrx_word' id='word_1_285' title='bbox 402 4055 524 4134; x_wconf 81' lang='lat' dir='ltr'><strong>agetur</strong></span> <span class='ocrx_word' id='word_1_286' title='bbox 538 4053 587 4116; x_wconf 92' lang='lat' dir='ltr'><strong>tit.</strong></span> <span class='ocrx_word' id='word_1_287' title='bbox 604 4051 698 4130; x_wconf 83' lang='lat' dir='ltr'><strong>XVII,</strong></span> <span class='ocrx_word' id='word_1_288' title='bbox 714 4057 749 4116; x_wconf 90' lang='lat' dir='ltr'><strong>et</strong></span> <span class='ocrx_word' id='word_1_289' title='bbox 763 4051 804 4118; x_wconf 92' lang='lat' dir='ltr'><strong>de</strong></span> <span class='ocrx_word' id='word_1_290' title='bbox 820 4051 1055 4118; x_wconf 86' lang='lat' dir='ltr'><strong>benedictione</strong></span> <span class='ocrx_word' id='word_1_291' title='bbox 1072 4054 1282 4136; x_wconf 87' lang='lat' dir='ltr'><strong>nuptiarum,</strong></span> <span class='ocrx_word' id='word_1_292' title='bbox 1301 4055 1351 4123; x_wconf 87' lang='lat' dir='ltr'><strong>tit.</strong></span> <span class='ocrx_word' id='word_1_293' title='bbox 1363 4059 1421 4122; x_wconf 86' lang='lat' dir='ltr'><strong>lin.</strong></span> 
     </span>
    </p>
   </div>
   <div class='ocr_carea' id='block_1_6' title="bbox 301 4226 1588 4754">
    <p class='ocr_par' dir='ltr' id='par_1_8' title="bbox 301 4226 1588 4754">
     <span class='ocr_line' id='line_1_34' title="bbox 434 4226 1576 4302; baseline 0.011 -24"><span class='ocrx_word' id='word_1_294' title='bbox 434 4226 471 4293; x_wconf 89' lang='lat' dir='ltr'><strong>(l)</strong></span> <span class='ocrx_word' id='word_1_295' title='bbox 484 4227 583 4278; x_wconf 74' lang='lat' dir='ltr'><strong>ductor</strong></span> <span class='ocrx_word' id='word_1_296' title='bbox 595 4227 701 4280; x_wconf 81' lang='lat' dir='ltr'><strong>videtur</strong></span> <span class='ocrx_word' id='word_1_297' title='bbox 715 4231 867 4280; x_wconf 84' lang='lat' dir='ltr'><strong>constanter</strong></span> <span class='ocrx_word' id='word_1_298' title='bbox 879 4242 1031 4298; x_wconf 78' lang='lat' dir='ltr'><strong>supponere</strong></span> <span class='ocrx_word' id='word_1_299' title='bbox 1048 4231 1145 4282; x_wconf 87' lang='lat' dir='ltr'><strong>certem</strong></span> <span class='ocrx_word' id='word_1_300' title='bbox 1167 4245 1224 4284; x_wconf 87' lang='lat' dir='ltr'><strong>esse</strong></span> <span class='ocrx_word' id='word_1_301' title='bbox 1245 4235 1405 4287; x_wconf 86' lang='lat' dir='ltr'><strong>sententiam</strong></span> <span class='ocrx_word' id='word_1_302' title='bbox 1424 4239 1497 4302; x_wconf 86' lang='lat' dir='ltr'><strong>quod</strong></span> <span class='ocrx_word' id='word_1_303' title='bbox 1511 4251 1576 4290; x_wconf 89' lang='lat' dir='ltr'><strong>con-</strong></span> 
     </span>
     <span class='ocr_line' id='line_1_35' title="bbox 402 4304 1576 4381; baseline 0.01 -25"><span class='ocrx_word' id='word_1_304' title='bbox 402 4304 538 4356; x_wconf 86' lang='lat' dir='ltr'><strong>trahentes</strong></span> <span class='ocrx_word' id='word_1_305' title='bbox 550 4304 602 4356; x_wconf 83' lang='lat' dir='ltr'><strong>sihi</strong></span> <span class='ocrx_word' id='word_1_306' title='bbox 615 4305 730 4356; x_wconf 88' lang='lat' dir='ltr'><strong>invicem</strong></span> <span class='ocrx_word' id='word_1_307' title='bbox 741 4305 928 4356; x_wconf 83' lang='lat' dir='ltr'><strong>administrent</strong></span> <span class='ocrx_word' id='word_1_308' title='bbox 939 4310 1144 4370; x_wconf 84' lang='lat' dir='ltr'><strong>sacramentum,</strong></span> <span class='ocrx_word' id='word_1_309' title='bbox 1156 4313 1235 4373; x_wconf 90' lang='lat' dir='ltr'><strong>prout</strong></span> <span class='ocrx_word' id='word_1_310' title='bbox 1244 4311 1366 4376; x_wconf 87' lang='lat' dir='ltr'><strong>superius</strong></span> <span class='ocrx_word' id='word_1_311' title='bbox 1377 4312 1452 4375; x_wconf 81' lang='lat' dir='ltr'><strong>dixit,</strong></span> <span class='ocrx_word' id='word_1_312' title='bbox 1468 4319 1494 4366; x_wconf 90' lang='lat' dir='ltr'><strong>et</strong></span> <span class='ocrx_word' id='word_1_313' title='bbox 1503 4318 1576 4381; x_wconf 85' lang='lat' dir='ltr'><strong>quod</strong></span> 
     </span>
     <span class='ocr_line' id='line_1_36' title="bbox 402 4380 1575 4445; baseline 0.011 -13"><span class='ocrx_word' id='word_1_314' title='bbox 402 4381 526 4432; x_wconf 83' lang='lat' dir='ltr'><strong>sacerdos</strong></span> <span class='ocrx_word' id='word_1_315' title='bbox 540 4394 595 4432; x_wconf 90' lang='lat' dir='ltr'><strong>nou</strong></span> <span class='ocrx_word' id='word_1_316' title='bbox 607 4381 641 4431; x_wconf 88' lang='lat' dir='ltr'><strong>sit</strong></span> <span class='ocrx_word' id='word_1_317' title='bbox 652 4381 781 4441; x_wconf 80' lang='lat' dir='ltr'><strong>minister,</strong></span> <span class='ocrx_word' id='word_1_318' title='bbox 797 4380 845 4432; x_wconf 87' lang='lat' dir='ltr'><strong>sed</strong></span> <span class='ocrx_word' id='word_1_319' title='bbox 857 4385 962 4432; x_wconf 75' lang='lat' dir='ltr'><strong>mutum</strong></span> <span class='ocrx_word' id='word_1_320' title='bbox 976 4382 1064 4443; x_wconf 88' lang='lat' dir='ltr'><strong>testis;</strong></span> <span class='ocrx_word' id='word_1_321' title='bbox 1080 4397 1173 4434; x_wconf 85' lang='lat' dir='ltr'><strong>verum</strong></span> <span class='ocrx_word' id='word_1_322' title='bbox 1189 4385 1259 4438; x_wconf 87' lang='lat' dir='ltr'><strong>hene</strong></span> <span class='ocrx_word' id='word_1_323' title='bbox 1274 4401 1331 4438; x_wconf 87' lang='lat' dir='ltr'><strong>rem</strong></span> <span class='ocrx_word' id='word_1_324' title='bbox 1350 4389 1428 4441; x_wconf 81' lang='lat' dir='ltr'><strong>vaide</strong></span> <span class='ocrx_word' id='word_1_325' title='bbox 1447 4391 1575 4445; x_wconf 85' lang='lat' dir='ltr'><strong>incertam</strong></span> 
     </span>
     <span class='ocr_line' id='line_1_37' title="bbox 403 4455 1588 4527; baseline 0.011 -21"><span class='ocrx_word' id='word_1_326' title='bbox 403 4469 461 4507; x_wconf 89' lang='lat' dir='ltr'><strong>esee</strong></span> <span class='ocrx_word' id='word_1_327' title='bbox 476 4456 592 4508; x_wconf 89' lang='lat' dir='ltr'><strong>declarat</strong></span> <span class='ocrx_word' id='word_1_328' title='bbox 604 4457 762 4508; x_wconf 86' lang='lat' dir='ltr'><strong>Benedictus</strong></span> <span class='ocrx_word' id='word_1_329' title='bbox 776 4455 831 4508; x_wconf 84' lang='lat' dir='ltr'><strong>xlv</strong></span> <span class='ocrx_word' id='word_1_330' title='bbox 843 4457 872 4507; x_wconf 89' lang='lat' dir='ltr'><strong>ln</strong></span> <span class='ocrx_word' id='word_1_331' title='bbox 886 4471 965 4522; x_wconf 88' lang='lat' dir='ltr'><strong>opere</strong></span> <span class='ocrx_word' id='word_1_332' title='bbox 977 4457 1009 4508; x_wconf 82' lang='lat' dir='ltr'><strong>de</strong></span> <span class='ocrx_word' id='word_1_333' title='bbox 1023 4457 1136 4522; x_wconf 70' lang='lat' dir='ltr'><strong>synodo,</strong></span> <span class='ocrx_word' id='word_1_334' title='bbox 1150 4464 1176 4511; x_wconf 92' lang='lat' dir='ltr'><strong>et</strong></span> <span class='ocrx_word' id='word_1_335' title='bbox 1191 4461 1286 4527; x_wconf 86' lang='lat' dir='ltr'><strong>probet</strong></span> <span class='ocrx_word' id='word_1_336' title='bbox 1298 4463 1391 4516; x_wconf 77' lang='lat' dir='ltr'><strong>dmort</strong></span> <span class='ocrx_word' id='word_1_337' title='bbox 1404 4467 1432 4517; x_wconf 91' lang='lat' dir='ltr'><strong>in</strong></span> <span class='ocrx_word' id='word_1_338' title='bbox 1446 4467 1490 4521; x_wconf 77' lang='lat' dir='ltr'><strong>Th.</strong></span> <span class='ocrx_word' id='word_1_339' title='bbox 1509 4455 1588 4520; x_wconf 73' lang='lat' dir='ltr'><strong>saror.¹</strong></span> 
     </span>
     <span class='ocr_line' id='line_1_38' title="bbox 403 4533 1575 4598; baseline 0.012 -16"><span class='ocrx_word' id='word_1_340' title='bbox 403 4537 437 4583; x_wconf 92' lang='lat' dir='ltr'><strong>tr.</strong></span> <span class='ocrx_word' id='word_1_341' title='bbox 451 4535 489 4594; x_wconf 83' lang='grc'><strong>15,</strong></span> <span class='ocrx_word' id='word_1_342' title='bbox 506 4534 518 4598; x_wconf 70' lang='grc' dir='ltr'>ξ</span> <span class='ocrx_word' id='word_1_343' title='bbox 533 4536 556 4595; x_wconf 79' lang='lat'><strong>2,</strong></span> <span class='ocrx_word' id='word_1_344' title='bbox 569 4547 595 4597; x_wconf 85' lang='lat' dir='ltr'><strong>q.</strong></span> <span class='ocrx_word' id='word_1_345' title='bbox 611 4535 634 4592; x_wconf 79' lang='lat' dir='ltr'><strong>a.</strong></span> <span class='ocrx_word' id='word_1_346' title='bbox 650 4534 712 4584; x_wconf 90' lang='lat' dir='ltr'><strong>edit.</strong></span> <span class='ocrx_word' id='word_1_347' title='bbox 728 4533 826 4584; x_wconf 87' lang='lat' dir='ltr'><strong>Girald.</strong></span> <span class='ocrx_word' id='word_1_348' title='bbox 840 4534 1017 4585; x_wconf 71' lang='lat' dir='ltr'><strong>structorem</strong></span> <span class='ocrx_word' id='word_1_349' title='bbox 1033 4539 1104 4586; x_wconf 87' lang='lat' dir='ltr'><strong>reete</strong></span> <span class='ocrx_word' id='word_1_350' title='bbox 1119 4538 1217 4589; x_wconf 88' lang='lat' dir='ltr'><strong>sentiro</strong></span> <span class='ocrx_word' id='word_1_351' title='bbox 1231 4539 1259 4590; x_wconf 90' lang='lat' dir='ltr'><strong>ln</strong></span> <span class='ocrx_word' id='word_1_352' title='bbox 1273 4539 1324 4592; x_wconf 90' lang='lat' dir='ltr'><strong>hoe</strong></span> <span class='ocrx_word' id='word_1_353' title='bbox 1338 4543 1530 4595; x_wconf 85' lang='lat' dir='ltr'><strong>constatlrodie</strong></span> <span class='ocrx_word' id='word_1_354' title='bbox 1542 4560 1575 4596; x_wconf 83' lang='lat' dir='ltr'><strong>ex</strong></span> 
     </span>
     <span class='ocr_line' id='line_1_39' title="bbox 301 4609 1575 4686; baseline 0.013 -27"><span class='ocrx_word' id='word_1_355' title='bbox 301 4619 303 4624; x_wconf 88' lang='lat'>·</span> <span class='ocrx_word' id='word_1_356' title='bbox 403 4609 494 4661; x_wconf 89' lang='lat' dir='ltr'><strong>multis</strong></span> <span class='ocrx_word' id='word_1_357' title='bbox 506 4610 728 4662; x_wconf 85' lang='lat' dir='ltr'><strong>declarationibus</strong></span> <span class='ocrx_word' id='word_1_358' title='bbox 739 4609 982 4675; x_wconf 70' lang='lat' dir='ltr'><strong>sedisapostolicae</strong></span> <span class='ocrx_word' id='word_1_359' title='bbox 992 4612 1051 4677; x_wconf 85' lang='lat' dir='ltr'><strong>plus</strong></span> <span class='ocrx_word' id='word_1_360' title='bbox 1062 4613 1185 4665; x_wconf 80' lang='lat' dir='ltr'><strong>minusve</strong></span> <span class='ocrx_word' id='word_1_361' title='bbox 1196 4615 1311 4670; x_wconf 76' lang='lat' dir='ltr'><strong>directis,</strong></span> <span class='ocrx_word' id='word_1_362' title='bbox 1320 4619 1396 4683; x_wconf 81' lang='lat' dir='ltr'><strong>(Vide</strong></span> <span class='ocrx_word' id='word_1_363' title='bbox 1407 4621 1531 4686; x_wconf 75' lang='lat' dir='ltr'><strong>lamone,</strong></span> <span class='ocrx_word' id='word_1_364' title='bbox 1543 4624 1575 4678; x_wconf 83' lang='lat' dir='ltr'><strong>dc</strong></span> 
     </span>
     <span class='ocr_line' id='line_1_40' title="bbox 402 4685 862 4754; baseline 0 -18"><span class='ocrx_word' id='word_1_365' title='bbox 402 4687 516 4742; x_wconf 63' lang='lat' dir='ltr'><strong>Matrem.</strong></span> <span class='ocrx_word' id='word_1_366' title='bbox 533 4685 639 4748; x_wconf 70' lang='lat' dir='ltr'><strong>Christi,</strong></span> <span class='ocrx_word' id='word_1_367' title='bbox 649 4691 669 4739; x_wconf 88' lang='lat' dir='ltr'><strong>t.</strong></span> <span class='ocrx_word' id='word_1_368' title='bbox 683 4687 714 4749; x_wconf 87' lang='grc'><strong>11,</strong></span> <span class='ocrx_word' id='word_1_369' title='bbox 724 4701 745 4738; x_wconf 84' lang='lat' dir='ltr'><strong>s.</strong></span> <span class='ocrx_word' id='word_1_370' title='bbox 758 4697 776 4750; x_wconf 88' lang='lat'><strong>1,</strong></span> <span class='ocrx_word' id='word_1_371' title='bbox 789 4699 813 4738; x_wconf 88' lang='lat' dir='ltr'><strong>c.</strong></span> <span class='ocrx_word' id='word_1_372' title='bbox 827 4687 862 4754; x_wconf 82' lang='grc'><strong>1).</strong></span> 
     </span>
    </p>
   </div>
   <div class='ocr_carea' id='block_1_7' title="bbox 0 0 1761 5568">
    <p class='ocr_par' dir='ltr' id='par_1_9' title="bbox 0 0 1761 5568">
     <span class='ocr_line' id='line_1_41' title="bbox 0 0 1761 5568; baseline 0 0"><span class='ocrx_word' id='word_1_373' title='bbox 0 0 1761 5568; x_wconf 95' lang='lat' dir='ltr'><strong> </strong></span> 
     </span>
    </p>
   </div>
  </div>
 </body>
</html>
