3418 5566
522 587 609 638 uam
630 591 758 647 omarus
777 589 997 640 cummanum
1288 573 1345 642 331
1405 635 1409 642 .

43 785 49 794 .
178 711 312 779 sublata
330 712 508 797 lueritpcr
529 711 658 779 bullam
679 714 812 794 Corum
831 694 1023 780 communis
1044 716 1160 778 tamen
1179 713 1349 778 sententia

179 822 384 899 affirmabam
414 822 475 886 sed
496 821 597 889 hodie
612 823 706 889 nulla
729 827 887 909 superest
907 822 1087 888 difficultas
1106 840 1149 886 ex
1171 823 1349 907 perspicua

179 929 404 998 declaratione
418 931 467 996 Pii
481 931 535 1011 lx,
551 935 588 997 in
601 932 766 1022 praedicta
775 933 1017 997 constitutione
1032 931 1148 1016 Apost.
1162 931 1270 998 Sedis.

217 1039 369 1105 Haretici
383 1040 505 1105 occulti
518 1040 647 1106 absolvi
662 1045 808 1122 possunt
820 1041 856 1105 in
867 1041 942 1106 soro
956 1040 1206 1106 conscientiaea
1226 1041 1348 1123 majori
1367 1036 1372 1046 '

177 1149 428 1232 prenitentimio
442 1151 499 1216 vel
513 1151 555 1217 de
571 1153 646 1235 ejus
665 1150 837 1216 mandato.
859 1149 976 1216 Potest
991 1150 1095 1216 etiam
1115 1152 1228 1233 major
1243 1149 1349 1234 poeui·

181 1257 354 1323 tentiarius
378 1259 414 1324 in
441 1259 515 1326 foro
543 1259 759 1324 conscientias
780 1257 956 1324 absolvere
980 1257 1133 1342 publicos
1156 1257 1346 1335 haretioos,

178 1365 299 1432 saltem
310 1367 346 1430 in
359 1367 442 1432 locis
454 1367 512 1431 ubi
527 1368 676 1432 osticium
689 1365 920 1449 inquisitionis
933 1384 1003 1432 nou
1017 1367 1121 1450 viget.

219 1476 425 1560 «Excipiunt
439 1476 553 1560 aliqui,
568 1476 616 1542 ait
629 1475 792 1541 Schmalz.
805 1475 850 1558 (h.
865 1479 902 1550 t.,
919 1494 954 1540 n.
966 1475 1048 1558 199),
1065 1475 1242 1560 episcopos
1252 1475 1288 1540 in
1298 1493 1349 1541 re·

177 1583 337 1666 giouibue
352 1583 394 1648 ab
408 1582 495 1648 Urbe
509 1583 749 1649 remotioribus
765 1603 773 1646 :
839 1587 962 1666 putant
977 1573 1172 1648 iacrdtatem
1182 1601 1202 1648 a
1212 1581 1350 1648 lbiden·

179 1692 251 1758 tiuo
260 1691 384 1769 datam,
394 1691 591 1774 perbullam
603 1690 716 1760 Corne
725 1695 921 1756 revocatam
931 1708 1002 1756 non
1017 1708 1103 1766 esse,
1118 1709 1193 1774 qua
1205 1691 1241 1756 in
1253 1692 1348 1775 praxi

177 1806 252 1867 tuto
272 1801 424 1866 adhiberi
441 1801 560 1884 possit,
578 1804 613 1864 et
625 1804 805 1884 propterea
817 1798 1027 1874 lutheranus,
1048 1799 1252 1877 calvinistes,
1271 1803 1347 1875 etc,

179 1910 237 2001 qui
250 1906 451 1974 catholicam
465 1907 569 1971 fldem
588 1908 760 1992 suscipere
775 1906 907 1982 volunt,
923 1905 971 1970 illi
990 1907 1136 1992 episcopi
1158 1925 1219 1991 per
1241 1924 1277 1972 se
1294 1906 1350 1972 vel

177 2037 240 2102 per
253 2016 428 2100 delegatos
450 2035 531 2082 euos
551 2019 588 2082 in
610 2019 685 2084 foro
704 2017 919 2082 conscientiae
942 2015 1118 2082 absolvere
1132 2017 1264 2101 possint
1279 2035 1350 2083 non

179 2129 313 2191 tanttun
330 2126 373 2190 ab
386 2119 508 2191 haeresi
522 2125 663 2203 occulta,
680 2124 741 2190 sed
756 2125 860 2190 etiam
874 2143 895 2190 a
907 2125 1042 2190 notorie
1060 2128 1094 2188 et
1105 2123 1255 2208 publica3
1271 2128 1351 2210 quia

177 2238 316 2319 propter
332 2234 473 2300 nimiam
486 2235 714 2320 frequentiam
733 2237 768 2299 et
786 2232 1041 2298 multitudinem
1064 2233 1350 2300 absolvendorum

179 2341 276 2408 adest
289 2343 521 2408 necessarium
537 2348 572 2408 at
584 2343 726 2408 evidens
739 2342 1024 2426 impedimentum
1039 2361 1098 2407 eos
1116 2343 1272 2408 mittendi
1285 2343 1350 2408 Ro-
1427 2427 1435 2441 „

178 2467 282 2516 mam.
299 2450 365 2516 Sed
374 2450 440 2517 hoc
451 2469 573 2516 verum
584 2450 698 2527 credo,
709 2468 780 2516 non
791 2451 826 2516 vi
840 2450 1025 2516 Tridentini
1039 2450 1242 2516 velalterius
1249 2452 1347 2534 juris,

179 2558 240 2624 sed
268 2558 386 2641 vigore
415 2558 612 2643 specialium
638 2559 838 2624 facultatum
861 2577 936 2642 quae
962 2557 1159 2642 hujusmodi
1185 2559 1353 2643 episcopis
1459 2627 1462 2632 ,

179 2667 418 2747 remotioribus
443 2685 463 2732 a
486 2666 572 2733 Sede
593 2667 787 2751 Apostolica
814 2666 958 2750 siugulis
985 2667 1225 2752 quinquenniis
1253 2685 1352 2734 reno·

179 2775 300 2840 vaudae
314 2775 454 2842 concedi
470 2775 591 2841 solent.
609 2801 625 2835 n

220 2883 249 2965 b)
264 2883 376 2964 Ουαηι
387 2891 590 2968 potestatem
603 2903 693 2951 nunc
706 2884 855 2951 babeant
868 2885 1013 2972 ept'scopi
1022 2892 1104 2971 post
1123 2892 1224 2952 const.
1246 2885 1352 2968 Apos-

179 2991 288 3057 tolicae
303 2989 426 3056 Sedis?

219 3102 250 3165 1⁰
260 3099 417 3179 Possunt,
431 3105 470 3165 ut
478 3101 607 3167 dictum
619 3105 672 3167 est
681 3093 793 3186 supra,
804 3102 981 3167 absolvere
994 3102 1036 3168 ab
1045 3102 1167 3168 haeresi
1176 3101 1310 3166 notoria
1318 3105 1352 3167 et

179 3207 1352 3294 adiorumjudicialemdeducta.Sednotandumestquodhacduoro-

180 3315 361 3401 quiruntur
374 3323 414 3382 ut
422 3319 554 3402 possint
565 3317 760 3385 absolvere:
776 3337 900 3403 nempe
914 3324 953 3383 ut
965 3317 1104 3387 haeresis
1118 3318 1162 3382 sit
1170 3317 1304 3382 notoria
1317 3322 1353 3382 ot

180 3423 224 3489 ad
237 3424 384 3490 tribunal
399 3426 547 3511 episcopi
566 3425 721 3492 deducte.
740 3427 862 3505 Quare,
885 3427 922 3491 in
943 3444 1024 3492 casu
1044 3425 1183 3492 haeresis
1198 3425 1348 3502 occulta,

181 3537 359 3620 episcopus
375 3536 494 3622 nequit
508 3534 698 3613 absolvere,
720 3536 749 3600 si
769 3536 949 3601 haereticus
971 3535 1057 3600 nolit
1074 3535 1233 3600 heresim
1252 3552 1351 3600 suam

180 3647 297 3709 notam
310 3643 422 3708 iacere
436 3644 470 3709 in
483 3643 634 3728 judiciali
647 3645 722 3710 foro
739 3649 891 3710 externo.
908 3644 956 3708 Ex
970 3644 1080 3710 altera
1093 3643 1287 3709 conditione
1301 3661 1350 3708 se-

181 3753 297 3836 quitur
309 3751 401 3836 quod
419 3751 544 3816 subditi
561 3756 705 3828 tentum,
730 3769 792 3818 sau
811 3750 859 3816 illi
883 3752 941 3835 qui
954 3752 1105 3834 legitime
1126 3752 1352 3835 subjiciuntur

178 3861 403 3946 jurisdictioni
424 3861 583 3946 episcopi,
607 3866 751 3946 possunt
768 3879 908 3927 causam
931 3878 1030 3926 suam
1044 3861 1176 3927 deferre
1189 3859 1349 3926 tribunali

181 3969 329 4053 episcopi
344 3970 469 4035 intuitu
481 3969 704 4037 absolutionis
716 3969 883 4055 potandae.

220 4079 253 4143 2⁰
268 4078 306 4143 In
320 4081 395 4145 loro
410 4082 671 4163 externo,juxta
681 4081 808 4166 plures,
830 4086 976 4165 possunt
987 4080 1163 4147 absolvere
1177 4070 1219 4145 ab
1229 4079 1350 4144 haresi

180 4185 216 4250 in
228 4185 313 4252 locis
325 4187 384 4251 ubi
396 4187 547 4253 cilicium
561 4188 593 4253 S.
611 4188 842 4273 Inquisitionis
861 4207 930 4254 nou
951 4193 1004 4254 est
1026 4188 1269 4264 introductum,
1295 4205 1351 4251 ex·

179 4294 286 4378 ceptis
315 4299 430 4360 tamen
455 4296 687 4362 heresiarchis
714 4303 748 4362 et
775 4297 941 4382 relapsis;
962 4315 1043 4363 nam
1066 4297 1216 4379 episcopi
1235 4295 1349 4361 locum

180 4406 301 4467 tenent
326 4403 565 4487 inquisitorum
593 4410 628 4470 et
647 4411 754 4487 agunt
781 4411 820 4470 ut
847 4405 993 4488 delegati
1021 4405 1117 4470 Sedis
1137 4403 1348 4488 Apostolicae.

181 4510 257 4576 Haec
289 4510 457 4578 absolutio
490 4513 526 4576 in
556 4513 631 4578 loro
656 4518 798 4578 externo
826 4515 905 4579 data
933 4513 1073 4597 prodest
1101 4511 1282 4602 absolutis,
1313 4517 1352 4576 ut

182 4617 304 4684 deiude
322 4619 358 4683 in
380 4620 455 4686 foro
473 4621 609 4686 interno
626 4639 646 4686 a
664 4638 879 4705 quocumque
899 4621 1042 4706 simplici
1066 4619 1274 4687 confessario
1293 4618 1351 4684 ab·

183 4726 267 4793 solvi
282 4727 428 4794 valcant.
450 4727 577 4796 Tamen
595 4728 764 4796 absolutio
789 4747 851 4812 pro
872 4732 947 4796 loro
968 4729 1102 4796 interno
1124 4747 1195 4795 non
1211 4727 1351 4812 prodest
