3482 5560
355 507 415 572 200
691 539 696 550 ·
815 522 866 569 rus
886 523 1065 570 cauourcua.

356 641 664 725 principibus,raro
674 657 753 705 cum
762 639 1049 718 illustribus,cum
1059 640 1133 706 aliis
1144 641 1366 706 rarissimae
1376 639 1414 705 ln
1422 639 1529 722 gradu

358 749 507 814 secundo
521 750 736 834 dispensatur
755 768 833 815 cunr
848 752 1024 835 praecipuis
1048 752 1203 836 personis
1219 749 1362 834 alicujus
1377 750 1453 826 loci,
1474 751 1531 816 vel

357 858 517 923 divitibus
532 861 687 924 excertis
711 865 745 924 et
770 861 1025 926 rationabilibus
1048 862 1171 939 causis,
1192 867 1291 927 aucta
1308 866 1424 926 tamen
1450 865 1527 925 taxa

357 967 530 1050 pecuniari
545 985 656 1032 causae
670 967 813 1050 publicae
827 968 1036 1052 applicanda.
1064 969 1147 1035 Cum
1162 975 1337 1035 taxavere
1353 968 1528 1033 communi

356 1093 427 1139 non
442 1075 665 1158 dispensatur,
682 1077 747 1139 nisi
763 1076 943 1140 accedente
950 1079 1044 1160 Justa
1054 1097 1166 1154 causa,
1182 1097 1214 1141 v.
1228 1097 1261 1158 g.
1279 1077 1308 1142 si
1322 1075 1435 1160 puella
1449 1076 1527 1141 dote

358 1186 481 1259 careat,
505 1184 533 1245 si
557 1184 814 1248 matrimonium
840 1185 931 1249 bona
953 1185 1020 1250 tide
1036 1185 1080 1249 sit
1102 1189 1324 1260 contractum,
1348 1184 1403 1248 vel
1418 1184 1529 1268 proles

359 1295 526 1374 suscepta,
549 1295 611 1355 etc.
634 1291 686 1354 Ad
710 1291 999 1374 dispensationem
1022 1293 1056 1356 in
1082 1293 1181 1358 tertio
1202 1298 1398 1376 autquarta
1422 1291 1530 1373 gradu

358 1400 471 1466 minor
485 1417 588 1464 causa
602 1400 737 1464 suflicit.
753 1400 785 1463 4⁰
801 1400 834 1463 Si
857 1402 1004 1466 allinitas
1027 1407 1102 1466 orta
1125 1408 1178 1466 est
1198 1421 1242 1466 ex
1261 1401 1383 1484 copula
1404 1400 1528 1474 illicita,

297 1575 300 1581 ,
359 1507 533 1590 dispensat
549 1507 639 1591 Papa
649 1525 711 1590 pro
734 1508 808 1573 loro
830 1509 963 1574 interno
982 1510 1143 1592 inprime
1163 1509 1281 1591 gradu,
1297 1529 1330 1574 v.
1347 1529 1381 1591 g.
1404 1514 1443 1574 ut
1458 1509 1531 1592 quic

249 1607 254 1615 '
360 1616 482 1680 ducere
497 1615 604 1698 possit
619 1614 724 1679 titiam
746 1618 843 1698 cujus
862 1620 1008 1680 matrem
1030 1623 1130 1682 antea
1148 1619 1309 1699 cognovit
1328 1639 1335 1679 :
1358 1616 1414 1681 vel
1434 1634 1533 1681 econ-

358 1729 420 1802 tra3
437 1727 473 1788 at
486 1743 547 1808 pro
561 1725 635 1788 foro
646 1728 787 1789 externo
801 1725 1018 1808 vixunquam
1032 1727 1068 1789 in
1082 1725 1146 1790 boc
1160 1727 1268 1808 gradu
1284 1727 1458 1790 obtinetur
1470 1724 1533 1788 dis-

358 1833 524 1916 pensatio,
542 1833 607 1896 nisi
618 1831 752 1914 utrique
768 1833 894 1896 oratori
908 1853 1009 1916 poena
1024 1836 1143 1898 mortis
1165 1835 1343 1899 immineat
1355 1835 1407 1916 (t).
1431 1833 1468 1896 ln
1482 1851 1533 1896 se-

357 1942 469 2006 cundo
486 1941 604 2023 gradu,
628 1945 745 2024 utpote
765 1942 895 2020 intimo,
917 1942 1189 2026 dispensatores
1207 1945 1327 2027 quavis
1341 1941 1534 2008 rationabili

358 2069 473 2114 causa.

355 2235 386 2286 V.
402 2235 438 2285 Ex
448 2232 550 2297 qulbus
560 2235 653 2287 causis
663 2233 880 2302 dispensatorio
894 2236 1003 2288 caeteris
1020 2236 1232 2302 impedimentis
1246 2236 1320 2301 juris
1337 2236 1534 2289 ecclesiastici?

396 2379 495 2460 Resp.
522 2380 552 2440 t⁰
575 2377 613 2440 ln
632 2377 767 2461 publica
784 2379 963 2443 honestate
985 2379 1082 2444 facile
1107 2381 1324 2464 dispensatur
1345 2399 1386 2446 ex
1415 2379 1533 2464 quavis

282 2521 286 2540 ·
357 2485 546 2551 rationabili
560 2503 673 2563 causa,
689 2504 768 2550 cum
782 2487 847 2550 boc
861 2487 1147 2570 impedimentum
1167 2489 1210 2552 sit
1231 2507 1339 2552 unum
1363 2507 1405 2553 ex
1426 2489 1533 2554 mino-

358 2593 462 2656 ribus.
479 2593 511 2656 2⁰
528 2593 721 2659 incrimine
740 2599 814 2660 orto
831 2613 873 2658 ex
884 2596 1123 2678 eonJugicidio,
1142 2597 1170 2659 si
1184 2596 1358 2679 publicum
1373 2600 1435 2673 est,
1450 2615 1534 2660 nun-

357 2719 459 2785 quam
477 2701 713 2783 dispensatur;
738 2701 765 2762 si
789 2701 970 2778 occultum,
990 2703 1164 2785 dispensat
1179 2703 1250 2768 Sao.
1268 2704 1531 2777 Poenitentiaria‚

315 2839 318 2846 ·
357 2811 418 2874 sed
434 2827 589 2874 excausa
601 2809 854 2890 urgentissima.
870 2809 913 2871 At
928 2810 955 2872 si
974 2811 1259 2893 impedimentum
1280 2812 1431 2875 criminis
1452 2811 1535 2876 oria-

360 2922 415 2981 tur
438 2937 480 2981 ex
500 2916 678 2992 adulterio,
706 2916 796 3000 Papa
820 2917 994 3001 dispensat
1023 2937 1082 3000 pro
1108 2924 1252 3002 utroque
1278 2921 1352 2984 ioro
1373 2938 1415 2983 ex
1434 2937 1536 2984 causa

289 3039 292 3050 ·
355 3028 449 3109 justa
467 3047 474 3088 :
497 3046 529 3091 v.
545 3045 578 3108 g.
603 3028 631 3090 si
656 3027 781 3090 oratrix
798 3027 971 3092 diffamata
992 3033 1026 3091 et
1040 3028 1182 3110 innupta
1194 3033 1367 3106 maneret;
1384 3029 1411 3091 si
1424 3027 1535 3110 proles

359 3140 528 3217 suompte,
544 3134 599 3198 vel
615 3134 878 3210 matrimonium,
886 3139 1099 3200 contractum
1119 3142 1181 3214 est,
1199 3137 1227 3200 si
1241 3137 1359 3217 gravia
1378 3136 1534 3201 scandala

360 3239 534 3313 timentur,
554 3241 616 3301 eto.
633 3238 665 3301 3ο
678 3237 714 3301 ln
728 3240 931 3321 paternitate
958 3244 991 3304 et
1011 3241 1227 3304 maternitate
1253 3239 1418 3323 spirituaii
1435 3244 1470 3304 et
1487 3239 1533 3302 le-

359 3345 425 3427 gali
441 3364 511 3411 non
525 3345 750 3429 dispensatur,
767 3346 832 3410 nisi
854 3366 896 3410 ex
915 3347 1157 3428 urgentissima
1170 3366 1273 3414 causa
1294 3368 1300 3410 :
1317 3347 1425 3430 qualis
1441 3351 1531 3412 esset

358 3454 546 3536 periculum
559 3455 638 3518 vitae
653 3455 843 3518 oratoribus
858 3455 1041 3519 imminens
1055 3457 1099 3520 ob
1114 3456 1273 3522 delictum
1287 3454 1433 3521 carnale.
1449 3455 1531 3518 Atio

353 3562 636 3645 compaternitate
659 3565 718 3626 aut
738 3555 1033 3628 commaternitate'
1052 3565 1183 3630 facilius
1206 3563 1532 3647 dispensaturum

359 3669 603 3752 impedimento
624 3687 690 3734 sac.
708 3669 846 3746 ordinis,
860 3671 1090 3754 ¹professionis
1117 3671 1300 3754 religiosa,
1326 3670 1532 3736 matrimonii

359 3776 422 3840 rati
440 3794 509 3840 non
530 3774 746 3859 dispensatur
766 3777 838 3842 sine
865 3777 1068 3859 gravissima
1090 3783 1123 3842 et
1140 3779 1274 3861 publica
1287 3796 1406 3854 causa;
1426 3777 1532 3862 qualis

362 3895 415 3952 est
436 3889 650 3954 conservatio
672 3888 815 3972 alicujus
839 3891 936 3970 regni
950 3888 1007 3954 vel
1019 3889 1154 3954 lamiliae
1171 3889 1269 3954 valde
1289 3888 1441 3966 illustris,
1457 3909 1535 3954 con-

363 3996 476 4061 versio
489 3995 584 4076 regoi
600 3995 643 4059 ad
658 3994 771 4072 iidem,
789 3996 844 4060 vel
859 3997 894 4060 in
910 4015 951 4061 ea
970 3996 1184 4061 conservatio
1200 4001 1234 4060 et
1247 3999 1460 4080 propagatio,
1478 4015 1535 4061 ex-

362 4107 496 4172 stinctio
512 4107 626 4188 gravis
649 4105 738 4182 belli,
764 4111 825 4170 eto.
852 4109 884 4169 5⁰
898 4105 934 4168 ln
952 4107 1196 4188 impedimento
1222 4110 1334 4170 metus
1357 4125 1426 4171 non
1450 4107 1536 4172 solet

361 4216 559 4300 dispensari,
577 4233 620 4278 ue
638 4214 843 4297 dispensatio
860 4215 977 4279 tendat
990 4213 1032 4278 ad
1046 4213 1197 4278 infelices
1209 4215 1320 4278 exitus
1333 4235 1339 4290 ;
1350 4214 1438 4278 bene
1453 4233 1534 4280 vero

361 4325 396 4387 in
415 4329 513 4408 raptu
534 4343 577 4386 ex
597 4324 692 4404 gravi
714 4341 827 4398 causa,
849 4324 876 4386 si
898 4329 994 4407 rapta
1013 4323 1197 4387 constituta
1215 4323 1250 4386 in
1271 4328 1439 4406 potestate
1463 4343 1536 4406 rap-

395 4519 427 4580 (1)
447 4516 475 4566 ln
491 4516 550 4567 toro
567 4519 677 4567 externo
692 4516 824 4581 ejusmodi
840 4529 960 4580 persone
974 4529 1036 4579 rare,
1049 4529 1104 4566 non
1119 4518 1219 4567 attenta
1234 4516 1432 4582 dispensatione
1447 4517 1535 4581 ponti·

363 4593 431 4718 lippia.
443 4597 561 4720 egtrplrpo
576 4593 705 4658 supplicio
725 4591 876 4643 officiuntur
897 4593 924 4642 io
939 4593 1076 4643 territoriis
1092 4592 1209 4643 dominio
1227 4593 1303 4658 Papae
1323 4607 1377 4646 noo
1401 4593 1535 4659 subjectis.

362 4671 370 4730 t
413 4668 441 4719 it.
477 4669 499 4720 ir
545 4671 561 4731 .)
