3508 5568
337 507 377 574 ct
795 521 847 571 tus
867 518 1047 571 crucmcutl.

339 648 400 721 sis,
420 645 502 710 dum
512 641 609 709 tacile
622 646 738 726 posset
755 647 790 706 et
805 643 944 708 deberet
960 641 1201 718 contradicere,
1224 644 1259 706 et
1281 659 1352 705 non
1374 641 1507 705 coutra-

338 755 417 818 dicit
434 774 441 816 :
458 752 519 817 sed
534 753 569 816 iu
584 753 662 817 doto
681 770 763 816 casu
779 752 947 835 parochus
961 752 1057 818 tacite
1075 755 1193 836 posset
1215 755 1250 814 et
1271 749 1410 814 deberet
1428 766 1507 813 con-

339 862 523 937 tradicere;
545 878 638 942 ergo.
658 860 690 924 Ψ
702 859 737 923 Si
749 859 901 936 licentia,
920 861 1056 925 conscio
1072 859 1258 935 sacerdote,
1277 857 1383 942 petita
1397 861 1459 931 est,
1478 855 1507 917 is
1604 885 1608 892 ·

339 970 449 1035 valide
460 968 587 1034 assistit
595 966 823 1046 matrimonia
834 968 1020 1034 dummodo
1030 968 1166 1034 licentia
1175 967 1268 1050 prius
1277 967 1321 1030 sit
1330 965 1418 1042 data,
1430 963 1509 1028 licet

339 1079 464 1144 nuncio
479 1078 514 1140 iu
528 1077 584 1140 via
605 1076 772 1141 existente
787 1077 935 1142 necdum
952 1078 996 1141 sit
1017 1078 1173 1142 intimata
1190 1097 1197 1139 :
1215 1094 1296 1140 nam
1315 1073 1390 1140 talis
1407 1072 1508 1148 licen-

340 1188 386 1253 tia
398 1191 558 1251 censetur
572 1185 687 1249 statim
698 1190 835 1268 accepta
847 1189 1051 1250 amomento
1062 1185 1303 1250 concessionis.
1315 1183 1384 1248 tloc
1395 1188 1509 1257 tamen

339 1294 441 1360 modo
456 1293 569 1358 illicite
583 1293 654 1374 agit
667 1293 835 1369 sacerdos,
853 1293 932 1377 quia
946 1297 1197 1358 sacramentum
1208 1293 1347 1375 exponit
1359 1288 1509 1375 periculo

340 1402 568 1479 invaliditatis,
592 1419 672 1466 casu
688 1420 755 1485 quc
770 1401 906 1467 licentia
920 1406 973 1467 est
987 1400 1165 1484 denegata,
1182 1401 1237 1467 vel
1247 1402 1415 1485 posterius
1430 1415 1509 1464 con-

340 1532 446 1580 cessa.
463 1512 496 1576 Si
511 1515 637 1590 autem,
655 1511 828 1577 sacerdote
843 1511 961 1587 inscio,
977 1511 1113 1576 licentia
1127 1511 1205 1576 data
1224 1517 1286 1587 est,
1307 1508 1415 1574 donec
1434 1509 1509 1572 inti-

340 1629 463 1699 metur,
479 1640 548 1687 non
565 1619 741 1702 ostvalida
754 1620 957 1695 assistentia,
975 1621 1139 1703 quianon
1156 1621 1507 1700 censeturacceptata.

340 1733 372 1795 3⁰
388 1730 554 1795 Ordinarii
567 1728 705 1794 licentia
721 1733 758 1792 ut
775 1728 933 1793 sacerdos
956 1728 1094 1793 assistat
1114 1727 1319 1810 copulationi
1343 1725 1417 1788 'litii
1432 1742 1510 1788 cum

279 1825 282 1837 ’
341 1845 434 1904 certa
453 1855 609 1921 persona,
631 1854 702 1901 nou
726 1836 851 1901 sulsscit
871 1836 913 1900 ad
938 1835 1169 1902 assistendum
1189 1834 1401 1900 contrahenti
1432 1849 1509 1896 cum

342 1948 408 2012 alia
425 1964 572 2030 persona
590 1945 644 2009 cui
664 1944 854 2010 ordinarius
873 1945 1047 2010 interdixit
1065 1944 1331 2020 matrimonium,
1354 1941 1433 2026 quia
1447 1941 1509 2004 iste

342 2073 441 2119 casus
449 2052 603 2136 specialis
612 2070 682 2117 non
690 2051 785 2116 venit
793 2053 829 2118 iu
843 2051 995 2134 generali
1002 2053 1254 2127 commissione,
1271 2069 1389 2132 exreg.
1407 2067 1510 2125 uniri,

343 2165 378 2226 in
397 2162 445 2238 c⁰;
465 2167 500 2225 at
517 2161 545 2224 si
562 2160 654 2225 dedit
671 2159 843 2226 licentiam
858 2166 896 2224 ut
916 2162 1067 2236 assistat,
1088 2159 1272 2245 praemissis
1288 2158 1512 2223 denuntiatio-

343 2270 454 2345 nibus,
470 2269 524 2332 his
539 2269 685 2343 omissis,
703 2267 813 2332 valide
828 2269 964 2346 assistit,
992 2270 1071 2353 quia
1084 2269 1258 2334 concessio
1273 2267 1338 2332 ista
1355 2271 1513 2331 censetur
1572 2271 1573 2276 ’

343 2377 526 2442 conformis
538 2377 608 2458 juri
623 2378 723 2458 juxta
736 2376 826 2459 quod
840 2377 1107 2453 matrimonium,
1129 2376 1264 2441 omissis
1289 2375 1513 2440 denuntiatio-

344 2485 443 2548 nibus
457 2483 675 2558 celebratum,
691 2487 743 2546 est
755 2481 916 2546 validum.
933 2483 966 2546 4⁰
978 2481 1125 2548 Licentia
1138 2489 1233 2547 metu
1257 2489 1389 2548 extorta
1409 2482 1511 2558 valet,

344 2611 422 2657 cum
449 2590 567 2655 nullibi
594 2590 754 2665 irritetur,
783 2591 869 2654 sicut
897 2590 1046 2654 irritatur
1072 2591 1246 2655 concessio
1269 2590 1514 2673 jurisdictionis

345 2708 440 2768 metu
455 2699 593 2767 factml.
606 2700 693 2778 11,ff.
711 2701 752 2765 de
765 2701 874 2766 detdic.
891 2702 1005 2778 Dolus,
1022 2703 1086 2767 nisi
1102 2703 1145 2766 sit
1159 2705 1195 2768 iu
1209 2721 1311 2768 causa
1326 2702 1514 2779 ltneli,'non

346 2814 443 2878 vitiat
455 2810 626 2875 licentiam
639 2830 646 2887 ;
663 2810 741 2894 quia
752 2810 971 2875 causallnalis
982 2829 1074 2888 vera,
1085 2811 1164 2876 licet
1174 2812 1355 2895 impulsiva
1367 2811 1511 2886 sittalsa,

347 2919 471 2985 sufficit
484 2917 527 2982 ad
541 2916 689 2982 validam
713 2917 997 3000 impetrationem.
1023 2920 1055 2982 5⁰
1076 2919 1257 2984 Revocatio
1278 2917 1421 2983 licentiae
1444 2937 1513 2982 non
1606 2913 1607 2921 ’

346 3029 439 3112 prius
455 3025 595 3091 sortitur
608 3025 779 3101 ellectum,
795 3026 903 3091 donec
924 3027 966 3091 ab
981 3027 1151 3092 ordinario
1165 3046 1228 3110 par
1242 3045 1290 3102 se,
1307 3025 1363 3092 vel
1385 3045 1447 3110 per
1461 3025 1515 3088 lit-

349 3142 437 3202 teras
452 3127 510 3200 aut
523 3134 693 3210 nuntium,
714 3135 759 3198 sit
780 3135 935 3200 intimata
957 3136 1200 3212 commissario,
1225 3135 1303 3200 licet
1325 3136 1354 3199 is
1378 3134 1513 3199 aliunde

348 3244 483 3308 sciverit
497 3260 571 3306 esse
587 3247 781 3308 revocatam
798 3263 805 3304 :
821 3243 869 3307 ita
882 3242 1031 3309 Sanchez
1045 3249 1080 3310 et
1094 3243 1160 3321 alii,
1180 3263 1223 3309 ex
1233 3243 1290 3308 lib.
1307 3243 1403 3320 XVII,
1420 3243 1456 3311 ff,
1473 3244 1514 3306 de

349 3351 413 3432 Off.
424 3350 561 3436 presciti.
568 3368 582 3430 ;
596 3369 677 3415 nam
690 3351 825 3416 licentia
839 3351 917 3417 data
929 3359 981 3416 est
990 3351 1165 3417 voluntate
1173 3353 1321 3435 parochi,
1333 3358 1368 3415 ct
1377 3356 1514 3434 accepta

348 3458 523 3524 voluntate
538 3460 780 3537 commissarii3
797 3478 878 3541 ergo
891 3461 993 3526 etiam
1003 3463 1178 3544 utriusque
1188 3461 1362 3526 voluntate
1376 3459 1513 3524 dissolvi

352 3567 471 3642 debet,
503 3565 628 3631 scilicet
654 3585 715 3650 per
744 3567 994 3634 intimationem
1019 3571 1061 3634 ab
1086 3569 1256 3635 ordinario
1282 3588 1340 3635 scu
1367 3566 1513 3652 parocho
1561 3661 1564 3666 Δ

332 3671 483 3740 'lacum
761 3674 766 3691 “

385 3857 444 3912 Nec
460 3853 561 3912 obstat
574 3853 685 3927 paritas
701 3855 877 3932 adalcgato,
893 3859 982 3933 cuius
994 3859 1174 3932 jurisdictio,
1193 3859 1363 3934 reintegra,
1383 3857 1513 3932 exspirat

351 3950 445 4003 morte
459 3943 641 4018 delegantis:
656 3960 682 4002 c.
694 3961 743 4016 rr,
761 3945 796 4005 de
812 3946 865 4020 Off.
880 3947 986 4023 detep.,·
1002 3943 1232 4024 quiadelegat'us
1242 3963 1302 4006 non
1317 3953 1413 4022 potest
1428 3963 1516 4024 egero

352 4037 382 4093 in
397 4035 507 4093 virtute
522 4035 698 4108 delegantis
715 4041 817 4108 utpote
835 4039 965 4108 mortui;
981 4044 1012 4096 at
1029 4039 1060 4095 iu
1076 4045 1180 4097 nostro
1196 4053 1269 4098 cusu
1291 4038 1516 4097 commissarius

352 4125 455 4184 tandiu
476 4131 617 4183 censetur
638 4139 726 4200 agere
745 4126 775 4182 iu
796 4127 904 4187 virtute
923 4128 1053 4200 parochi,
1069 4129 1163 4188 donec
1178 4130 1325 4188 revocatio
1341 4129 1472 4187 mandati
1490 4130 1516 4186 ei

352 4215 519 4285 intimatum
535 4214 615 4288 quod
632 4215 720 4274 etiam
735 4217 843 4277 accidit
856 4219 886 4276 in
901 4225 1092 4292 procuratore
1105 4223 1143 4290 (c.
1156 4237 1216 4286 rm,
1227 4220 1262 4280 dc
1273 4221 1417 4293 Procrin).

392 4410 490 4496 Resp.
508 4415 537 4478 l.
555 4417 587 4480 si
600 4418 717 4498 spousi
731 4422 808 4483 actu
823 4418 891 4482 sint
905 4418 1117 4508 diversarum
1134 4418 1380 4501 parochiarum,
1406 4417 1515 4484 valide

353 4525 480 4588 assistit
496 4527 662 4609 parochus
687 4529 759 4592 sive
784 4545 934 4610 sponsae,
959 4529 1030 4592 sive
1052 4527 1168 4609 sponsi
1186 4547 1193 4589 :
1213 4527 1260 4591 ita
1280 4528 1388 4591 fertur
1411 4526 1517 4592 decla·

354 4649 446 4698 rasse
460 4637 491 4697 S.
502 4631 635 4715 Congr.;
651 4654 731 4700 nam
745 4642 883 4718 propter
897 4636 1063 4701 unitatem
1076 4635 1179 4718 hujus
1191 4636 1402 4713 sacramenti,
1418 4655 1515 4719 paro·
