3418 5566
507 521 594 570 uren
614 518 742 577 curares
763 513 983 564 bernarium.
1277 495 1338 560 355

162 645 269 722 blica,
288 641 343 707 cui
366 639 465 708 aliter
487 640 611 706 melius
633 637 806 724 provideri
831 653 903 701 non
920 637 1043 718 potest,
1068 633 1138 735 nisi
1167 637 1207 698 ut
1229 632 1339 700 male-

163 753 310 819 factores
322 749 507 815 amissione
525 748 604 811 vitae
622 745 819 830 puniantur.
835 741 975 818 Deinde,
990 740 1069 806 data
1086 749 1167 807 eunt
1179 739 1340 824 potestati

165 875 333 943 supreme
348 855 540 940 reipublicae
555 857 635 937 Jura
649 871 725 937 quae
740 851 832 916 salus
847 849 1040 933 reipublice
1062 848 1223 933 exposcit.
1239 847 1341 932 Atqui

164 968 237 1034 haec
259 967 410 1050 exposcit
432 962 657 1029 animadverti
681 962 716 1025 in
737 960 948 1025 facinorosos
970 962 1005 1023 et
1026 957 1272 1034 malefactores,
1296 975 1341 1022 ne
1407 963 1410 970 '

165 1075 232 1153 isti,
250 1081 413 1160 tanquam
432 1072 569 1157 putrida
587 1076 622 1136 et
644 1070 748 1136 noxia
763 1069 938 1147 membra,
961 1066 1131 1150 reliquum
1151 1083 1275 1151 corpus
1291 1065 1342 1131 in-

167 1183 292 1250 liciant.
722 1171 734 1245 s

207 1287 525 1373 dfflllumjustum,
543 1284 615 1349 eive
631 1282 848 1349 defensivum
858 1281 930 1346 sive
941 1278 1159 1358 oliensivum,
1175 1282 1228 1344 est
1241 1297 1345 1346 causa

169 1397 342 1464 sufficiens
362 1415 423 1461 cur
440 1393 566 1459 milites
589 1395 806 1476 exponantur
819 1389 969 1475 periculo
981 1389 1101 1456 mortis
1115 1393 1150 1455 et
1165 1389 1283 1454 hostes
1294 1387 1344 1452 in·

166 1508 259 1590 juste
274 1509 438 1570 nocentes
459 1503 664 1569 occidantur.
684 1499 734 1565 lta
752 1497 967 1564 communior
982 1497 1097 1581 praxis
1113 1496 1149 1561 in
1165 1495 1344 1579 scripturis

169 1613 321 1680 fundata.
330 1613 428 1678 Ratio
442 1617 506 1689 est,
523 1610 603 1696 quia
616 1609 732 1674 omnia
742 1606 1112 1692 Jurapermittuntvim
1123 1605 1155 1670 vi
1166 1603 1343 1689 repellere,

170 1728 205 1788 et
217 1722 365 1806 injustos
373 1735 640 1802 aggressoresae
649 1717 903 1800 perturbatores
914 1713 1108 1799 reipublicae
1120 1713 1343 1798 supprimere.

169 1829 217 1895 De
235 1827 316 1894 belli
333 1827 459 1894 licitate
479 1831 514 1892 et
536 1823 788 1892 conditionibus
807 1821 953 1887 diximus
977 1840 1090 1906 supra,
1105 1823 1155 1886 tit.
1176 1841 1282 1900 xxxrv,
1303 1823 1345 1890 da

172 1939 304 2023 Treupa
317 1945 350 2002 et
362 1956 458 2023 pace,
473 1934 531 2000 lib.
549 1935 574 1999 Ι.
899 2021 900 2024 ¹

146 2119 149 2128 ,
211 2047 246 2130 d)
260 2045 461 2131 Respublica
475 2061 546 2110 non
560 2047 673 2128 potest
686 2061 748 2127 per
769 2061 806 2108 se
822 2041 974 2109 occidere
993 2041 1223 2121 innocentem,
1243 2042 1346 2111 etiam

172 2173 328 2222 excausa
342 2151 526 2219 liberandas
539 2151 657 2235 patriae
680 2171 688 2214 :
704 2150 752 2216 ita
765 2150 958 2215 communis
971 2152 1151 2242 sententia.
1168 2153 1265 2219 Ratio
1280 2157 1343 2230 est,

173 2266 253 2350 qrria
266 2261 455 2348 respublica
472 2261 508 2325 in
522 2266 657 2326 tantum
669 2260 772 2324 babet
789 2261 847 2343 jus
866 2259 1040 2325 occidendi
1053 2260 1175 2338 civem,
1190 2261 1226 2326 in
1241 2281 1348 2346 quan-

174 2378 247 2437 tum
261 2372 327 2438 iste
337 2388 399 2456 per
409 2389 444 2435 se
459 2374 493 2434 et
502 2369 634 2434 ratione
650 2367 703 2433 sui
718 2367 861 2434 nocivus
878 2374 931 2434 est
946 2371 1036 2436 bono
1049 2373 1240 2449 communi;
1253 2370 1349 2456 atqui

174 2482 340 2546 innocens
354 2499 424 2545 non
439 2483 491 2544 est
504 2478 552 2543 ita
561 2477 722 2554 nocivus;
736 2475 806 2543 imo
818 2479 889 2544 vita
900 2480 1074 2562 justorum
1089 2485 1141 2546 est
1153 2481 1348 2565 promotiva

175 2590 257 2656 boni
270 2589 474 2665 communis,
494 2593 534 2653 ut
548 2588 595 2652 ait
608 2586 646 2649 D.
662 2585 808 2651 Thomas
821 2588 866 2670 (2⁸
879 2589 932 2664 Ψ,
945 2606 977 2672 q.
990 2589 1040 2664 64,
1055 2607 1086 2654 a.
1102 2590 1143 2672 a).

215 2699 385 2783 Sequitur,
404 2697 495 2782 quod
508 2694 698 2780 respublica
711 2713 782 2760 non
796 2702 913 2780 posset
927 2697 1146 2764 innocentem
1169 2697 1347 2765 extradere

178 2811 322 2890 tyranno
333 2805 488 2890 poscenti
500 2803 598 2869 illum
611 2802 655 2868 ad
669 2808 798 2869 certem
809 2813 929 2870 necem
945 2825 953 2867 ε
969 2805 1017 2871 ita
1036 2807 1253 2872 communior
1271 2823 1349 2871 sen·

175 2915 282 2981 tentia
293 2919 412 2980 eontra
422 2911 559 2978 multos.
571 2911 668 2978 Ratio
685 2916 748 2989 est,
764 2913 843 2996 quia
855 2931 934 2978 cum
948 2913 1139 2998 respublica
1151 2933 1222 2980 non
1241 2914 1350 2998 possit

176 3022 329 3089 occidere
346 3023 565 3087 innocentem
583 3038 644 3103 pro
666 3018 866 3086 liberatione
883 3021 1010 3104 patrue,
1028 3040 1099 3088 non
1111 3027 1225 3105 potest
1245 3020 1350 3088 etiam

175 3129 272 3196 illum
282 3129 325 3197 ad
339 3133 468 3194 certam
481 3132 630 3192 mortem
645 3125 841 3192 extradere:
856 3145 937 3192 nam
949 3129 986 3192 in
1002 3128 1068 3193 hoc
1081 3146 1162 3220 casu
1175 3126 1351 3194 moraliter

177 3237 355 3304 occideret.
372 3235 469 3301 Ratio
483 3234 630 3300 alterius
640 3233 819 3300 sententiae
834 3240 897 3312 est,
914 3235 993 3320 quia
1011 3237 1094 3302 civis
1105 3239 1183 3319 jure
1201 3237 1349 3303 naturali

177 3350 212 3411 et
226 3345 409 3430 exjustitia
427 3343 530 3425 legali
546 3347 683 3408 tenetur
695 3342 739 3407 ad
752 3345 1049 3410 conservationem
1060 3345 1189 3428 patrie,
1201 3345 1304 3412 etiam
1315 3363 1352 3412 se

179 3454 344 3522 tradendo
360 3457 506 3536 tyranno
520 3450 618 3515 illum
632 3451 787 3534 poscenti
805 3451 848 3516 ad
862 3457 1025 3530 mortem;
1048 3453 1171 3520 exinde
1185 3454 1225 3519 tit
1249 3443 1298 3531 ut,
1325 3455 1355 3520 si

178 3567 352 3628 recusaret
375 3581 411 3627 se
440 3562 576 3638 offerre,
598 3563 672 3645 jam
697 3579 825 3627 nocens
853 3563 1056 3640 efficeretur,
1080 3567 1116 3627 et
1138 3567 1219 3630 tunc
1242 3567 1354 3629 morte
1403 3567 1405 3570 ’

179 3672 292 3755 puniri
306 3675 453 3756 possete
466 3668 650 3754 republica.

219 3785 248 3860 a)
263 3778 465 3863 Respublica
478 3797 549 3843 non
563 3781 677 3862 potest
686 3778 766 3843 dare
780 3783 987 3862 potestatem
1000 3783 1087 3866 patri
1100 3781 1155 3848 vel
1168 3781 1302 3858 marito,
1316 3784 1357 3846 ut

181 3885 291 3951 illium
301 3887 357 3950 vel
372 3904 517 3951 uxorem
531 3886 568 3949 in
580 3885 747 3951 adulterio
764 3865 1010 3970 deprehensam
1022 3887 1112 3954 licite
1133 3888 1357 3955 occideteum

182 3992 336 4058 adultero
349 4015 356 4056 :
367 3993 414 4057 ite
425 3995 641 4058 communior
653 3996 834 4074 sententia,
843 4015 886 4060 ex
896 3997 1007 4074 camd,
1021 3997 1113 4062 luter
1122 3997 1263 4077 baasa,
1279 4016 1311 4080 q.
1324 3995 1355 4072 2,

182 4100 477 4165 contracivilistas
493 4104 527 4164 et
541 4100 706 4184 quasdam
731 4101 826 4184 leges
848 4102 1055 4180 mundanas3
1082 4104 1152 4169 imo
1181 4108 1216 4168 et
1239 4107 1358 4169 contra

46 4201 48 4234 ²
181 4208 308 4274 multoe
332 4210 536 4286 canonistas,
574 4211 632 4294 qui
660 4212 866 4278 contrariam
895 4213 1102 4280 sententiam
1125 4216 1354 4297 propugnant.

181 4317 278 4384 Ratio
294 4323 356 4394 est,
373 4320 405 4383 1⁰
421 4315 589 4402 quietalis
604 4319 727 4386 occisio
742 4339 812 4386 non
827 4327 879 4386 est
892 4321 1137 4389 necessariaad
1152 4323 1282 4386 bonum
1295 4320 1359 4387 rei-

49 4431 52 4482 t
182 4425 335 4510 publicae,
359 4425 529 4512 siquidem
554 4425 698 4492 adulteri
723 4430 808 4513 capi,
832 4432 983 4497 accusari
1010 4436 1045 4496 et
1073 4449 1136 4514 per
1153 4428 1360 4496 sententiam

182 4535 405 4603 condemnari
419 4539 584 4619 possunt:
600 4534 670 4601 imo
685 4535 823 4601 daretur
836 4531 969 4604 occasio
981 4536 1079 4622 plura
1091 4537 1274 4605 homicidia
1285 4553 1360 4620 per·

184 4643 339 4727 patrandi
354 4663 397 4710 ex
412 4641 485 4710 sola
495 4641 687 4726 suspicione
701 4643 867 4723 adulterii,
886 4645 977 4732 quod
990 4651 1081 4712 esset
1092 4648 1212 4713 contra
1229 4643 1360 4714 bouum
