3418 5566
485 568 572 616 neca
589 569 720 645 'colurus
740 565 958 620 accamanus.
1000 587 1004 596 ·
1251 551 1310 618 383

141 687 196 754 nis
213 689 291 755 latae
306 689 494 767 sententiae,
512 691 647 774 quando
660 692 823 774 agebatur
842 692 885 756 de
896 690 1086 756 christianis
1098 689 1156 774 qui
1169 687 1312 754 infideli-

142 797 207 862 bus
223 797 442 864 deservirent.

185 905 251 971 Sed
261 905 378 971 titrdus
388 906 443 972 ille
456 906 558 974 hodie
572 926 642 974 non
656 912 709 973 est
719 909 897 991 practicus,
910 907 976 972 uisi
991 905 1133 991 quaestio
1143 905 1312 988 generalis

144 1018 325 1082 moveatur
339 1015 381 1080 de
396 1017 500 1081 armis
511 1017 687 1101 permissis
702 1002 737 1083 et
750 1017 849 1083 licitis
862 1017 898 1081 in
908 1017 1008 1083 bello.

577 1387 761 1466 TITULUS
791 1389 882 1464 XVI.

484 1574 522 1620 ne
545 1575 713 1623 aomrnnro
736 1577 775 1622 ur
804 1577 916 1624 srcrao
934 1571 975 1628 t).

186 1855 268 1922 Post
278 1856 509 1935 homicidium,
527 1876 594 1942 quo
608 1857 743 1923 laeditur
756 1859 827 1924 vita
838 1857 998 1934 hominis,
1009 1859 1242 1924 consideratur
1255 1859 1317 1924 cri-

146 1985 228 2032 men
239 1964 395 2043 luxuries,
411 1984 478 2050 qua
490 1966 651 2050 pudicitia
664 1969 811 2051 proximi
824 1967 981 2034 violatur.
1002 1969 1060 2033 Hic
1078 1969 1191 2050 agitur·
1202 1968 1243 2032 de
1255 1969 1318 2033 cri-

145 2074 296 2140 minibus
311 2095 386 2158 quea
401 2075 531 2142 actibus
551 2075 710 2159 perlectis
726 2079 893 2152 constant,
910 2095 980 2141 non
993 2080 1109 2141 autem
1127 2077 1169 2141 de
1188 2076 1318 2141 actibus

148 2181 355 2266 imperfectis
377 2183 521 2249 luxuriae
548 2185 692 2249 internis
716 2183 772 2248 vel
793 2184 952 2259 externis,
974 2183 1091 2267 quales
1116 2189 1196 2248 sunt
1213 2183 1319 2248 delec

151 2293 233 2357 tatio
254 2311 401 2371 morosa,
433 2294 650 2371 desiderium,
676 2294 851 2376 gandium,
876 2293 1000 2370 osculo,
1022 2291 1266 2376 turpiloquium
1285 2298 1320 2358 et

148 2405 271 2480 tactus,
309 2406 371 2467 etc.
400 2402 535 2486 Species
569 2401 659 2466 illius
694 2403 860 2479 criminis,
890 2403 1019 2466 actibus
1047 2399 1205 2486 perfectis
1241 2419 1321 2465 con·

148 2511 279 2587 stantis,
297 2515 377 2575 sunt
391 2511 579 2588 fornicatio,
596 2510 639 2576 ad
661 2529 764 2594 quam
777 2517 958 2576 revocatur
977 2511 1232 2586 concubinatus,
1253 2514 1321 2574 stu·

148 2635 260 2700 prum,
285 2618 501 2694 adulterium,
528 2619 690 2695 incestus,
713 2619 939 2700 sacrilegium,
968 2622 1095 2702 reptos,
1124 2622 1158 2682 et
1184 2622 1321 2700 peccata

147 2731 266 2802 contra
290 2733 458 2792 naturam.
479 2727 527 2790 De
548 2733 647 2810 raptu
667 2727 779 2808 agitur
798 2728 835 2790 in
853 2726 951 2790 titulo
972 2745 1062 2822 seq.;
1085 2725 1127 2791 de
1153 2725 1236 2790 aliis.
1249 2743 1326 2816 spe-¹

150 2835 266 2900 ciebus
290 2835 326 2898 in
349 2835 414 2900 hoc
444 2832 555 2911 titulo,
580 2837 616 2899 in
644 2855 711 2920 quo
733 2855 842 2917 genus
866 2836 1033 2901 indicatur
1055 2853 1117 2919 per·
1135 2833 1321 2918 praecipuas

150 2943 290 3025 species.
306 2943 498 3009 Notandum
514 2948 577 3020 est,
595 2943 686 3027 quod
699 2943 771 3006 istae
787 2943 916 3025 species
933 2947 1140 3008 enumeratae
1160 2962 1230 3008 non
1253 2960 1322 3007 rna·

149 3056 234 3118 nent
247 3069 366 3117 omnes
380 3053 470 3116 intra
483 3052 595 3116 solum
616 3069 727 3132 genus
746 3050 901 3127 luxuriae,
930 3050 1098 3134 siquidem
1119 3049 1322 3114 adulterium

76 3141 77 3144 ¹
150 3163 185 3224 et
199 3162 365 3243 stuprum,
377 3159 534 3243 justitiae3
549 3159 711 3234 incestus,
727 3158 855 3241 pietati,
871 3157 1139 3241 reverentiaeque
1154 3176 1235 3240 erga
1246 3175 1323 3222 san-

150 3267 253 3348 guine
266 3268 419 3350 junctos;
437 3265 662 3348 sacrilegium,
676 3257 843 3346 religioni,
861 3265 1053 3347 opponitur.

556 3499 572 3572 ξ
598 3500 620 3556 l.
648 3497 689 3557 De
712 3496 921 3575 [mactmus.

578 3667 598 3720 Ι.
608 3667 680 3730 Quid
691 3669 720 3721 et
729 3667 899 3733 quotuplex?

97 3857 98 3860 ,
193 3811 228 3892 a)
239 3802 427 3876 Fornicatio
443 3809 491 3874 sic
506 3805 594 3874 dicta
606 3813 659 3873 est
673 3805 901 3890 afcmt'cibus,
916 3807 979 3870 sub
994 3806 1115 3890 quibus
1129 3807 1324 3875 meretrices

153 3911 304 4003 habitare
319 3918 492 4003 quondam
506 3917 622 3983 Romae
635 3914 801 3982 solebant.

190 4025 229 4090 ln
250 4025 353 4091 sensu
371 4025 454 4091 reali
476 4026 645 4090 sumitur:
666 4026 698 4088 1ο
720 4025 799 4104 late,
820 4043 882 4108 pro
906 4043 1120 4110 quocumque
1144 4027 1324 4091 concubitu

151 4139 247 4201 extra
258 4135 530 4212 matrimoniumt
544 4135 705 4213 bstricte,
719 4152 781 4216 pro
797 4135 978 4198 concubitu
994 4133 1095 4199 soloti
1108 4152 1187 4198 cum
1198 4135 1323 4200 soluta:

152 4247 185 4308 et
197 4243 335 4310 nomine
351 4242 454 4308 soluti
466 4243 562 4308 venit
575 4261 646 4309 non
659 4239 770 4307 solum
784 4242 916 4307 solutus
925 4261 945 4307 a
955 4242 1090 4308 vinculo
1105 4242 1323 4320 matrimonii,

154 4350 213 4416 sed
239 4352 343 4417 etiam
362 4351 494 4418 solutus
519 4352 561 4416 ab
587 4350 681 4416 omni
699 4348 836 4416 vinculo
850 4349 1075 4431 cognationis,
1101 4351 1274 4415 affinitatis
1292 4355 1327 4416 et
1362 4413 1366 4423 ,

182 4561 216 4627 (l)
234 4561 327 4628 Agitur
350 4561 383 4614 de
404 4561 446 4613 his
471 4559 627 4614 criminibus
644 4561 673 4612 in
694 4559 828 4623 Pandeet„
849 4559 868 4610 l.
889 4553 994 4621 xtvnt,
1010 4563 1029 4610 t.
1050 4558 1091 4622 IV,
1109 4559 1138 4610 in
1157 4557 1326 4625 cod.,1.1x,

150 4643 170 4690 t.
190 4651 273 4705 rx·xr,
291 4652 361 4702 11113
381 4639 469 4704 quoad
487 4638 540 4703 jus.
556 4637 633 4696 Gall„
655 4638 682 4688 in
706 4637 770 4689 cod.
785 4637 845 4702 cia,
861 4641 910 4689 ort.
929 4637 984 4700 229,
1003 4638 1058 4699 230,
1073 4637 1128 4700 298,
1143 4638 1198 4700 2995
1216 4637 1243 4688 in
1262 4638 1325 4690 cod.

151 4731 234 4787 ptem,
249 4724 299 4772 art.
314 4723 359 4772 32¹2
374 4723 401 4772 et
413 4723 469 4772 tota
482 4723 546 4771 sect.
564 4721 587 4782 t,
598 4733 621 4771 e.
637 4721 660 4780 l,
672 4721 691 4768 t.
704 4729 736 4779 ιι,
752 4717 770 4769 l.
786 4717 828 4768 111.
