3418 5566
544 530 630 580 trena
651 532 777 588 colurus
796 529 1016 593 necnernutuu.
1309 513 1370 580 339

196 651 368 730 haeretico,
391 653 513 718 eodem
532 652 636 718 modo
651 653 850 737 applicanda
868 656 949 716 sunt
971 651 1014 716 ad
1035 655 1226 733 apostatam
1248 669 1269 717 a
1289 651 1368 730 flde,
1435 705 1438 714 .

197 762 278 847 quia
291 767 326 826 et
338 761 517 827 haereticus
533 765 594 837 est,
613 766 648 825 et
660 761 819 828 haeretico
836 760 993 826 deterior.

236 872 265 953 cl
287 869 413 952 Quibus
425 870 534 935 modis
551 872 586 935 rit
600 871 706 955 specie
724 871 799 954 quis
815 871 924 954 possit
943 887 1011 933 esse
1029 869 1214 954 apostata?
1229 869 1259 933 1⁰
1274 868 1372 954 Spec-

197 983 268 1044 tato
282 977 386 1044 modo
403 996 569 1055 recessus,
585 978 659 1042 haec
680 982 761 1042 sunt
776 976 937 1043 notanda.
955 977 1096 1054 Quando
1119 978 1205 1061 quis,
1224 976 1281 1042 vel
1300 978 1373 1044 sola

197 1091 312 1152 mente
332 1087 500 1152 recedita
520 1087 587 1152 fide
609 1086 789 1163 catholica,
813 1087 868 1152 vel
886 1086 1000 1151 verbis
1023 1091 1156 1150 tantum
1182 1092 1242 1152 aut
1261 1087 1371 1164 factis,
1427 1091 1429 1096 '

196 1201 403 1262 nontamen
422 1198 549 1274 animo,
573 1196 729 1262 discessit
748 1198 790 1261 ab
814 1196 934 1261 eadem
957 1195 1036 1272 tide,
1060 1193 1300 1260 assimilandus
1321 1199 1375 1259 est

196 1303 375 1382 haereticis,
393 1310 427 1370 et
446 1305 522 1373 ideo
541 1305 689 1370 redeunt
706 1306 862 1389 superius
881 1303 970 1369 dicta
989 1302 1031 1368 de
1049 1303 1228 1368 haereoois.
1248 1303 1373 1387 Siquis

198 1419 314 1478 mente
344 1414 446 1478 simul
474 1418 508 1478 et
534 1414 647 1479 verbis
675 1414 731 1480 vel
753 1413 851 1479 iactis
877 1412 981 1477 tidem
1007 1411 1208 1479 catholicam
1232 1412 1372 1490 deserit,

199 1521 332 1586 etiamsi
348 1522 477 1586 occulte
490 1521 555 1587 hoc
569 1523 639 1600 flat,
653 1521 701 1586 ita
715 1526 754 1585 ut
767 1538 870 1586 nemo
883 1519 1045 1586 delictum
1059 1519 1148 1584 illius
1163 1520 1309 1598 noverit,
1323 1524 1375 1584 est
1494 1567 1499 1577 .

198 1647 301 1693 verus
312 1634 467 1711 apostata
477 1631 645 1695 obnoxius
655 1631 766 1712 plenis
777 1628 1033 1695 ecclesiasticis:
1050 1627 1375 1712 applicenturetiam

200 1737 356 1820 superius
373 1737 709 1804 dictadehaereticis.
1370 1795 1371 1802 ,

238 1851 271 1913 2⁰
285 1849 441 1944 Spectato
459 1850 605 1916 termino
619 1869 787 1930 accessus,
805 1851 934 1918 malitia
946 1850 1125 1936 apostasiae
1140 1850 1296 1917 consistit
1308 1851 1374 1915 for-

199 1957 344 2034 maliter,
361 1963 399 2022 ut
414 1959 572 2037 diximus,
595 1959 632 2023 in
650 1977 788 2025 recessu
809 1978 830 2032 a
848 1960 926 2036 lide,
949 1979 1010 2024 seu
1029 1960 1230 2024 intermino
1251 1978 1273 2022 u
1292 1973 1376 2042 quo;

201 2069 318 2129 tamen
342 2063 434 2130 solus
460 2067 625 2130 terminus
644 2066 692 2132 ad
711 2086 811 2151 quem
834 2071 1042 2151 potestesse
1063 2068 1201 2149 signum
1221 2083 1376 2131 recessus

201 2173 321 2250 assde;
338 2192 441 2257 quare
456 2174 499 2239 ad
514 2175 720 2260 apostasiam
732 2176 858 2242 suflicit
872 2181 910 2240 ut
925 2177 1001 2260 quis
1017 2176 1167 2240 exterius
1177 2175 1378 2257 profiteatur

202 2279 350 2366 aliquam
375 2284 522 2367 speciem
548 2283 768 2363 infidelitatis,
791 2284 847 2350 vel
873 2285 1066 2350 absolutam
1091 2283 1376 2358 incredulitatem,

201 2389 280 2466 licet
291 2397 443 2476 apertam
452 2397 486 2458 et
496 2392 667 2478 publicam
678 2395 960 2478 apostasiamnon
970 2395 1073 2459 luerit
1085 2392 1375 2475 aliterproiessus.

203 2497 319 2583 ltaque
337 2501 493 2566 hodierni
516 2501 747 2580 rationalistae,
766 2504 986 2580 naturalistae,
1009 2503 1156 2587 sceptici,
1174 2501 1271 2566 liberi
1287 2500 1377 2582 cogi-

204 2612 340 2684 tatores‚
357 2608 547 2686 illuminati,
565 2615 642 2687 etc,
659 2615 740 2674 sunt
758 2611 830 2675 veri
850 2615 1030 2695 apostatae3
1048 2627 1130 2692 ergo
1146 2615 1185 2674 ut
1199 2608 1379 2693 subjician-
1461 2603 1464 2610 '

202 2719 258 2780 tur
272 2717 430 2780 omnibus
444 2717 555 2800 pinnis
570 2722 813 2800 apostatarum,
838 2719 962 2784 suflicit
983 2723 1022 2782 ut
1047 2723 1124 2783 actu
1152 2722 1293 2782 externo
1312 2714 1380 2780 cul-

205 2827 278 2888 tum
292 2823 495 2890 catholicum
509 2825 701 2908 repudient.

243 2933 275 2996 3ο
290 2933 446 3014 Spectato
459 2933 533 3017 ipso
548 2940 637 3012 actu,
654 2935 757 3001 etiam
771 2935 1000 3002 abstractione
1016 2939 1106 3001 iacta
1125 2935 1262 3000 termini
1277 2953 1299 2999 u
1315 2951 1381 3018 quo

203 3041 326 3108 velud
342 3059 454 3128 quem,
472 3044 663 3109 notandum
686 3050 738 3109 est
759 3033 936 3130 speciatim
950 3046 1042 3130 quod
1063 3045 1243 3110 tumulatio
1261 3043 1380 3118 civilis,

205 3155 243 3214 ut
257 3151 363 3230 aiunt,
381 3157 433 3216 est
447 3153 488 3216 de
505 3171 541 3217 sc
556 3157 651 3217 actus
667 3155 857 3238 apostasiae,
874 3171 954 3218 cum
961 3154 1022 3218 dat
1035 3154 1070 3217 in
1079 3152 1197 3218 odium
1206 3152 1381 3233 religionis

205 3259 378 3326 catholicae
399 3259 488 3324 etin
509 3258 647 3342 signum
665 3263 928 3356 protestativum
949 3261 1119 3327 discessus
1140 3259 1246 3326 elide
1268 3260 1383 3324 ortho-

208 3367 306 3434 doxa.
323 3367 404 3434 lude
422 3386 542 3434 omnes
560 3371 617 3453 qui
633 3370 780 3435 scienter
794 3369 968 3454 postulent
981 3388 1044 3456 pro
1064 3389 1100 3434 se
1118 3368 1174 3434 vel
1188 3369 1260 3433 suis
1279 3368 1384 3434 talem

159 3525 161 3532 ,
206 3476 349 3542 modum
369 3476 614 3554 tumulationis,
635 3483 859 3544 accensentur
877 3479 1052 3562 apostatis,
1076 3483 1110 3543 et
1130 3477 1252 3542 iisdem
1271 3478 1382 3561 poenis

208 3585 444 3670 subjiciuntur.

248 3695 311 3771 Qui
330 3693 428 3760 idolis
450 3692 656 3762 sacrificaret
676 3701 736 3760 eut
758 3697 1073 3776 circumcideretur,
1097 3697 1201 3763 etiam
1223 3715 1285 3781 pro
1303 3714 1384 3781 apo·

209 3809 296 3870 stata
309 3804 487 3870 habendus
512 3811 614 3884 essct,
641 3805 721 3889 quia
743 3806 817 3871 talis
842 3812 937 3871 actus
961 3806 1003 3871 de
1019 3824 1055 3870 se
1073 3811 1126 3871 est
1145 3807 1283 3888 signum
1304 3824 1385 3889 apo·

209 3913 332 3979 stasiae.

250 4021 316 4087 Sed
329 4020 409 4106 quid
423 4024 641 4089 sentiendum
659 4027 699 4090 de
714 4023 771 4091 illc
787 4023 844 4110 qui
856 4030 972 4091 coacte
987 4024 1088 4089 idolis
1103 4022 1313 4099 sacrificavit,
1330 4019 1387 4087 vel

207 4129 430 4215 judaismum,
462 4135 524 4196 etc.
556 4134 734 4217 amplexus
763 4139 829 4210 est,
854 4131 976 4198 saltem
1000 4130 1136 4218 quando
1160 4131 1289 4196 coactio
1316 4149 1386 4194 non

209 4240 274 4304 fuit
287 4237 454 4316 absoluta,
477 4239 538 4305 sed
554 4239 812 4306 conditionalis?
830 4241 921 4308 Licet
934 4243 969 4305 in
982 4243 1056 4307 loro
1072 4245 1214 4304 externo
1229 4257 1292 4323 pro
1306 4255 1387 4320 apo

212 4354 301 4416 stata
313 4349 490 4427 habeatur,
503 4353 618 4414 tamen
633 4349 787 4433 reipsaet
799 4350 834 4415 in
843 4352 918 4416 loro
929 4351 1064 4415 interno
1077 4366 1146 4414 non
1158 4351 1210 4412 est
1220 4351 1384 4432 apostata,

215 4459 371 4544 quamvis
399 4459 496 4541 gravi
523 4475 559 4523 se
583 4458 802 4523 obstrinxerit
831 4464 970 4544 peccato
993 4462 1112 4524 contra
1144 4455 1388 4538 obligationem

211 4568 393 4654 profitendi
415 4566 519 4633 iidem
545 4567 723 4634 exterius:
749 4569 845 4636 deest
865 4571 1012 4650 animus,
1029 4586 1091 4633 seu
1111 4573 1226 4634 mente
1246 4585 1316 4633 non
1335 4567 1389 4632 de·

213 4680 320 4744 seruit
333 4677 449 4744 fldem.
