3482 5560
345 477 411 543 tot·
803 493 854 542 rus
875 493 1055 540 osromouu.

345 620 481 684 interno
495 617 600 682 animi
620 617 794 700 proposito
809 619 1078 690 consummatur,
1101 617 1136 679 et
1152 621 1338 689 estunam,
1355 631 1430 697 quae
1443 631 1518 696 pro

346 725 472 810 rumpit
486 726 522 789 in
543 729 658 789 sctum
679 723 894 789 exteriorem.
916 723 1062 788 Externa
1079 723 1204 788 iterum
1217 721 1363 804 partitur
1376 721 1411 786 in
1424 741 1517 786 men-

348 835 465 913 talem,
482 833 769 897 conuentionolem
785 837 819 896 et
830 831 968 896 realem.

387 944 419 1006 l·
428 941 654 1006 Mentolisseu
663 939 937 1014 inchoateest,in
946 938 1517 1024 quedaturtemporalecumanimo

349 1050 519 1134 obligandi
542 1049 585 1116 ed
605 1050 818 1116 reddendum
839 1048 1012 1132 spirituale
1027 1053 1122 1114 aute
1142 1066 1321 1123 converso,
1347 1049 1408 1112 sed
1424 1045 1517 1113 nullo

347 1161 597 1226 interveniente
618 1165 717 1244 pacto
740 1177 901 1244 expresso
920 1158 976 1224 vel
995 1159 1114 1236 tecit03
1137 1164 1288 1223 attamen
1303 1158 1388 1223 dans
1402 1157 1516 1221 animo

348 1282 410 1334 suo
425 1269 570 1333 intendit
582 1267 728 1333 alterum
742 1265 903 1348 obligare.
915 1267 1043 1331 Dicitur
1056 1285 1138 1348 ergo
1151 1265 1320 1342 mentalis,
1332 1282 1402 1330 non
1417 1263 1514 1348 quasi

349 1382 464 1444 mente
477 1377 674 1452 retineatur,
692 1375 752 1440 sed
767 1375 858 1459 quod
872 1375 1058 1458 temporale
1069 1393 1110 1440 ee
1123 1379 1240 1440 mente
1254 1373 1363 1450 datur,
1381 1377 1420 1436 ut
1432 1372 1517 1439 alter

350 1485 519 1568 obligetur
533 1490 695 1569 tnnqrrem
710 1502 754 1548 ex
764 1483 896 1567 justitia
906 1484 986 1548 dare
997 1481 1180 1567 spirituale,
1191 1482 1248 1546 vel
1259 1485 1417 1548 econtra:
1433 1499 1465 1545 v.
1482 1499 1516 1563 g.

348 1594 554 1660 simoniacus
569 1591 727 1657 mentalis
742 1591 897 1670 efficitur,
917 1592 976 1676 qui
998 1592 1141 1656 inservit
1155 1591 1324 1675 episcopo,
1341 1589 1434 1654 nulla
1449 1589 1520 1672 qui-

346 1703 425 1767 dem
446 1700 674 1766 conventione
694 1700 794 1776 lacta,
811 1699 871 1763 sed
886 1717 927 1764 ee
948 1703 1062 1764 mente
1085 1703 1125 1762 ut
1138 1716 1199 1782 pro
1220 1696 1378 1764 mercede
1394 1698 1425 1762 ei
1440 1715 1520 1762 con-

346 1811 437 1876 terat
455 1807 671 1873 beneficium.

388 1919 422 1982 l·
436 1915 710 1982 conventionalia
721 1921 783 1991 est,
795 1917 830 1980 in
842 1935 909 2000 qua
917 1916 1102 1981 intervenit
1112 1920 1249 1998 pactum
1264 1933 1325 1979 seu
1341 1914 1521 1980 conventio

345 2043 509 2110 expressa
521 2030 581 2090 aut
595 2025 695 2090 tacita
709 2024 751 2089 de
765 2025 876 2091 dando
891 2022 1056 2108 spirituali
1076 2043 1137 2108 pro
1153 2024 1350 2108 temporali,
1368 2042 1438 2090 non
1458 2023 1524 2088 sut·

347 2137 420 2201 licit
434 2152 517 2217 ergo
532 2132 605 2199 sola
616 2133 797 2217 promissio
811 2134 861 2198 rei
881 2133 1064 2216 spiritualis
1075 2151 1136 2217 pro
1150 2133 1339 2218 temporali,
1355 2138 1415 2199 aut
1427 2132 1523 2196 vicis-

349 2246 425 2322 sim,
440 2244 500 2310 sed
513 2262 554 2308 ea
566 2243 745 2327 promissio
760 2243 862 2308 debet
871 2261 946 2308 esse
960 2261 980 2308 a
993 2243 1212 2326 promissorio
1223 2247 1406 2327 acceptato,
1425 2258 1523 2307 secus

350 2351 498 2416 simonia
511 2356 602 2415 esset
624 2350 781 2416 mentalis
797 2355 940 2415 lantum.
957 2350 1014 2414 Est
1027 2349 1310 2426 conventionalis,
1325 2351 1406 2434 quia
1426 2349 1523 2415 adest

349 2478 433 2526 vera
446 2459 628 2523 conventio
642 2463 676 2522 et
696 2462 844 2541 pactum.

391 2566 667 2633 Contentionalis
693 2566 818 2650 duplex
845 2574 898 2631 est
923 2587 930 2630 :
952 2585 1057 2652 puro,
1082 2585 1161 2645 oum
1180 2567 1316 2632 traditio
1337 2586 1380 2632 ex
1403 2570 1524 2632 neutra

350 2681 446 2761 perte
471 2677 587 2738 secute
609 2679 683 2751 est;
713 2676 834 2754 msera,
857 2693 936 2739 cum
959 2675 1048 2739 lacte
1068 2679 1121 2739 est
1144 2675 1278 2739 traditio
1302 2693 1345 2738 ex
1363 2673 1524 2739 alterutra

352 2789 465 2868 perte:
482 2782 609 2867 aliquid
624 2783 656 2846 ei
673 2783 880 2848 admiscetur
893 2801 935 2848 ex
950 2782 1043 2847 reali.

390 2891 422 2954 3⁶
434 2891 547 2956 Boulis
563 2896 624 2968 est,
648 2891 682 2954 in
704 2909 771 2974 qua
790 2894 928 2974 pactum
941 2889 1132 2973 completur
1145 2896 1265 2955 mutua
1279 2890 1459 2956 traditione
1474 2892 1523 2956 rei

351 2997 534 3082 spiritualis
557 3003 592 3062 et
613 2997 820 3081 temporalis,
843 2997 915 3062 sive
933 3002 1043 3063 totum
1062 2997 1209 3080 pretium
1228 2998 1335 3063 semel
1358 2998 1521 3074 tradetur,

351 3105 423 3170 sive
445 3123 524 3189 pers
545 3104 654 3181 illius3
679 3109 724 3181 et,
751 3107 850 3186 juxte
876 3105 1147 3170 communiorem
1176 3105 1392 3192 sententiam,
1419 3123 1522 3189 poena

349 3211 439 3276 illius
461 3212 615 3278 simoniae
633 3229 704 3276 non
727 3212 919 3289 incurritur,
945 3213 1011 3276 nisi
1031 3214 1120 3278 tacta
1144 3213 1188 3278 sit
1203 3212 1337 3278 traditio
1352 3212 1465 3297 aliqua
1479 3231 1522 3277 ex

352 3324 495 3402 utraque
510 3324 618 3403 parte,
643 3337 682 3384 ec
701 3319 844 3402 proinde
858 3324 1016 3384 remanet
1037 3319 1207 3385 distinctio
1229 3321 1319 3385 inter
1341 3321 1522 3386 simonium

349 3427 478 3495 realem
493 3433 528 3492 et
539 3412 837 3493 conventionalom
851 3428 1005 3494 mixtam.

390 3537 417 3619 ct
433 3533 749 3610 Circabencticium,
760 3537 925 3600 committi
938 3540 1052 3619 potest
1063 3537 1302 3620 simoniajuris
1316 3540 1519 3616 communis,
1626 3623 1632 3632 ι
1721 3573 1722 3630 ;

353 3663 414 3710 seu
427 3643 580 3728 simplex,
598 3647 633 3706 et
653 3645 767 3724 potest
786 3643 952 3706 committi
967 3644 1112 3711 simonia
1134 3645 1343 3728 qualificcta,
1356 3649 1434 3729 jure
1447 3665 1522 3730 spe·

351 3751 427 3817 ciali
441 3749 667 3816 ecclesiastico
680 3749 882 3826 introducta,
899 3769 976 3834 quae
991 3751 1237 3818 conlidentielis
1252 3751 1383 3819 dicitur.

392 3857 543 3923 Simonis
559 3857 805 3940 confideutlolir
826 3875 867 3922 ee
883 3862 935 3923 cst
946 3877 1014 3942 qna
1035 3859 1110 3942 quis
1130 3861 1334 3928 beneficium
1350 3861 1522 3929 ecclesias·

350 3967 455 4032 ticum
477 3965 576 4031 elicui
599 3983 813 4049 quocumque
836 3966 951 4042 modo,
966 3985 1000 4030 v.
1023 3984 1056 4047 g.
1082 3967 1251 4048 eligendo,
1265 3971 1517 4051 presentando,

350 4075 567 4151 conterendo,
594 4074 649 4140 vel
668 4075 704 4138 in
726 4078 801 4158 ejus
830 4076 983 4140 favorem
1004 4077 1221 4158 resignando,
1249 4085 1418 4162 procurat,
1444 4099 1522 4145 cum

351 4201 513 4269 expresso
530 4184 586 4248 vel
603 4185 704 4250 tacito
719 4189 828 4268 pacto,
849 4190 887 4249 ut
901 4186 931 4250 is
947 4187 1002 4250 oui
1016 4186 1050 4249 id
1066 4192 1235 4269 procurat,
1253 4189 1426 4273 quidpiam
1434 4191 1523 4255 circa

351 4292 506 4357 beneficii
520 4293 648 4356 fructus
663 4291 718 4356 uel
732 4293 819 4358 circa
833 4293 946 4376 ipsum
960 4294 1164 4360 heneficium
1178 4295 1236 4359 det
1252 4315 1259 4360 :
1276 4302 1323 4374 ut,
1340 4315 1372 4361 v.
1394 4315 1427 4379 g.
1444 4301 1522 4380 post

352 4400 488 4484 aliquod
514 4405 665 4484 tempus,
689 4401 781 4467 idem
808 4402 1013 4468 heneficium
1041 4404 1105 4488 ipsi
1129 4405 1325 4488 procuranti
1346 4405 1403 4470 vel
1425 4407 1521 4472 alteri

353 4508 513 4589 resignet,
528 4514 588 4575 aut
600 4509 802 4592 pensionem
821 4510 879 4575 vel
895 4512 1025 4575 fructus
1047 4531 1090 4576 ex
1108 4530 1148 4577 eo
1162 4517 1310 4595 praestet.
1328 4513 1523 4597 Requiritur

348 4621 501 4698 pactum,
528 4633 625 4684 secus
651 4621 742 4684 esset
762 4618 906 4686 simonie
929 4617 1103 4698 mentalis,
1126 4638 1197 4687 non
1215 4625 1331 4688 autern
1351 4619 1522 4688 conssden·
