3514 5564
376 633 434 699 138
607 699 613 712 ,
833 649 884 696 rus
906 648 1087 696 cnuourcuu.

375 768 518 832 steriles.
540 767 573 830 2⁰
592 765 687 830 Valet
704 765 961 831 matrimonium
977 767 1137 851 spadonis
1157 784 1226 830 unc
1243 768 1377 831 tautum
1392 759 1547 829 testiculo

374 876 531 951 carentis,
548 873 755 958 caeteroquin
766 874 834 958 apti
847 875 1072 958 adcopulam;
1090 875 1170 959 quia
1181 892 1314 948 varum,
1326 872 1396 938 imo
1408 871 1548 954 etproii-

373 987 476 1052 licum
492 983 773 1048 semenemittere
787 988 911 1067 potest.
923 983 1017 1049 Idem
1034 985 1087 1049 dio
1102 984 1143 1050 de
1158 985 1343 1050 constituto
1356 981 1392 1047 in
1406 980 1547 1046 articulo

373 1093 504 1169 mortis,
522 1091 601 1176 quia
614 1109 675 1175 per
690 1109 726 1156 se
740 1091 861 1156 babilis
883 1097 936 1156 est
958 1091 1000 1157 ad
1022 1091 1190 1176 copulam,
1212 1090 1292 1156 licet
1311 1109 1373 1175 per
1392 1087 1548 1155 accidens

373 1200 502 1266 obvim
515 1200 626 1264 morbi
641 1199 855 1283 impediatur.
872 1200 905 1263 3ο
916 1199 1012 1265 Valet
1025 1200 1284 1265 matrimonium
1302 1199 1439 1264 seminas
1460 1201 1547 1279 apte

373 1309 416 1375 ad
435 1309 604 1392 copulam,
629 1309 692 1374 etsi
714 1309 786 1374 sine
809 1309 960 1394 periculo
985 1311 1105 1376 mortis
1129 1326 1306 1393 nunquam
1326 1307 1444 1390 pariat,
1468 1305 1547 1389 quia

372 1417 437 1482 hoc
451 1416 640 1501 periculum
656 1435 727 1483 non
747 1423 865 1484 causat
881 1419 1128 1502 impotentiam.
1146 1417 1179 1482 Si
1196 1421 1311 1482 tamen
1324 1417 1407 1480 citra
1419 1413 1546 1512 pericu-

372 1524 444 1588 lum
463 1525 718 1590 incontinsntiae
740 1525 856 1590 vivere
879 1527 998 1610 possit,
1022 1530 1159 1590 tenetur
1182 1525 1388 1590 abstineres
1405 1521 1545 1604 nuptiis,

372 1651 415 1696 ne
437 1632 541 1696 vitam
557 1636 704 1696 suamet
727 1631 871 1697 salutem
887 1634 991 1717 prolis
1014 1633 1163 1718 periculo
1180 1635 1338 1715 exponat.
1357 1630 1460 1694 Secus
1475 1627 1543 1705 tali,
1603 1655 1605 1661 ⁸

373 1739 464 1822 quali
478 1739 638 1822 periculo,
656 1740 747 1823 quod
765 1740 934 1805 incertum
952 1745 986 1806 et
1002 1745 1127 1825 praeter
1143 1740 1369 1805 intentionem
1383 1741 1445 1812 est,
1462 1753 1546 1821 prae·

372 1847 531 1929 ponenda
546 1839 598 1912 est
611 1849 747 1914 lemiuae
769 1850 839 1914 vita
860 1849 1054 1935 spiritualis,
1078 1869 1122 1914 ne
1144 1849 1217 1913 sine
1239 1847 1366 1932 nuptiis
1387 1845 1544 1910 tentatio-

373 1953 472 2018 nibus
488 1973 524 2018 se
540 1960 699 2038 exponat.
711 1957 744 2020 4⁰
758 1957 901 2022 Eccntra
911 1958 940 2020 si
953 1957 1082 2023 femina
1097 1961 1149 2022 est
1163 1956 1265 2020 nimis
1277 1959 1370 2020 arcta
1381 1950 1543 2026 absolute,

371 2061 428 2128 vel
438 2061 636 2146 respective,
651 2081 722 2129 non
735 2062 827 2128 valet
841 2067 915 2148 ejus
928 2065 1196 2140 matrimonium,
1210 2063 1274 2128 etsi
1286 2067 1404 2146 parata
1413 2061 1456 2126 sit
1467 2080 1545 2127 cum

371 2169 521 2252 periculo
545 2170 624 2234 vitre
643 2171 822 2236 admittere
843 2173 1056 2249 incisionem,
1075 2172 1154 2255 quia
1166 2171 1221 2236 hic
1235 2171 1333 2235 adest
1346 2169 1546 2252 impotentia

370 2281 588 2360 perpetuast
607 2284 857 2362 consequenter
876 2280 929 2344 vir
948 2280 1098 2363 permitti
1112 2283 1227 2363 potest
1247 2279 1390 2342 transire
1405 2277 1447 2342 ad
1463 2275 1544 2342 alias

370 2383 516 2466 nuptias.
533 2384 566 2449 Si
580 2404 663 2452 vero
678 2387 845 2452 arctitudc
858 2405 920 2471 per
934 2405 1020 2471 epus
1034 2386 1363 2451 humanumlicitum
1378 2385 1451 2450 sine
1466 2385 1542 2450 vitae

369 2490 519 2574 pericula
535 2492 606 2557 tolli
620 2497 744 2577 potest,
761 2495 915 2558 subsistit
928 2495 1197 2570 matrimonium,
1214 2493 1286 2558 sive
1307 2493 1435 2558 femina
1447 2492 1540 2567 velit,

371 2597 443 2662 sive
455 2597 541 2664 nolit
550 2600 728 2666 admittere
738 2601 955 2680 incisionem3
969 2601 1124 2687 quiahoc
1136 2619 1217 2666 casu
1232 2601 1329 2666 adest
1342 2600 1544 2684 impotentia

371 2707 577 2789 temporalis.

410 2816 507 2898 Resp.
524 2816 554 2880 3.
576 2815 614 2880 ln
627 2818 729 2882 dubio
744 2837 788 2883 an
806 2817 1008 2902 impotentia
1026 2819 1069 2882 sit
1089 2821 1264 2902 perpetua,
1285 2816 1341 2883 vel
1358 2835 1419 2901 per
1436 2816 1544 2881 medi-

369 2929 525 2988 camenta
543 2924 614 2990 tolli
632 2926 750 3009 possit,
777 2927 936 2991 standum
960 2931 1013 2991 est
1033 2945 1096 3010 pro
1115 2930 1281 3010 perpetua
1300 2931 1336 2990 et
1353 2925 1540 3001 incurabili,

367 3032 557 3114 prasertim
577 3033 605 3096 si
627 3033 773 3099 triennio
801 3035 943 3118 probata
966 3035 1009 3098 sit
1033 3036 1114 3117 (cap.
1143 3033 1202 3097 tin.
1240 3034 1273 3096 b.
1302 3034 1351 3116 t).
1377 3032 1415 3096 Iu
1441 3032 1542 3098 dubio

369 3157 412 3202 an
419 3139 621 3223 impotentia
629 3142 673 3206 sit
686 3144 891 3208 antecedens
906 3163 950 3208 an
965 3143 1222 3228 superveniens,
1238 3141 1372 3206 videtur
1382 3142 1543 3207 standum

368 3247 537 3312 sententia
546 3248 669 3327 media,
683 3250 867 3334 etquidem
880 3252 908 3315 si
925 3252 1040 3316 statim
1052 3255 1130 3335 post
1144 3255 1357 3316 contractum
1370 3251 1543 3314 matrimc·
1586 3323 1589 3332 ¹

367 3354 463 3418 nium
476 3355 615 3421 inventa
629 3357 673 3421 sit
683 3357 894 3441 impotentia,
909 3359 1127 3442 praesumitur
1139 3376 1213 3424 esse
1226 3357 1443 3433 antecedens,
1463 3357 1542 3441 quia

367 3479 438 3526 non
456 3467 508 3526 est
525 3464 684 3530 credibile
705 3467 797 3550 quod
817 3469 969 3550 potentia
989 3466 1153 3532 naturalis
1170 3470 1240 3531 tam
1267 3467 1335 3531 cito
1357 3465 1542 3547 degenera-

366 3571 456 3634 verit
477 3571 513 3635 in
536 3572 785 3657 impotentiam.
811 3576 851 3639 Et
871 3576 945 3642 baec
967 3577 1187 3660 praesumptic
1217 3574 1311 3639 elidit
1335 3574 1539 3639 contrariam

366 3679 679 3762 praesumptionem,
695 3684 787 3766 quod
801 3683 944 3767 qualitas
960 3683 1124 3748 naturalis
1137 3683 1229 3758 insit,
1248 3683 1357 3747 donec
1377 3682 1540 3766 probetur

367 3785 497 3850 abesse.
516 3788 560 3850 At
579 3789 608 3852 si
626 3807 670 3853 ex
688 3790 878 3868 intervallo,
898 3793 1088 3877 prasertim
1107 3791 1272 3873 longioris
1289 3790 1463 3874 temporis,
1483 3790 1541 3854 de·

367 3894 599 3974 prehendatur
616 3897 826 3983 impotentia,
852 3903 1071 3984 praesumitur
1093 3917 1168 3964 esse
1187 3899 1443 3982 superveniens,
1461 3899 1540 3982 quia

367 4007 520 4084 tempore
547 4006 756 4071 matrimonii
784 4009 1001 4090 presumitur
1034 4007 1154 4073 adesse
1183 4005 1327 4091 qualitas
1361 4006 1536 4083 naturalis,

367 4109 475 4175 donec
489 4114 697 4180 contrarium
722 4117 896 4200 probatur.
918 4119 950 4181 2⁰
971 4118 1135 4181 Dubitans
1151 4135 1194 4181 an
1214 4121 1336 4199 potens
1356 4114 1413 4179 vel
1434 4115 1541 4199 impo-

367 4221 442 4280 tens
466 4219 519 4295 sit,
540 4219 629 4286 licite
647 4226 758 4288 stante
770 4225 836 4288 hcc
851 4224 952 4289 dubio
968 4243 1038 4289 nou
1050 4224 1230 4299 contrahit,
1248 4224 1327 4307 quia
1340 4223 1480 4306 exponit
1501 4240 1537 4287 se

365 4320 515 4401 periculo
530 4325 689 4405 peccandi
713 4332 746 4390 et
759 4326 966 4391 invalidandi
985 4326 1253 4391 matrimonium.
1271 4327 1305 4391 Si
1329 4331 1445 4392 tamen
1459 4345 1539 4390 con-

367 4427 478 4504 traxit,
505 4435 635 4496 tentane
649 4438 763 4516 potest
784 4433 952 4518 copulam,
977 4453 1055 4498 cum
1079 4433 1176 4500 aliter
1199 4434 1376 4519 explorare
1391 4439 1539 4522 nequeat

368 4533 409 4598 de
425 4552 488 4598 sua
498 4537 709 4622 impotentia.
