3418 5566
362 589 422 653 {tit
685 639 686 642 ,
771 677 774 682 Ι
818 605 871 653 sus
891 603 1070 652 canonicus.

288 782 291 790 .
362 723 540 806 subjacent
553 723 706 788 censuris
720 728 755 788 et
767 724 877 807 poenis
898 723 972 790 aliis
986 721 1026 788 in'
1044 721 1221 788 haereticos
1240 719 1327 798 latis,
1352 719 1428 814 ideo
1454 719 1533 804 quia

361 829 460 914 culpa
480 835 603 896 vacant
625 829 680 897 vel
705 830 825 897 saltem
849 849 969 898 eornm
990 829 1089 912 culpa
1108 847 1179 896 nou
1193 834 1245 894 est
1258 832 1440 912 conjuncta
1454 847 1532 893 cum

361 938 600 1023 pertinacia-
612 939 827 1021 etsormules.
840 939 968 1006 Deinde
979 957 1064 1023 opus
1080 943 1132 1004 est
1145 937 1533 1019 etiamutdietinguatur

361 1047 486 1112 iterum
496 1048 639 1114 haeresis
657 1066 745 1134 pure
763 1048 922 1113 mentalis
937 1049 979 1114 ab
993 1047 1115 1112 haeresi
1129 1046 1243 1112 verbis
1256 1045 1311 1111 vel
1330 1045 1403 1111 aliis
1425 1046 1531 1128 signis

361 1157 511 1222 externis
536 1157 765 1242 manifestata,
784 1157 861 1224 llaec
882 1156 1031 1224 secunda
1053 1157 1126 1224 sola
1147 1156 1286 1241 punitur
1307 1155 1349 1220 ab
1369 1153 1529 1230 Ecclesia3

360 1264 421 1330 sed
434 1264 478 1330 ad
490 1265 555 1331 hoc
570 1265 694 1332 sufficit
715 1271 753 1331 ut
773 1266 886 1352 aliquo
906 1266 1009 1333 modo
1030 1271 1172 1332 externo
1196 1265 1404 1331 sufficienter
1426 1264 1532 1328 maui-

359 1375 520 1451 festetur;
536 1393 599 1442 uec
610 1374 794 1460 requiritur
806 1377 984 1442 utiactum
997 1375 1171 1458 injudicio
1184 1373 1318 1459 probari
1330 1373 1449 1458 possit,
1470 1372 1532 1438 sal·

360 1481 431 1543 tem
457 1477 592 1562 quando
617 1478 729 1560 agitur
751 1478 793 1544 de
814 1479 924 1563 poenis
943 1479 1021 1544 latae
1040 1478 1228 1544 sententies.
1244 1477 1372 1542 Tamen
1390 1494 1530 1542 necesse

236 1583 239 1587 ’
361 1589 461 1650 estut
473 1586 539 1652 ista
553 1585 650 1664 actio,
671 1605 733 1670 per
754 1605 857 1672 quem
871 1587 1012 1654 haeresis
1032 1587 1167 1684 interna
1184 1586 1348 1671 proditur,
1372 1585 1416 1651 sit
1434 1604 1477 1650 ex
1493 1603 1531 1650 se

359 1694 548 1761 mortaliter
577 1696 823 1778 peccaminosa,
854 1701 888 1762 et
914 1715 984 1762 non
1012 1700 1146 1762 tantum
1172 1700 1275 1778 prout
1298 1695 1416 1760 subest
1442 1676 1532 1759 actui

359 1804 505 1878 interno,
524 1807 559 1868 et
581 1807 620 1866 ut
639 1802 697 1868 illa
718 1806 804 1871 actio
830 1809 971 1871 externa
988 1810 1136 1889 ponatur
1149 1809 1209 1870 aut
1227 1804 1404 1870 omittatur
1417 1804 1530 1868 animo

358 1907 517 1976 haeresim
531 1910 772 1979 manifestandi
789 1934 796 1978 :
811 1915 877 1980 hoc
889 1913 1047 1978 ultimum
1060 1911 1243 2000 requiritur
1253 1917 1291 1976 ut
1301 1912 1344 1977 sit
1354 1915 1531 1996 peccatum

358 2017 510 2086 haeresis.

398 2128 431 2192 3⁰
455 2129 536 2207 Quae
560 2132 683 2198 sintin
706 2132 817 2216 specie
841 2131 1011 2216 ejusmodi
1036 2131 1186 2198 actiones
1210 2135 1359 2197 externee
1381 2131 1531 2214 graviter

356 2239 617 2322 peccaminosae‚
650 2258 725 2325 quae
749 2240 792 2305 ad
816 2239 974 2305 haeresim
1000 2245 1177 2305 externam
1204 2239 1384 2324 spectent?
1414 2235 1529 2303 Varios

357 2363 456 2414 casus
478 2355 657 2417 enumerat
680 2349 833 2416 Gireldus
847 2349 975 2432 (annot.
992 2350 1035 2415 ad
1048 2367 1102 2415 c.1
1121 2369 1155 2433 p.
1171 2346 1199 2412 Il
1214 2348 1397 2430 Thesauro).
1415 2346 1479 2412 Sed
1493 2345 1529 2410 in

356 2457 454 2540 praxi
468 2459 593 2524 sufficit
605 2465 644 2525 ut
659 2460 884 2525 determinata
896 2460 940 2524 sit
952 2459 1096 2545 qualitas
1108 2457 1251 2524 actionis
1266 2462 1431 2535 externam
1449 2472 1529 2520 uam
1622 2520 1626 2526 .

354 2563 462 2647 judex
488 2571 522 2632 et
545 2567 773 2633 confessarius
797 2567 925 2632 habent
952 2568 1115 2652 requisita
1142 2566 1185 2634 ad
1209 2569 1340 2632 rectum
1363 2563 1529 2649 Judicium

355 2673 537 2741 ferendum
552 2675 593 2741 de
607 2676 695 2742 fecto
704 2676 889 2760 proposito.

394 2783 428 2848 4⁰
456 2784 615 2869 Sequitur
641 2784 732 2869 quod
763 2785 943 2852 haereticus
979 2785 1152 2863 mentalis,
1186 2781 1320 2852 etiamsi
1352 2787 1528 2868 peccatum

355 2887 494 2958 heresis
509 2899 785 2960 consummatum
801 2895 845 2959 sit
857 2899 984 2973 mente,
1000 2895 1156 2979 aquovis
1174 2889 1381 2961 confessario
1400 2891 1529 2958 absolvi

356 3005 478 3086 potest.
503 3002 542 3068 ln
565 3005 640 3070 foro
661 3004 795 3072 interno
822 3005 1009 3089 applicatur
1038 3006 1210 3072 effatum:
1241 3001 1428 3070 «Ecclesia
1458 3016 1528 3066 nun

353 3111 484 3198 judicat
507 3112 548 3178 de
564 3112 718 3179 internis.
745 3137 761 3173 »

503 3309 536 3364 11.
552 3309 644 3364 Poene
656 3305 817 3374 spirituales
830 3307 895 3364 iate
907 3310 1006 3364 contra
1017 3307 1079 3362 tllcs
1089 3305 1235 3364 hereticos
1248 3309 1379 3365 formans

623 3389 789 3444 stertentes
804 3401 886 3443 suam
901 3389 1033 3447 heresim
1046 3389 1271 3448 manifestantes.

396 3545 430 3630 u)
443 3544 520 3613 lstae
533 3565 644 3636 poenae
659 3551 740 3612 sunt
751 3553 953 3640 sequentes:

390 3657 427 3720 ‚1⁰
446 3655 558 3722 Prima
574 3661 608 3722 et
621 3656 790 3742 praecipua
803 3660 855 3722 est
867 3656 1172 3724 excommunicatio
1190 3659 1302 3740 major
1321 3659 1353 3722 S.
1374 3655 1527 3720 Pontifici

356 3763 492 3848 speciali
512 3764 616 3830 modo
639 3769 836 3832 reservata:
857 3759 991 3831 constat
1011 3783 1055 3831 ex
1071 3765 1175 3830 variis
1189 3765 1335 3848 juribus,
1352 3764 1527 3848 speciatim

356 3891 399 3938 ex
409 3877 517 3938 const.
530 3871 648 3958 Apost.
660 3873 770 3951 Sede,
785 3878 847 3940 art.
863 3875 899 3938 f:
909 3873 1071 3940 Eamdem
1081 3891 1219 3958 paenam
1231 3873 1409 3939 incurrunt
1424 3873 1527 3938 etiam

353 3979 521 4047 haereticis
536 4006 552 4040 «ι
567 3982 756 4062 credentes,
771 4001 959 4066 eorumque
974 3987 1178 4066 receptores,
1194 3983 1345 4048 fautores
1366 4000 1405 4048 ac
1425 3999 1527 4064 gene-

353 4088 470 4156 raliter
484 4088 625 4174 quilibet
636 4089 773 4156 illorum
787 4091 983 4157 defensores
997 4115 1025 4152 e.

396 4197 574 4264 Credentes
600 4199 801 4283 (haereticis)
824 4204 904 4264 sunt
924 4218 932 4262 :
956 4201 988 4264 1⁰
1014 4195 1063 4262 illi
1087 4200 1144 4283 qui
1167 4200 1228 4264 uni
1251 4197 1391 4266 alterive
1419 4195 1527 4264 errori

353 4299 601 4385 hereticorum,
618 4308 691 4374 sive
706 4325 866 4392 expresse
875 4307 947 4373 sive
957 4308 1109 4386 confuse,
1120 4309 1363 4384 assentiuntur,
1382 4312 1416 4372 et
1427 4306 1527 4390 signo

354 4421 496 4482 externo
518 4415 611 4482 hunc
632 4432 812 4482 assensum
834 4415 1069 4494 manifestant,
1093 4415 1173 4481 licet
1193 4416 1236 4482 ad
1262 4421 1372 4481 sectas
1395 4413 1527 4480 hereti·

352 4542 472 4592 corum
484 4525 672 4593 formaliter
686 4545 757 4594 non
770 4528 978 4612 pertineant3
995 4531 1141 4612 possunt
1155 4541 1237 4610 ergo
1254 4523 1528 4592 esseiormaliter

353 4629 502 4701 heretici
516 4635 572 4701 vel
592 4652 673 4714 non,
694 4641 796 4719 prout
818 4635 994 4702 adhaerent
1011 4636 1076 4720 ipsi
1095 4631 1227 4713 heresi,
1247 4639 1286 4700 ut
1299 4636 1358 4713 sic,
1378 4635 1435 4701 vel
1451 4634 1527 4701 doc

353 4742 450 4810 trine
481 4761 584 4831 quam
613 4748 732 4812 tenent
755 4743 839 4812 tales
868 4743 1034 4822 haeretici,
1061 4743 1183 4828 quibus
1209 4739 1332 4812 volunt
1356 4742 1528 4814 assentiri.
