3508 5568
591 543 678 587 crasa
700 541 836 596 ausurus
857 539 1076 586 nsenrrasruu.
1386 525 1425 588 υ29

242 701 245 714 ·
288 661 321 724 2⁰
334 660 468 724 Bonum
483 659 562 724 ddei
582 658 785 742 conjugalis,
807 678 869 724 seu
891 661 948 743 jus
971 659 1136 735 maritale,
1153 665 1212 724 aut
1235 665 1354 724 mutua
1367 676 1425 744 po-

248 771 353 831 testas
369 767 403 830 in
418 767 622 851 corporari
646 769 745 850 cujus
768 770 934 850 conjuges
953 766 1148 848 obligantur
1164 770 1321 830 mutuam
1342 769 1424 830 ami-

248 875 361 938 citiam
376 881 410 939 et
425 891 579 940 amorem
601 875 664 938 sibi
679 875 851 951 exhibere,
876 876 1103 940 communiter
1118 875 1153 938 in
1178 875 1298 939 eadem
1322 875 1423 940 domo

247 983 410 1060 habitare,
435 983 610 1048 communi
631 1001 752 1046 mense
776 988 810 1047 et
831 987 906 1048 toro
928 985 987 1060 uti,
1013 982 1164 1046 debitum
1187 983 1250 1047 sibi
1269 982 1422 1061 reddere,

248 1095 282 1156 et
296 1091 380 1155 nulli
396 1096 559 1156 extraneo
574 1090 797 1165 commisceri,
813 1089 869 1154 vel
884 1089 1034 1172 copulari
1049 1108 1111 1172 per
1124 1091 1259 1174 nuptias
1273 1111 1280 1167 ς
1299 1096 1333 1154 et
1346 1091 1423 1157 ideo

248 1198 379 1282 dejure
395 1197 541 1264 naturali
556 1198 763 1263 contrahunt
775 1197 1060 1280 impedimentum
1074 1195 1245 1278 ligaminis
1260 1198 1423 1263 dirimens

247 1307 328 1371 alias
357 1307 503 1392 nuptias.
532 1308 619 1387 :Quae
651 1309 766 1373 omnia
795 1307 963 1390 expressit
987 1307 1078 1370 Deus
1106 1305 1252 1386 (Genea,
1280 1327 1312 1383 ιι,
1336 1307 1386 1389 ll)
1414 1329 1421 1370 :

248 1416 510 1493 «Quamobrem
538 1415 708 1500 relinquet
734 1417 839 1481 homo
865 1421 998 1498 patrem
1024 1433 1136 1491 suum,
1162 1419 1196 1478 ei
1215 1420 1372 1492 matrem,
1390 1422 1423 1480 et

247 1523 431 1588 adherebit
458 1523 555 1588 uxori
580 1541 662 1598 suae,
687 1527 722 1587 et
737 1527 838 1587 erunt
852 1522 920 1587 duo
936 1522 971 1586 in
986 1541 1087 1586 carue
1103 1540 1190 1597 una;
1203 1549 1218 1580 a
1235 1523 1422 1607 eademque

246 1630 391 1695 inculcat
411 1631 593 1714 Apostolus
603 1631 628 1707 (l
643 1631 729 1707 Cor,
745 1631 810 1714 vu).
823 1630 1002 1695 Exmutuo
1017 1636 1133 1696 tamen
1147 1648 1328 1707 consensu,
1345 1633 1424 1713 jura

246 1738 311 1802 ista
330 1740 489 1821 restringi
510 1739 566 1804 vel
586 1740 714 1804 remitti
727 1744 883 1824 possunt,
899 1744 1067 1822 quatenus
1077 1741 1423 1823 subjacentpotestati

246 1849 442 1930 conjugum,
458 1855 495 1912 ut
514 1851 573 1932 jus
599 1847 827 1924 cohabitandi,
853 1848 1012 1928 exigendi
1038 1848 1201 1923 debitum,
1218 1848 1320 1912 modo
1336 1849 1423 1912 absit

245 1955 433 2039 periculum
446 1957 714 2022 incontinentia.

284 2065 316 2128 3⁰
336 2066 469 2131 Bonum
483 2067 599 2150 prolis,
623 2085 699 2151 quae
714 2069 753 2132 flt
765 2066 930 2148 legitima,
947 2067 1001 2144 ali,
1026 2073 1061 2130 et
1081 2066 1262 2131 christiane
1288 2067 1421 2132 educari

247 2173 347 2239 debet
360 2193 381 2238 a
393 2175 605 2258 parentibus.

284 2284 317 2347 l⁰
331 2285 463 2350 Bonum
487 2287 700 2362 sacramenti,
727 2285 762 2348 vi
783 2289 881 2369 cujus
907 2288 1072 2369 conjuges
1096 2287 1264 2369 recipiunt
1277 2287 1421 2366 gratiam

246 2393 512 2458 sanctificantem
531 2412 609 2459 cum
621 2397 698 2476 jure
714 2394 757 2458 ad
773 2394 931 2477 specialia
946 2394 1071 2459 auxilia
1087 2396 1175 2458 bene
1194 2400 1228 2457 et
1243 2400 1358 2459 sancte
1375 2395 1421 2456 vi-

246 2499 345 2565 vendi
359 2503 394 2564 in
415 2502 479 2566 hoc
494 2502 600 2567 arduo
623 2505 724 2578 statu,
751 2503 894 2584 ejusque
919 2520 1025 2566 onera
1049 2502 1250 2566 sustinendi.
1271 2503 1366 2599 Quod
1392 2503 1420 2566 si

123 2681 133 2692 ,
244 2612 409 2692 conjuges
424 2610 459 2673 in
473 2614 610 2692 peccato
626 2607 760 2674 mortali
775 2609 978 2673 contrahant
991 2609 1259 2683 matrimonium,
1281 2615 1422 2692 peccant

244 2719 340 2796 gravi
376 2711 514 2800 peccato
542 2718 743 2800 sacrilegii:
766 2721 867 2800 Juxta
894 2717 1079 2782 nonnullos
1106 2717 1241 2800 duplici,
1269 2717 1324 2781 vel
1352 2737 1421 2780 uno

244 2827 469 2909 aequivalente
482 2827 627 2904 duobus,
645 2833 815 2912 quatenus
829 2827 968 2909 indigne
981 2828 1044 2892 sibi
1061 2826 1300 2892 administrant
1318 2832 1352 2889 et
1372 2845 1421 2890 re-

244 2939 373 3021 cipiunt
406 2943 657 3003 sacramentum
684 2935 890 3020 :probabile
918 2943 1035 3002 tamen
1064 2941 1127 3013 est,
1156 2936 1257 3020 quod,
1288 2939 1421 3000 remoto

245 3047 351 3122 obice,
368 3047 477 3128 gratia
488 3047 697 3112 matrimonii
710 3047 759 3110 eis
774 3047 978 3122 conferatur,
993 3065 1072 3110 cum
1087 3050 1338 3110 sacramentum
1351 3062 1422 3108 ma-

244 3155 394 3219 trimonii
409 3153 601 3220 virtualiter
623 3159 821 3239 perseveret
835 3154 870 3218 in
883 3152 1020 3218 vinculo
1042 3152 1226 3236 conjugali,
1251 3157 1352 3236 atquc
1373 3153 1421 3215 ita

244 3281 350 3346 capax
363 3263 407 3327 sit
422 3280 523 3328 suum
538 3263 726 3347 producere
741 3263 912 3327 ellectum.
928 3262 976 3326 Ex
1001 3263 1091 3327 bono
1108 3261 1322 3336 sacramenti,
1340 3279 1420 3342 qua-

245 3376 345 3435 tenus
360 3371 505 3437 ordinati
520 3372 563 3437 ad
586 3371 919 3436 consummationem
940 3369 1160 3446 matrimonii,
1186 3369 1295 3433 oritur
1317 3367 1420 3432 etiam

244 3479 399 3545 absoluta
427 3485 462 3544 et
484 3480 682 3546 omnimoda
707 3478 997 3555 indissolubilitas,
1026 3479 1073 3542 ita
1100 3484 1139 3541 ut
1164 3477 1419 3542 matrimonium

243 3594 520 3654 consummatum
528 3589 623 3654 nulla
636 3593 805 3672 potestate
814 3590 977 3664 humana,
990 3588 1093 3652 etiam
1105 3586 1236 3651 Summi
1248 3585 1418 3650 Pontisscis

244 3697 383 3763 dissolvi
402 3699 528 3783 possit;
554 3699 635 3782 quia
654 3697 805 3762 Christus
825 3699 993 3764 Dominus
1010 3696 1119 3760 voluit
1139 3696 1301 3760 unionem
1321 3711 1419 3758 suam

243 3805 524 3884 indissolubilem,
542 3824 644 3888 quam
658 3805 763 3870 hebet
782 3824 861 3871 cum
883 3804 1031 3870 Ecclesia
1054 3822 1115 3886 per
1139 3821 1287 3879 carnem,
1318 3802 1419 3883 signi-

243 3915 335 3978 ficari
349 3932 411 3996 per
424 3914 681 3980 matrimonium
703 3916 991 3988 consummatum,
1008 3918 1047 3975 ut
1066 3911 1165 3976 docet
1179 3911 1293 3994 Apost.
1311 3909 1416 3992 (Eph.,

242 4041 273 4100 v,
289 4023 350 4105 32),
367 4022 467 4099 Trid.,
484 4041 567 4087 sess.
587 4023 637 4098 bl,
654 4023 689 4087 in
703 4022 807 4087 doctr.
825 4021 866 4088 de
877 4022 972 4088 Saea.
989 4023 1154 4100 matrim,
1171 4024 1205 4082 et
1219 4037 1293 4082 ean.
1310 4019 1374 4080 bet
1385 4018 1414 4079 7.

242 4131 282 4195 Et
294 4131 328 4195 lii
345 4131 597 4216 suutpraecipui
612 4132 754 4196 effectus
779 4132 988 4196 matrimonii
1007 4130 1141 4214 utrique
1160 4125 1305 4211 ‘conjugi
1329 4143 1418 4220 com-

243 4259 376 4305 munes.
400 4240 567 4325 speciales
582 4245 698 4306 autem
714 4241 855 4306 effectus
865 4259 907 4305 ex
919 4245 1015 4324 parte
1024 4239 1137 4304 mariti
1148 4245 1229 4302 sunt
1244 4257 1250 4298 :
1265 4239 1417 4326 potestas

241 4349 417 4426 mantelia,
433 4349 467 4414 vi
482 4351 579 4432 cujus
593 4350 737 4413 maritus
752 4354 805 4414 est
815 4353 917 4432 caput
931 4349 1060 4425 uxoris,
1073 4365 1147 4431 quae
1157 4363 1226 4410 nou
1237 4342 1414 4420 utancilla,

243 4459 304 4522 sed
324 4463 363 4522 ut
382 4459 476 4524 socia
494 4458 726 4536 subordinate,
750 4463 885 4523 tenetur
907 4457 1029 4522 marito
1051 4454 1189 4520 obedire
1211 4455 1247 4518 in
1266 4453 1319 4516 his
1340 4471 1415 4535 quae

242 4567 414 4649 pertinent
435 4565 478 4632 ad
499 4584 618 4632 curam
632 4566 864 4643 domesticam,
891 4571 926 4630 et
945 4570 1074 4630 rectam
1095 4563 1232 4629 familiae
1256 4560 1415 4626 adminis-

243 4675 424 4740 trationem
442 4675 546 4738 :item
568 4679 719 4758 potestas
742 4675 851 4757 patria
878 4678 1033 4757 respectu
1057 4671 1254 4748 liberorum,
1280 4670 1320 4734 de
1347 4687 1415 4751 qua
