3412 5570
500 591 588 638 crana
609 591 737 646 omarus
757 592 979 640 numeramus.
1269 571 1325 640 tlt

152 711 264 780 solum
274 712 315 777 de
326 711 604 790 comestibilibus,
613 712 673 777 sed
684 713 787 777 etiam
797 713 838 777 de
848 714 952 777 rebus
964 713 1038 778 aliie
1050 733 1058 776 ε
1068 713 1096 777 si
1106 713 1329 778 comestibilia

152 841 222 888 non
244 822 483 906 reperirentur,
506 822 580 888 istae
600 839 655 886 res
675 822 778 886 vendi
798 827 950 906 possent,
964 828 1003 888 ut
1017 842 1061 888 ex
1083 841 1203 888 eorum
1218 823 1327 904 pretio

143 931 276 1010 ¹cibaria
290 933 458 996 emantur.
469 929 605 1004 Verum,
619 929 646 993 si
659 935 818 1011 ageretur
833 930 874 996 de
889 949 926 994 re
938 931 1055 1012 magni
1065 929 1200 1007 valoris,
1212 929 1327 1014 plures

151 1043 280 1118 negant
290 1037 531 1102 necessitatem
541 1056 704 1102 excusare
715 1057 736 1103 a
748 1039 851 1116 furto,
869 1040 949 1123 quia
963 1040 1109 1104 charitas
1120 1058 1190 1104 non
1202 1038 1329 1121 obligat

151 1165 230 1212 cum
242 1151 336 1212 tauto
351 1146 539 1230 dispendio,
555 1150 590 1210 et
604 1146 789 1211 necessitas
803 1165 874 1212 non
888 1149 1020 1212 confert
1030 1150 1090 1231 jus
1104 1147 1146 1213 ad
1167 1149 1258 1212 bona
1272 1166 1329 1212 ex-

153 1255 393 1332 traordinaria;
411 1253 472 1318 sed
496 1256 666 1320 sententia
683 1254 890 1338 probabilior
910 1257 1070 1334 affirmat,
1084 1256 1164 1341 quia
1182 1255 1329 1322 necessi-

152 1369 204 1431 tas
218 1364 298 1429 facit
311 1365 402 1428 bona
415 1363 613 1428 communia
626 1363 671 1444 (S.
685 1364 770 1444 big..
786 1364 808 1427 l.
825 1382 867 1442 a,
882 1383 917 1428 n.
934 1365 1016 1448 696).

192 1474 224 1537 2⁰
239 1472 306 1536 Sed
318 1473 463 1556 quando·
474 1473 588 1554 agitur
602 1472 644 1537 de
660 1473 863 1538 necessitate
878 1475 987 1558 pravi,
1003 1492 1074 1539 non
1093 1473 1233 1540 omnino
1251 1491 1330 1541 con-

153 1582 294 1648 cordant
322 1579 379 1645 66.
409 1579 516 1662 Igitur
543 1598 629 1668 opus
652 1585 704 1645 est
725 1580 955 1646 distinctione.
972 1581 1006 1646 Si
1026 1586 1148 1664 agatur
1167 1583 1208 1646 de
1233 1583 1329 1664 gravi

154 1707 229 1775 quae
252 1691 296 1754 sit
314 1689 414 1773 quasi
428 1696 580 1752 extremo
599 1706 660 1754 seu
684 1691 845 1752 extremm
862 1690 1018 1772 proxima
1038 1689 1095 1755 vel
1115 1691 1328 1772 gravissima,

152 1798 346 1882 cujusmodi
360 1796 612 1881 estpcriculum
641 1795 834 1880 proximum
858 1798 1027 1862 subeundi
1038 1801 1208 1882 jacturam
1230 1801 1331 1864 valde

152 1925 293 1989 gravem
304 1907 393 1983 vita,
412 1905 576 1979 sanitatis,
592 1903 769 1982 libertatis,
785 1905 897 1982 famae,
919 1905 1127 1988 probabilius
1150 1912 1264 1991 potest
1277 1923 1337 1972 ac-·

152 2017 218 2100 cipi
231 2033 288 2080 res
302 2013 430 2090 aliena3
449 2014 647 2100 quia'etiam
666 2012 702 2078 in
715 2014 780 2078 hoc
794 2032 887 2091 casu,
911 2015 1070 2079 dominus
1089 2021 1182 2080 esset
1199 2016 1330 2081 irratio-

153 2123 309 2190 nabiliter
322 2123 461 2198 invitus,
478 2140 557 2191 cum
578 2121 757 2186 immineat
766 2122 957 2206 periculum
981 2141 1150 2212 persona,
1167 2128 1202 2187 et
1220 2121 1329 2200 aliter,
1386 2201 1388 2207 k

153 2238 192 2297 ut
209 2231 423 2316 supponitur,
440 2231 521 2296 huic
539 2230 735 2296 necessitati
754 2231 938 2296 subveniri
959 2237 1120 2316 nequeat.
1143 2230 1332 2298 Gensentur

151 2342 309 2407 homines
334 2359 396 2424 per
421 2345 559 2424 pactum
586 2340 788 2424 implicitum
811 2339 1038 2406 consensisse.
1061 2339 1274 2422 suffragatur
1296 2341 1328 2406 S.

152 2451 235 2532 lig,
250 2451 347 2514 Hom.
363 2449 494 2534 Apost,
511 2447 550 2526 ll,
566 2449 616 2512 16.
638 2447 703 2512 Sed
720 2466 791 2512 non
806 2453 921 2531 potest
937 2467 1072 2532 semper
1085 2448 1182 2534 facile
1198 2448 1331 2514 definiri

154 2559 372 2644 quandonam
392 2559 468 2642 quis
486 2562 644 2623 versetur
659 2556 696 2620 in
710 2558 812 2640 quasi
824 2565 976 2622 extrema
995 2557 1198 2622 necessitate
1217 2557 1329 2622 :unde

152 2667 211 2732 t'l.
225 2667 338 2733 varios
351 2665 549 2748 expendunt
562 2683 672 2729 casus.
687 2663 725 2729 ln
735 2664 811 2729 foro
824 2669 977 2742 externo,
991 2665 1158 2748 judicium
1172 2664 1332 2750 relinqui·

84 2860 87 2866 ,
156 2779 210 2838 tur
221 2774 411 2858 prudentia
421 2773 557 2856 judicis.

191 2883 224 2947 3⁰
236 2881 270 2946 Si
285 2887 407 2962 agatur
421 2881 462 2945 de
477 2880 573 2961 gravi
588 2896 663 2962 quae
682 2879 726 2944 sit
740 2881 837 2962 quasi
857 2882 1061 2957 communis,
1078 2899 1148 2947 non
1162 2881 1242 2946 licet
1255 2900 1330 2946 rem

152 2991 299 3056 alienam
314 2991 476 3074 accipere,
489 3007 568 3054 oum
577 3005 648 3052 non
663 2987 825 3053 aestimari
837 2988 946 3071 possit
956 2994 1114 3054 naturam
1129 2989 1229 3054 alicui
1242 2989 1330 3055 velle

154 3117 349 3165 succurrere
363 3116 425 3181 per
439 3097 758 3178 gravemjacturam
771 3094 910 3160 alterius
922 3117 929 3172 ;
941 3096 1018 3161 ideo
1029 3116 1099 3162 non
1111 3097 1332 3180 praesumitur

155 3207 275 3282 Deum,
291 3210 466 3271 auctorem
480 3209 623 3281 naturae,
635 3203 690 3267 vel
701 3202 860 3267 homines
876 3205 1051 3269 communi
1065 3221 1238 3269 consensu
1250 3204 1331 3269 dare

154 3313 326 3378 licentiam
337 3312 522 3397 accipiendi
537 3329 611 3376 rem
626 3309 774 3376 alienam
788 3329 850 3393 pro
865 3310 1017 3377 tollenda
1032 3311 1089 3377 tali
1114 3313 1330 3377 necessitate:

195 3422 301 3486 Priori
310 3422 399 3506 parti
414 3419 641 3485 distinctionis
649 3437 720 3483 non
729 3419 842 3484 obstat
852 3419 1025 3485 damnatio
1040 3420 1281 3504 propositionis
1291 3421 1331 3485 36

153 3533 244 3596 inter
253 3531 458 3614 proscriptas
474 3531 516 3594 ab
531 3529 730 3593 innocentio
741 3527 784 3592 lll
797 3549 804 3592 :
820 3554 835 3586 «
848 3529 1057 3595 Permissum
1070 3535 1122 3595 est
1132 3530 1249 3608 furari,
1262 3549 1332 3596 non

153 3642 287 3704 tantum
296 3639 332 3700 in
344 3642 498 3702 extrema
509 3637 725 3713 necessitate,
736 3636 796 3701 sed
813 3638 916 3703 etiam
930 3638 966 3702 in
976 3638 1091 3720 gravi;
1104 3663 1119 3698 »
1133 3657 1225 3716 nam,
1232 3643 1333 3723 juxta

151 3747 277 3831 plures,
291 3746 514 3811 damnaretur
530 3751 666 3810 tantum
686 3746 816 3810 turtum
831 3747 1020 3812 formaliter
1042 3753 1219 3830 sumptum
1240 3749 1330 3831 (vide

152 3855 186 3919 P.
202 3855 335 3930 Ballou,
352 3861 422 3919 not.
440 3855 483 3919 ad
497 3874 531 3918 n.
549 3855 620 3932 616,
637 3858 720 3918 tom.
736 3853 797 3936 11);
812 3873 914 3938 porro
928 3857 1058 3921 furtum
1080 3860 1133 3920 est
1146 3857 1330 3922 intrinsece

152 3963 291 4028 malum.
307 3962 408 4028 Juxta
422 3963 517 4038 alios,
535 3960 721 4042 Schmalzg.
738 3963 801 4045 (tit.
824 3964 865 4027 de
880 3963 1006 4044 Fortis,
1018 3983 1052 4028 n.
1069 3963 1131 4046 la),
1148 3969 1266 4048 posset
1280 3966 1331 4028 in-

153 4069 259 4152 telligi
273 4073 346 4136 haec
357 4069 544 4154 propositio
552 4069 593 4136 de
604 4070 807 4135 necessitate
818 4071 921 4152 gravi
928 4071 1029 4138 latius
1046 4077 1192 4157 sumpta,
1210 4091 1271 4136 seu
1288 4071 1329 4136 de

153 4180 250 4261 quasi
261 4179 446 4244 communi.

193 4287 362 4371 Sepultus,
380 4288 412 4350 1⁰
434 4305 621 4372 pauperem
634 4289 671 4351 in
691 4290 845 4352 extrema
862 4288 1065 4372 necessitate
1079 4289 1240 4370 positum,
1258 4307 1329 4355 non

151 4414 253 4480 posse
268 4395 344 4480 plus
358 4397 491 4461 auferre
507 4413 610 4479 quam
623 4395 686 4459 sibi
698 4396 940 4472 necessarium,
958 4412 1037 4460 cum
1059 4397 1150 4462 bona
1171 4397 1330 4463 desinant

152 4524 228 4570 esse
243 4505 439 4570 communia
454 4503 568 4568 statim
582 4522 622 4568 ac
643 4509 757 4568 cessat
770 4503 972 4580 necessitas;
991 4522 1094 4588 quare
1114 4505 1143 4568 si
1158 4506 1331 4572 sufficeret

152 4631 235 4678 usus
248 4613 309 4689 rei,
324 4612 568 4697 proprietatem
591 4611 654 4676 sibi
677 4611 825 4678 tribuere
846 4629 916 4676 non
939 4615 1057 4696 posset
1071 4629 1210 4696 pauper.
1233 4612 1327 4679 Unde

151 4721 341 4804 generatim
354 4721 444 4793 bona
463 4719 552 4792 aunt
572 4719 767 4794 communia
787 4718 824 4792 in
843 4723 997 4794 extrema
1020 4721 1234 4798 necessitate,
1257 4741 1328 4792 uon
