3482 5560
366 557 427 622 iti
826 571 878 619 rus
899 572 1080 620 canonicus.

363 698 441 778 jure
458 693 554 758 Rom.
572 695 607 758 st
624 709 698 756 can.
722 695 796 757 erat
818 693 1097 777 quinquennalis3
1123 693 1235 778 quoad
1257 693 1324 760 alia
1345 693 1477 774 delicta,
1493 695 1543 760 vi-

366 802 527 870 cennalis.
540 801 578 866 ln
590 804 667 884 jure
681 805 799 866 nostro
810 799 934 882 (Codex
947 801 1044 866 instr.
1060 803 1168 881 crim.)
1180 807 1233 867 est
1242 803 1345 868 otiam
1356 803 1543 870 vicennalis

368 910 481 996 quoad
495 927 614 993 poeuas
636 929 657 975 a
667 909 782 993 jndice
804 915 1020 994 competente
1035 909 1122 975 latas
1142 911 1177 974 in
1202 912 1296 976 omni
1320 930 1356 977 re
1377 913 1543 978 criminali

368 1019 441 1101 (art.
458 1017 543 1099 635);
559 1017 634 1099 ipsa
652 1016 739 1082 actio
754 1016 938 1081 criminalis
954 1016 1066 1102 quoad
1084 1017 1243 1098 graviora
1261 1019 1403 1084 crimina
1423 1020 1543 1085 decen-

368 1129 424 1192 nio
439 1124 668 1210 praescribitur
682 1124 755 1206 (art.
771 1125 853 1204 637),
875 1124 904 1188 si
924 1125 1013 1190 intra
1027 1124 1110 1189 illud
1125 1132 1261 1209 tempus
1281 1126 1375 1192 nulla
1393 1128 1482 1193 iacta
1499 1121 1544 1193 sit

366 1233 540 1319 inquisitio
562 1231 708 1316 juridica
728 1231 911 1316 nullusque
933 1250 1115 1315 processus
1140 1233 1316 1298 institutus
1343 1235 1404 1311 sit;
1431 1236 1543 1319 quoad

368 1341 488 1406 delicta
506 1339 678 1417 interiora,
700 1357 761 1403 seu
784 1338 842 1403 illa
859 1358 935 1423 quae
952 1358 1056 1423 poena
1075 1341 1311 1406 correcticnali
1335 1341 1540 1425 plectuntur,

366 1447 573 1535 praescriptic
588 1451 641 1511 est
655 1446 830 1511 triennalis
844 1447 917 1530 (art.
934 1447 1021 1528 638);
1044 1448 1181 1512 tandem
1196 1447 1331 1513 diversa
1347 1453 1544 1514 statuuntur

366 1565 522 1643 tempora
538 1574 600 1641 pro
618 1557 967 1632 contraventionibus‚
985 1563 1088 1641 prout
1109 1558 1223 1640 agitur
1241 1549 1282 1622 de
1302 1559 1413 1642 poenis
1424 1560 1498 1641 jam
1521 1578 1543 1626 a

364 1665 479 1750 judice
494 1664 582 1740 latis,
599 1682 666 1750 quc
682 1682 763 1729 casu
780 1663 947 1729 biennalis
966 1668 1018 1730 est
1039 1665 1258 1750 proscriptio,
1275 1664 1331 1729 vel
1345 1665 1385 1729 dc
1404 1667 1479 1748 ipsa
1493 1683 1544 1730 ao

367 1775 461 1840 tione
482 1773 631 1857 publica,
655 1791 730 1857 quae
750 1791 841 1839 anno
860 1772 1030 1856 completo
1047 1774 1275 1857 praescribitur
1295 1774 1366 1856 (art.
1382 1773 1541 1858 638640);

367 1886 400 1949 6·
417 1901 497 1948 reus
519 1882 627 1948 semel
647 1882 823 1949 absolutus
843 1901 913 1947 non
926 1885 1040 1966 potest
1054 1883 1179 1948 iterum
1197 1882 1238 1946 de
1260 1881 1383 1947 eodem
1401 1882 1541 1947 crimine

368 1993 529 2069 accusari,
546 2010 624 2056 cum
640 1991 810 2058 sententia
833 1992 902 2058 lata
919 1997 1038 2058 contra
1056 2011 1164 2057 unum
1181 1997 1413 2057 accusatorem
1434 1993 1542 2075 pariat

369 2102 604 2187 exceptionem
616 2102 666 2166 rei
677 2103 836 2185 jndicatae
851 2108 969 2167 contra
983 2120 1103 2167 omnes
1119 2101 1161 2166 de
1173 2101 1311 2185 populo,
1327 2108 1361 2165 et
1374 2119 1464 2177 reus,
1481 2119 1542 2183 per

369 2211 574 2275 sententiam
594 2210 781 2286 absolutus,
806 2211 1006 2276 restituatur
1030 2229 1101 2276 suae
1115 2211 1330 2276 innocentiae.
1346 2208 1397 2274 lte
1410 2209 1445 2274 in
1466 2225 1540 2272 om-

369 2318 468 2384 nibus
478 2320 536 2401 jus
550 2319 648 2384 Rom.

554 2501 597 2550 111.
613 2499 691 2561 Quod
708 2499 744 2554 sit
759 2500 884 2554 cilicium
895 2500 1002 2566 judicts
1017 2501 1047 2553 ln
1063 2511 1132 2553 casu
1147 2497 1354 2554 accusationis?

409 2647 440 2728 a)
468 2645 501 2710 Si
522 2649 692 2712 accusatio
716 2656 769 2715 est
794 2649 957 2732 legitima,
971 2649 1080 2733 judex
1100 2652 1238 2714 tenetur
1258 2665 1336 2714 eam
1349 2647 1540 2722 admittere,

369 2769 449 2832 nam
461 2753 569 2836 judex
583 2759 720 2821 tenetur
734 2775 777 2822 ex
790 2749 902 2822 officio
918 2775 981 2822 suc
994 2757 1130 2822 studere
1146 2757 1237 2821 bono
1253 2754 1462 2840 reipublicae;
1483 2754 1543 2818 scd

368 2861 537 2926 accusatio
553 2861 706 2945 legitima
720 2865 896 2930 ordinatur
909 2865 951 2929 ad
970 2865 1100 2930 bonum
1119 2862 1324 2948 reipublicae,
1341 2881 1385 2928 ne
1403 2863 1544 2928 crimina

368 2976 532 3036 maneant
544 2970 722 3056 impunita.

410 3077 439 3159 b)
455 3077 489 3141 Si
498 3083 675 3145 accusator
689 3086 741 3146 est
754 3081 952 3163 illegitimus
963 3087 997 3146 et
1014 3080 1182 3156 inhabilis,
1193 3084 1329 3146 ‘tenetur
1346 3097 1425 3144 cum
1437 3079 1544 3161 judex

370 3204 413 3250 ex
428 3187 539 3252 cisscio
553 3191 615 3254 suo
631 3190 794 3274 repellere
810 3193 852 3258 ab
866 3191 1068 3268 accusando,
1081 3191 1147 3255 nisi
1161 3190 1220 3254 tali
1232 3208 1312 3254 casu
1326 3207 1405 3252 reus
1422 3190 1543 3252 citatus

370 3300 527 3361 teneatur
537 3314 734 3382 comparere
747 3299 784 3363 in
795 3298 940 3382 judicio;
956 3319 1037 3386 nam
1053 3299 1140 3362 sicut
1153 3298 1243 3362 bono
1257 3296 1392 3379 publico
1402 3296 1544 3360 interest

369 3403 511 3469 crimina
524 3423 595 3470 non
610 3425 747 3472 manere
761 3408 939 3491 impunita,
958 3409 1006 3473 ita
1017 3405 1172 3492 ejusdcm
1185 3407 1328 3469 interest
1341 3423 1385 3469 ne
1399 3422 1462 3487 per
1474 3403 1543 3468 ille-

369 3511 506 3590 gitimas
532 3516 765 3582 accusationes
795 3516 921 3582 subditi
945 3535 1035 3600 saepc
1062 3515 1262 3580 innocentes
1288 3514 1475 3594 fatigentur
1501 3530 1543 3575 ex

369 3635 474 3700 prava
487 3622 646 3703 passione
656 3624 856 3701 accusantis,
876 3629 910 3689 et
925 3625 972 3689 sic
987 3624 1100 3709 aliquo
1114 3621 1217 3688 modo
1231 3621 1451 3686 infamentur.

585 3851 602 3925 §
624 3855 658 3910 lt.
683 3854 721 3913 llc
740 3868 959 3929 preoccupes
979 3856 1060 3914 ctam
1080 3853 1328 3914 denuntiationis.

663 4030 682 4079 1.
699 4027 770 4090 Quid
787 4030 816 4083 ct
829 4030 981 4096 quotuplex
996 4030 1033 4083 sit
1048 4029 1251 4084 denuntlatic?

412 4170 445 4252 a)
458 4169 676 4238 Denuntiatic
691 4178 743 4239 est
759 4169 913 4257 legitima
927 4175 1050 4243 delatio
1069 4175 1219 4241 criminis
1239 4171 1276 4239 et'
1290 4171 1463 4238 criminosi
1485 4189 1541 4233 su-

370 4277 494 4360 periori
512 4279 601 4343 iacta
616 4279 689 4344 sine
710 4281 936 4348 solemnitate.
955 4285 1119 4366 Legitima
1136 4283 1209 4360 erit,
1232 4282 1260 4346 si
1278 4282 1338 4345 ilat
1354 4276 1544 4343 secundnm

369 4385 448 4464 jnra
464 4385 641 4460 naturalia,
654 4387 769 4453 divina
782 4395 817 4453 et
827 4391 987 4456 humana.

413 4489 646 4558 communiter
669 4494 829 4560 dividitur
848 4498 886 4561 in
909 4496 1151 4579 evangelicam,
1176 4497 1375 4563 canonicam
1397 4499 1432 4558 ct
1455 4491 1545 4576 judi-

373 4596 503 4664 cialem.
521 4599 647 4667 'lamen
659 4602 715 4668 alii
730 4605 855 4669 rectius
868 4603 960 4671 illam
975 4605 1170 4672 immediate
1184 4607 1378 4691 partiuntur
1396 4603 1432 4666 in
1445 4617 1545 4664 evan-

374 4703 517 4784 gelicam
533 4711 568 4770 ct
577 4708 784 4790 judicialem,
802 4729 877 4797 quae
891 4718 944 4776 est
955 4713 1118 4779 canonica
1133 4713 1188 4776 vel
1203 4711 1320 4778 civilis.
