3500 5552
15 3077 18 3176 l

581 541 670 587 nana
692 541 822 596 ournrus
843 541 1066 592 exoneramus.
1353 525 1411 592 tat

235 662 327 727 nulla
347 663 444 728 lieret
457 661 613 726 remissio
632 680 692 745 per
708 661 949 744 indulgentias,
970 662 1030 728 sed
1048 681 1143 727 mera
1163 664 1410 729 commutatio:

235 771 450 853 indulgentia
476 771 660 854 opponitur
686 771 849 852 rigorosae
875 773 1045 856 punitioni
1070 777 1296 855 peccatorum.
1322 773 1355 836 3⁰
1379 773 1412 836 Si

233 897 336 944 causa
350 880 462 963 reipsa
476 897 546 944 non
562 882 653 942 esset
669 879 925 962 proportionata
941 887 976 944 et
993 880 1178 956 sufficiens,
1205 881 1265 944 sed
1282 885 1318 944 ut
1336 880 1412 945 talis

232 987 426 1070 prudentor
440 987 668 1052 estimaretur
686 1005 706 1050 a
724 987 932 1052 concedente
952 987 1213 1070 indulgentiam,
1237 988 1411 1053 concessio

234 1098 325 1158 esset
338 1083 461 1170 valida,
480 1094 559 1177 quia
573 1094 764 1158 concedens
779 1099 898 1176 ageret
917 1098 1017 1178 juxta
1034 1095 1130 1177 leges
1151 1095 1351 1178 prudentiae,
1375 1113 1413 1160 ac

186 1198 188 1207 '
232 1201 1410 1286 proindefideliterdispensaretthesaurumcnristipugotomulo,

233 1317 311 1395 post
331 1311 476 1394 Suarez).
502 1312 535 1374 4⁰
556 1311 606 1375 Ad
626 1311 875 1394 indulgentiam
894 1313 1092 1396 generalem
1110 1314 1296 1397 requiritur
1310 1331 1412 1379 causa

233 1418 367 1501 publica
383 1437 444 1483 seu
458 1419 638 1501 generalis,
654 1420 720 1514 nisi
733 1422 820 1484 iorte
836 1422 966 1485 bonum
980 1419 1118 1505 aliquod
1133 1422 1306 1504 privatum
1321 1427 1413 1486 esset

233 1526 319 1591 adeo
348 1528 465 1609 magni
491 1529 668 1605 momenti,
699 1533 738 1592 ut
761 1534 853 1594 recte
879 1533 1060 1594 censeatur
1087 1528 1291 1614 aequivalere
1321 1530 1411 1595 bono

232 1635 384 1717 publico;
406 1653 509 1700 causa
529 1637 621 1700 enim
644 1641 696 1701 est
718 1638 891 1703 sufficiens
915 1643 954 1702 ut
967 1639 1027 1702 ssat
1040 1638 1209 1719 generalis
1224 1639 1413 1703 communi—

232 1745 319 1808 catio
335 1743 666 1824 thesaurilicclesiae.
684 1745 733 1810 Ad
757 1745 1006 1828 indulgentiam
1019 1745 1269 1830 particularem,
1288 1746 1413 1811 sufficit

232 1867 337 1916 causa
349 1851 571 1934 particularis.

540 2093 557 2166 5
576 2097 623 2152 tlt.
639 2094 679 2154 Dc
693 2084 825 2167 mbject'o
840 2093 1107 2169 incruentorum.

273 2293 313 2360 Ut
324 2299 397 2380 jam
417 2300 552 2361 constat
566 2315 608 2360 ex
628 2315 731 2380 supra
748 2297 856 2374 dictis,
873 2298 1094 2380 indulgentiae
1109 2298 1248 2363 concedi
1265 2301 1412 2381 possunt

233 2412 303 2471 tam
330 2405 417 2470 vivis
445 2423 548 2488 quam
577 2405 761 2483 defunctis3
790 2407 905 2492 itaque
932 2407 972 2471 de
1006 2411 1151 2491 utroque
1177 2408 1330 2490 subjecto
1351 2425 1412 2490 per

236 2513 393 2580 ordinem
407 2512 580 2594 agendum
595 2518 657 2578 est.

606 2696 627 2747 l.
641 2696 680 2746 De
695 2693 880 2760 indulgentiis
895 2706 944 2760 pro
958 2695 1037 2748 viris.

271 2840 489 2924 o)llequr'citu
504 2857 547 2903 ec
562 2847 663 2923 porte
678 2839 820 2920 subjecti
832 2839 1081 2923 indulpectr'um
1105 2841 1276 2928 lucrantia
1298 2843 1329 2905 1ο
1347 2842 1410 2906 ne
1441 2907 1443 2912 ,
1508 2852 1511 2860 ’

231 2931 1410 3038 ᾳιιίιίῑιιιοὶιιιιιιοῑοιΙιιιρῑίειιιιιὶιε,ιιυίιιὃιιιιιιιιιιεΡοιιιίῐθιιιιοιιροῑθεῑ

232 3058 427 3140 dispensare
446 3057 644 3121 thesaurum
660 3055 827 3134 Ecclesiae,
844 3057 911 3121 nisi
924 3057 1087 3120 membris
1107 3057 1205 3122 istius
1221 3057 1407 3133 societatis;

225 3145 360 3234 'etenim
374 3163 462 3230 ovile
484 3166 582 3246 quus
604 3163 759 3227 Pontifex
778 3170 831 3228 est
844 3170 971 3247 pastor,
990 3169 1124 3229 constat
1138 3165 1218 3229 solis
1240 3164 1406 3229 tidelibus.

231 3271 288 3336 llic
307 3289 377 3336 non
395 3263 508 3353 agitur
529 3270 570 3334 de
591 3271 900 3336 communicatione
919 3290 981 3354 per
1000 3271 1143 3336 modum
1167 3271 1331 3352 suffragii,
1349 3271 1409 3334 sed

232 3378 272 3444 de
298 3379 517 3460 indulgentiis
547 3397 622 3462 quae
651 3378 885 3443 conceduntur
914 3398 975 3464 per
1004 3378 1154 3443 modum·
1172 3377 1406 3445 absolutionis.

229 3487 266 3552 2⁰
284 3489 427 3553 Necesse
457 3493 510 3552 est
535 3492 573 3550 ut
595 3485 650 3550 ille
674 3485 784 3551 tidelis
811 3505 881 3551 non
908 3487 952 3550 sit
977 3487 1301 3565 excommunicatus,
1330 3487 1410 3570 quia
1491 3545 1493 3552 .

231 3595 547 3672 excommunicatio,
570 3599 607 3658 ut
629 3593 788 3669 diximus,
805 3594 916 3676 privat
934 3595 1033 3658 bonis
1047 3596 1286 3659 communibus
1302 3595 1409 3660 Eccle-

230 3703 300 3768 siae.
316 3704 348 3767 3ο
366 3702 516 3767 Dubitari
535 3707 658 3785 potest,
680 3720 724 3766 an
746 3702 940 3786 requiratur
953 3702 1074 3766 notitia
1093 3701 1326 3784 indulgentiae.
1344 3702 1409 3766 Ali-

231 3811 288 3895 qui
302 3811 474 3876 affirmant
486 3811 589 3893 (apud
603 3811 708 3891 Lago,
726 3811 747 3874 l.
763 3829 803 3889 c.,
820 3829 847 3873 s.
864 3811 894 3886 6,
907 3829 941 3902 n.
957 3811 1019 3892 80),
1038 3810 1117 3894 quia
1129 3809 1342 3891 indulgentia
1357 3815 1409 3874 est
1462 3833 1465 3842 ·

229 3919 366 4004 aliquod
385 3917 620 4002 privilegium;
637 3937 738 4002 porro
761 3918 937 4002 privilegia
955 3920 1192 4001 ignorantibus
1212 3938 1282 3985 non
1297 3919 1409 4002 acqui-

229 4033 361 4092 runtur.
389 4027 533 4092 «Fateor
557 4031 682 4102 tamen,
702 4028 748 4092 ait
773 4029 877 4110 Lugo,
899 4046 1045 4095 menon
1070 4029 1225 4092 invenire
1240 4027 1408 4092 rationem

230 4137 490 4201 convincentem
515 4135 557 4198 ad
577 4135 611 4199 id
633 4134 830 4216 negandum
842 4140 884 4198 'et
903 4135 946 4200 ad
965 4135 1146 4200 dicendum
1163 4136 1254 4219 quod
1266 4155 1405 4201 necesse

230 4246 273 4308 sit
290 4243 375 4308 scire
390 4242 445 4307 vel
460 4242 639 4307 intendere
654 4241 776 4306 lucrari
786 4242 1045 4324 indulgentiam,
1056 4268 1071 4300 n
1087 4245 1307 4308 etconllrmat
1317 4244 1406 4308 inter

229 4353 311 4418 alias
323 4353 474 4417 rationes
490 4371 531 4418 ex
547 4354 659 4416 fructu
675 4353 827 4433 suffragii
848 4353 906 4437 qui
923 4353 1063 4417 obvenit
1076 4353 1257 4434 ignoranti.
1279 4353 1404 4418 Tamen

228 4461 444 4526 communius
477 4460 668 4525 admittitur
696 4459 822 4542 requiri
848 4459 1014 4543 aliquam,
1044 4459 1165 4524 saltem
1195 4459 1402 4542 generalem,

228 4569 384 4634 notitiam
409 4567 641 4649 indulgentiae,
672 4583 751 4629 cum
778 4567 935 4649 exigatur
957 4566 1072 4651 aliqua
1099 4567 1254 4644 intentio,
1281 4567 1403 4633 saltem

227 4675 419 4753 habitualis,
441 4675 660 4756 indulgentiae
680 4675 940 4758 consequendae.
963 4675 1115 4740 Diximus
1136 4674 1353 4741 «habitualis
1374 4702 1401 4753 n,
