3514 5564
366 521 425 594 lid
823 539 874 590 sos
895 539 1075 592 aenomaus.

365 663 456 727 rium
468 679 531 746 per
550 677 664 728 sacros
677 678 827 727 canones
845 680 915 728 non
936 663 1110 741 statuitur;
1126 661 1187 730 sed
1201 659 1481 744 consanguinitas
1497 659 1534 726 in

365 767 457 836 linea
470 775 562 835 recta
583 769 624 835 de
646 771 723 852 jure
738 769 827 835 civili
848 769 975 836 dirimit
993 771 1210 837 matrimonia
1228 771 1265 835 in
1284 770 1467 847 infinitum,
1483 773 1499 848 ξ
1513 770 1533 832 1

366 877 448 942 Inst.
461 878 629 963 deNupt.‚
639 877 661 941 1.
673 877 751 954 Llll,
763 877 799 942 n.
810 878 850 943 de
866 879 946 945 astu
957 887 1067 964 nupt,
1078 897 1190 966 neque
1205 879 1270 946 hcc
1283 879 1341 962 jus
1352 897 1415 963 per
1431 878 1463 942 S.
1484 895 1538 944 ca-

367 1004 476 1052 nones
486 986 677 1068 corrigitur,
694 985 754 1051 sed
767 987 881 1070 petius
896 988 1102 1072 approbatur
1115 989 1199 1072 (can.
1216 988 1247 1062 1,
1264 985 1536 1070 Ooajunetioner,

350 1093 416 1170 -35,
434 1113 466 1178 q.
486 1094 533 1177 3);
551 1112 644 1176 ergo.
658 1093 724 1161 Nec
738 1095 851 1162 obstat
864 1113 893 1160 c.
910 1095 947 1190 8.ι
965 1096 998 1159 h.
1015 1100 1053 1174 t.,
1077 1114 1120 1162 ex
1142 1114 1209 1180 quo
1226 1094 1340 1172 cona,
1358 1095 1477 1162 Sanch.
1504 1099 1539 1160 et

367 1201 424 1287 alii
436 1201 501 1268 hoc
519 1201 802 1286 impedimentum
821 1203 1035 1286 restringunt
1048 1203 1091 1269 ad
1106 1209 1265 1288 quartum
1278 1201 1441 1286 gradum
1458 1219 1539 1268 nam

365 1310 402 1373 in
415 1310 470 1374 cit.
487 1327 515 1374 c.
543 1309 563 1373 8
582 1309 757 1394 dispositio
771 1309 925 1395 procedit
940 1310 981 1376 de
996 1311 1259 1394 consanguineis
1278 1311 1536 1387 collateralibus,

366 1415 456 1481 inter
477 1435 563 1502 quos
578 1417 734 1482 solebant
747 1418 908 1501 conjugia
928 1419 1017 1496 iniri,
1034 1401 1201 1485 non'vero
1222 1419 1264 1484 de
1277 1418 1538 1486 ascendentibus

367 1529 402 1589 et
417 1525 711 1602 descendentibus,
734 1525 824 1590 inter
839 1544 924 1610 quos
942 1527 1001 1591 vix
1021 1545 1173 1611 unquam
1187 1527 1347 1611 conjugia
1360 1525 1539 1592 contrahe-

366 1633 501 1698 bantur.
519 1633 585 1698 Sed
599 1633 641 1698 de
654 1633 721 1698 hoc
734 1651 804 1697 non
828 1637 881 1698 est
895 1633 1148 1717 disputandum,
1171 1637 1251 1720 quia
1262 1635 1491 1701 vitahumana
1502 1635 1539 1697 in

366 1739 456 1806 linea
471 1745 563 1806 recta
575 1745 734 1824 quartum
748 1740 892 1822 gradum
912 1759 983 1807 nen
997 1743 1139 1808 excedit.
1165 1743 1320 1810 Secunda
1333 1761 1411 1828 pars
1427 1742 1539 1812 deciso

368 1855 421 1914 est
437 1850 474 1913 in
487 1848 606 1914 concil.
623 1847 731 1914 Later.
748 1848 867 1927 relato,
882 1867 910 1914 o.
925 1849 955 1926 8,
967 1850 997 1927 3,
1013 1851 1208 1931 Prohibitio,
1222 1851 1256 1914 h.
1273 1856 1311 1928 t.‚
1328 1851 1386 1915 ubi
1400 1851 1540 1916 restrin-

363 1962 496 2041 guntur
509 1975 658 2023 canones
679 1957 810 2041 antiqui
831 1975 942 2022 causae
955 1957 1006 2036 35,
1024 1979 1055 2042 q.
1071 1960 1101 2037 3,
1118 1959 1241 2044 quibus
1254 1951 1539 2043 impedimentum

367 2066 672 2148 consanguinitatis
685 2065 932 2131 extendebatur
941 2085 1049 2150 usque
1060 2067 1102 2132 ed
1116 2067 1261 2149 gradum
1276 2068 1470 2150 septimum,
1485 2064 1540 2130 vel

368 2193 546 2259 quousque
571 2175 739 2240 memoria
763 2175 902 2240 retineri
924 2175 1035 2259 potuit
1056 2174 1251 2258 parentelae.
1277 2175 1374 2240 Retio
1398 2193 1419 2241 a
1439 2191 1537 2238 conc.

367 2281 475 2348 Later.
491 2281 617 2368 duplex
633 2282 732 2348 detur
743 2302 750 2345 :
763 2282 883 2366 prima,
897 2283 976 2366 quia
984 2283 1111 2364 gradus
1123 2283 1180 2347 isti
1192 2282 1387 2347 diltioillime
1402 2301 1541 2366 compu-

369 2392 538 2468 tabantur,
567 2394 602 2455 et
614 2391 831 2455 matrimonia
845 2408 917 2455 non
940 2391 1013 2455 sine
1029 2390 1206 2474 dispendio
1232 2391 1538 2466 concumbentem

368 2499 518 2564 secunda
532 2517 575 2563 ex
588 2499 821 2579 congruentia,
849 2499 927 2582 quia
939 2497 976 2562 in
992 2515 1133 2582 corpore
1147 2499 1298 2564 humano
1311 2503 1456 2584 quatuor
1474 2497 1541 2564 ele-

368 2606 493 2670 mentis
506 2611 684 2671 constante
698 2610 845 2690 quatuor
860 2610 941 2669 sunt
952 2605 1133 2684 humores;
1155 2625 1234 2688 ergo
1247 2624 1326 2671 cum
1341 2607 1480 2688 sanguis
1497 2624 1540 2672 ex

369 2713 512 2779 diversis
536 2715 753 2799 qualitatibus
775 2713 938 2780 alteretur
959 2719 994 2780 et
1015 2720 1263 2800 corrumpatur,
1284 2720 1363 2798 post
1386 2720 1541 2800 quartam

368 2821 627 2903 generationem
640 2823 699 2886 vix
713 2821 840 2906 aliquid
854 2826 961 2888 restat
980 2822 1021 2888 de
1035 2823 1202 2905 sanguine
1217 2842 1238 2888 o
1255 2823 1367 2908 stipite
1389 2823 1540 2888 derivato

368 2931 414 3012 (S.
426 2931 478 3008 D.,
491 2929 522 2995 d.
537 2931 568 3008 3,
584 2950 616 3014 p.
633 2931 683 3006 33,
700 2950 730 2996 a.
748 2931 789 3013 tt).
806 2931 900 2996 Juste
915 2935 1031 2996 eutem
1044 2931 1117 2996 hac
1129 2931 1374 3016 impedimenta
1388 2936 1469 2996 sunt
1482 2949 1541 3016 po-

369 3037 444 3114 sita,
466 3043 540 3102 tum
561 3037 640 3121 quia
653 3039 900 3120 consanguinei
920 3039 1046 3104 debent
1063 3037 1127 3102 sibi
1147 3039 1387 3117 reverentiam,
1406 3043 1480 3102 tum
1504 3044 1542 3104 ut

369 3144 507 3210 tollatur
519 3143 708 3228 periculum
721 3145 871 3210 incestus
881 3151 1020 3229 propter
1030 3145 1268 3211 simultaueam
1275 3147 1539 3224 habitationem

370 3259 405 3318 et
416 3254 481 3318 hoc
493 3254 647 3337 procedit
657 3254 699 3319 de
714 3252 1009 3336 consanguinitate
1019 3259 1094 3319 orte
1104 3255 1207 3318 etiam
1222 3273 1266 3318 ex
1278 3253 1400 3337 copula
1413 3253 1539 3330 illicita,

370 3360 984 3446 quiaTrid.,sess.ld‚c.d‚dellesorm.
1000 3370 1116 3440 matr„
1133 3361 1244 3428 solum
1258 3363 1542 3447 impedimentum

370 3469 1540 3553 affinitatis,nonconsanguinitatis,restrinxitadgradumsecundum.

405 3681 492 3740 Dices
507 3698 515 3738 z
529 3681 713 3754 t⁰lleuaqui
723 3681 833 3756 optime
848 3682 931 3740 novit
941 3683 1013 3756 quid
1026 3682 1138 3756 deceat,
1149 3684 1226 3742 ultra
1235 3682 1402 3742 secundum
1415 3680 1542 3756 gradum

370 3785 432 3828 nou
449 3771 602 3844 probibuit
620 3772 741 3844 nuptias
760 3772 1016 3847 consanguineis3
1032 3788 1104 3848 ergo
1122 3787 1177 3832 nec
1193 3773 1324 3832 Ecclesia
1337 3772 1424 3831 debat
1442 3771 1542 3844 probi-

371 3861 452 3926 bere.
472 3867 504 3918 ut
522 3867 654 3934 arguunt
672 3861 814 3920 haretici.
833 3867 862 3921 2·
880 3865 968 3922 Cone.
984 3867 1094 3922 turon.
1108 3867 1142 3934 ll,
1163 3877 1229 3926 cau.
1250 3868 1297 3934 12,
1313 3869 1342 3920 et
1361 3857 1389 3920 S.
1407 3864 1541 3936 dragus,

370 3965 437 4009 can.
452 3953 498 4022 10,
514 3949 666 4022 Quadam,
681 3955 726 4022 ³5,
737 3966 767 4024 q.
780 3955 808 4023 3,
820 3957 921 4010 vetant
934 3953 1125 4012 matrimonia
1138 3954 1434 4028 consanguineorum
1445 3965 1542 4023 usque

371 4038 407 4096 ad
424 4040 557 4113 gradum·
568 4039 745 4098 secundum.
768 4043 856 4112 Resp.
872 4041 908 4098 ad
925 4047 950 4098 t.
966 4041 1113 4112 Hebraeis,
1133 4047 1234 4115 utpote
1250 4041 1443 4115 paucioribus
1462 4044 1493 4097 et
1505 4038 1543 4097 ad

370 4129 495 4202 repudia
505 4129 771 4200 facilioribus,non
787 4131 963 4203 expediebat
976 4133 1077 4204 plures
1093 4133 1205 4207 gradus
1220 4133 1370 4206 prohiberi
1386 4149 1393 4189 :
1410 4131 1543 4189 Ecclesia

370 4233 451 4282 vero,
472 4219 510 4277 ob
528 4219 660 4278 rationes
679 4220 767 4290 alies,
781 4225 927 4292 potestate
942 4235 960 4278 a
975 4221 1090 4281 Christo
1110 4221 1168 4280 sibi
1187 4223 1256 4281 data
1272 4219 1396 4296 ampliat
1413 4221 1458 4279 vel
1479 4235 1541 4278 res-

370 4308 476 4382 tringit
497 4308 725 4383 impedimenta,
747 4315 837 4384 prout
860 4318 1027 4383 temporum
1051 4313 1126 4371 ratio
1148 4311 1292 4384 exposcit.
1314 4311 1357 4370 Ad
1380 4316 1407 4370 l.
1431 4313 1463 4368 ln
1485 4309 1567 4368 boe.

369 4400 477 4458 concil.
490 4398 584 4473 aliqui
597 4405 716 4458 tantum
727 4399 840 4476 gradus
855 4406 1053 4459 numerantur
1069 4420 1076 4458 :
1090 4402 1188 4475 quoad
1203 4407 1338 4473 cataros,
1354 4401 1387 4458 tit
1401 4399 1543 4458 remissio

370 4487 408 4546 ad
423 4493 537 4548 veteres
555 4503 696 4548 canones.
713 4491 742 4547 S.
769 4491 890 4563 Gregor.
910 4504 980 4548 aum
998 4489 1103 4566 buglis
1122 4505 1227 4551 recens
1248 4490 1404 4550 conversis
1421 4489 1543 4562 dispeu-

370 4578 447 4638 sarit
464 4579 496 4636 in
510 4580 598 4638 tertio
614 4587 644 4638 et
657 4585 764 4654 quarto
778 4579 884 4654 gradu.
905 4583 947 4640 De
962 4581 1061 4655 poenis
1077 4582 1207 4642 incestas
1225 4581 1348 4655 nuptias
1364 4579 1542 4640 contraben-

372 4669 447 4728 tium
461 4669 559 4727 dieam
575 4669 663 4728 intra.
