3500 5552
406 443 408 454 '
532 458 620 504 ursan
641 459 767 512 ausurus
787 459 1006 507 arcessamus.
1294 443 1350 508 tal

227 571 544 638 Escommunicstus
566 574 707 640 missam
730 576 891 653 audiens,
920 577 999 642 licet
1025 583 1142 662 peccet
1167 578 1355 644 mortaliter

187 685 305 746 contra
318 680 580 764 prohibitionem
591 682 756 761 Ecclesiae,
772 685 901 752 nullam
916 691 1031 752 tumen
1044 704 1183 771 poenam
1200 687 1351 762 incurrit,

186 805 265 850 cnm
272 787 365 854 nulla
376 787 494 872 injure
506 788 550 853 sit
557 789 686 856 latallt
695 791 865 870 vitandus,
876 793 933 877 qui
945 793 1167 858 admonitusa
1178 793 1353 859 sacerdote

186 899 224 958 ut
239 897 388 961 exeatab
400 897 552 976 ecclesia,
565 899 702 965 nolebat
720 901 823 978 exire,
838 919 964 966 novam
980 900 1082 966 ubam
1093 901 1286 967 incurrebat
1298 920 1354 965 ex·
1387 931 1389 936 v

185 1005 529 1072 communicationem
538 1005 636 1090 Papae
645 1013 865 1087 reservatam,
878 1027 954 1074 exc.
966 1008 1046 1088 Eos,
1058 1009 1091 1072 h.
1103 1014 1140 1086 t.,
1153 1014 1187 1074 et
1194 1008 1295 1073 Clem.
1307 1009 1352 1088 b,

186 1111 261 1178 eod.
278 1113 351 1188 tit.;
375 1112 436 1178 sed
455 1113 527 1180 baec
553 1114 859 1182 excommunicatio
884 1134 954 1182 non
978 1116 1113 1182 videtur
1134 1122 1298 1184 renovata
1318 1117 1353 1181 in

185 1220 425 1286 constitutione
439 1220 637 1311 Apostolicac
651 1221 760 1288 Sedis.

224 1327 256 1392 2⁰
267 1327 301 1391 Si
312 1329 626 1396 excommunicatus
636 1331 795 1398 vitandus
805 1331 888 1396 velit
897 1333 1055 1397 assistere
1064 1333 1178 1397 missae
1190 1331 1353 1398 etdivinis

185 1435 316 1513 officiis,
327 1437 520 1502 monendus
532 1443 585 1504 est
598 1443 761 1516 utexeat3
775 1441 803 1505 si
813 1458 883 1504 nou
892 1439 1081 1518 nutexira,
1092 1446 1209 1524 posset
1218 1439 1351 1524 expelli,

184 1530 392 1622 vi'adbibita,
414 1546 569 1630 quamvis
588 1547 632 1612 sit
646 1546 798 1624 clericus,
822 1548 983 1632 quiahoc
1001 1550 1040 1612 nt
1058 1548 1101 1614 ad
1121 1548 1354 1614 defensionem

181 1652 425 1733 jurisdictionis
444 1655 677 1722 ecclesiastieae
695 1657 735 1740 (c.
751 1656 903 1737 Veniens,
915 1656 948 1719 b.
967 1657 1015 1740 t).
1031 1657 1064 1722 Si
1078 1663 1193 1722 autem
1203 1675 1266 1722 nec
1279 1675 1355 1740 prc-

184 1761 290 1840 cibus,
308 1781 372 1827 nec
390 1763 425 1827 vi
448 1763 571 1848 expelli
585 1769 708 1848 potest,
725 1782 857 1830 cessare
873 1764 1036 1830 deberent
1049 1764 1159 1830 clerici
1171 1766 1215 1830 ab
1228 1765 1350 1842 cilicio,

185 1869 342 1935 sacerdos
360 1889 381 1936 a
396 1871 570 1948 sacrificio,
588 1871 711 1938 saltem
731 1872 928 1937 sinendum
947 1873 1036 1938 lacta
1055 1879 1108 1937 est
1122 1873 1350 1949 consecrali03

185 1976 213 2040 si
228 1982 343 2044 autem
357 1979 429 2045 haec
442 1981 531 2046 iacta
544 1981 598 2057 sit,
614 1981 802 2046 finiendum
816 1986 869 2045 est
879 1982 1080 2047 sacrificium
1090 1973 1200 2066 usque
1209 1982 1252 2047 ad
1261 1999 1353 2048 com-

184 2085 383 2153 munionem
396 2089 846 2175 inclusivaquiaintegritss
855 2091 1008 2156 sacrificii
1016 2096 1069 2155 est
1079 2091 1120 2156 de
1129 2093 1206 2174 jure
1218 2089 1350 2167 divino;

184 2199 261 2276 post
277 2197 567 2262 communionem
596 2197 768 2264 discedere
793 2198 894 2264 debet
919 2198 1094 2277 sacerdos,
1128 2197 1253 2264 relictis
1277 2198 1351 2265 aliis

184 2304 393 2371 orationibus
408 2311 442 2373 et
455 2306 612 2391 precibus
625 2309 664 2392 (o.
680 2307 714 2372 Is
728 2310 798 2392 qui,
813 2309 846 2372 b.
862 2310 910 2392 t).
923 2308 1104 2374 Adstantes
1115 2309 1218 2374 etiam
1228 2307 1353 2373 debent

183 2414 341 2479 recedere
355 2415 397 2480 ab
414 2415 565 2493 ecclesia,
578 2421 720 2501 excepto
733 2417 889 2482 ministro
902 2417 1125 2493 inserviente;
1142 2433 1251 2494 secus,
1263 2433 1351 2482 com·

182 2523 832 2591 municarentindiviuiscumvitando.
1258 2535 1261 2540 “

222 2629 347 2696 Tamen
370 2651 441 2698 non
464 2633 635 2698 sufficeret
662 2637 701 2696 ut
728 2633 1040 2712 excommunicatus
1066 2633 1225 2699 vitandus
1251 2631 1350 2698 sitin

183 2739 325 2804 ecclesia
347 2741 444 2824 quasi
462 2741 693 2816 materialiter,
718 2740 778 2806 sed
792 2741 975 2825 requiritur
992 2746 1031 2805 ut
1045 2741 1158 2805 missas
1173 2746 1352 2806 censeatur

181 2845 346 2912 interesse
363 2868 371 2910 z
387 2847 478 2934 unde
495 2849 523 2911 si
542 2849 577 2911 in
592 2846 733 2913 ecclesia
748 2847 869 2912 saltem
886 2851 1101 2913 transeunter
1123 2853 1223 2926 esset,
1239 2847 1294 2912 val
1314 2849 1350 2912 in

180 2953 255 3019 loco
275 2955 412 3020 distanti
438 2955 480 3020 ab
504 2955 611 3031 altari,
633 2955 791 3022 sacerdos
809 2972 881 3020 non
901 2960 1075 3020 teneretur
1092 2955 1232 3020 missam
1250 2955 1351 3020 inter·
1433 3017 1436 3026 ,

182 3062 328 3142 mittere,
344 3082 408 3129 nec
420 3063 538 3130 tideles
554 3065 737 3130 discedere.
967 3043 971 3052 ¹

220 3170 252 3232 3⁰
266 3170 585 3238 Excommunioatus
602 3173 743 3257 quilibet
755 3189 826 3238 non
839 3176 1014 3236 teneretur
1023 3170 1067 3236 ad
1076 3169 1245 3254 publicam
1254 3170 1350 3236 hora·

181 3295 258 3342 rum
272 3281 512 3346 canonicarum
527 3281 772 3358 recitationem,
796 3281 824 3346 si
836 3280 967 3345 rationo
988 3279 1099 3356 offleii,
1122 3279 1278 3344 bonelloii
1291 3286 1351 3344 aut

180 3386 401 3468 professionis
415 3389 458 3454 ad
472 3389 537 3455 hoc
551 3380 773 3472 obligaretur:
788 3388 909 3453 eadam
924 3392 977 3452 est
989 3387 1075 3452 ratio
1090 3405 1129 3452 ac
1142 3387 1184 3451 de
1198 3388 1302 3454 missa
1314 3388 1350 3452 in

179 3493 275 3558 iestis
290 3495 468 3563 audienda.
484 3498 528 3561 At
540 3517 610 3564 non
626 3495 838 3580 deobligatur
851 3495 1075 3561 srecitatione
1088 3495 1229 3578 privata,
1244 3513 1350 3579 quum

182 3605 256 3684 ejus
270 3605 422 3670 recitatio
436 3603 565 3670 nullam
578 3607 739 3688 importet
752 3601 1096 3670 communicationem
1108 3601 1145 3666 in
1159 3601 1293 3667 divinis.

220 3709 672 3790 Varumexoommunicatus,
683 3712 842 3796 privatim
855 3709 1116 3787 recitando,non
1129 3708 1349 3774 debetdioere

179 3818 341 3884 Dominus
354 3821 534 3900 vobiscum,
550 3820 611 3887 sod
622 3820 698 3886 loco
711 3819 802 3886 illius
816 3819 904 3886 dicat
919 3819 1070 3895 Domine,
1087 3817 1214 3884 exandi
1227 3819 1350 3882 oran’o-

178 3947 255 3993 narn
269 3947 381 3992 meana
390 3947 404 4008 ;
425 3947 505 3994 narn
519 3929 632 4012 priora
648 3929 753 3993 verba
769 3927 941 4012 pertinent
959 3926 1003 3991 ad
1017 3943 1200 4008 personam
1216 3924 1348 3992 diaconi

175 4041 214 4101 ‘ct
237 4036 432 4114 sacerdotis,
449 4039 488 4100 ut
508 4053 663 4120 personae
681 4034 836 4118 publicae,
856 4039 891 4100 et
908 4034 1251 4100 communicationem
1271 4053 1349 4099 oum

179 4143 416 4210 aliislidelibus
427 4143 628 4226 significant.
641 4141 776 4220 Tamen,
788 4141 1346 4227 sieaproierat,peccatvenialiter,

177 4269 255 4316 cum
269 4253 412 4318 materia
426 4252 470 4316 sit
489 4251 594 4326 lena
618 4267 728 4328 secus,
751 4250 778 4314 si
799 4248 873 4315 illas
892 4267 994 4315 voces
1009 4248 1142 4334 publice
1158 4254 1192 4314 et
1206 4249 1349 4314 solemni

177 4362 244 4426 ritu
256 4363 431 4446 proferret,
447 4361 525 4445 quia
542 4365 621 4426 tunc
636 4364 810 4424 exerceret
831 4365 945 4424 actum
959 4359 1087 4424 ordinis
1108 4348 1213 4436 sacri,
1226 4363 1260 4422 et
1272 4375 1347 4442 pec-

176 4469 465 4535 caretmortaliter
477 4473 577 4553 atqua
592 4469 780 4534 incurreret
791 4468 1084 4550 irregularitatem.
1100 4467 1150 4533 lta
1166 4467 1343 4544 Ronanus,

176 4577 295 4643 Palaus
310 4583 345 4642 et
356 4578 422 4652 alii.
