3514 5564
319 603 323 614 .
380 516 438 582 raa
487 554 490 563 ·
838 535 888 584 rus
911 536 1088 585 aaronem.

377 652 1299 740 tratresconsanguinoicumaororibusconsanguineis,
1312 660 1557 745 qniabeodem

376 768 471 845 patre
491 768 525 828 et
551 762 685 828 diversa
708 769 816 828 matre
838 766 960 846 geniti;
984 767 1107 831 iratres
1128 768 1253 860 uterini
1277 787 1356 834 oum
1379 771 1552 836 sororibus

376 871 530 946 uterinis,
562 871 618 957 qui
647 871 689 936 ab
713 872 843 936 eadem
877 878 985 939 matre
1020 881 1055 939 et
1077 876 1212 941 diverso
1236 883 1332 960 patre
1360 879 1431 942 uati
1459 883 1549 942 sunt.

376 978 414 1042 ln
428 979 460 1042 2⁰
474 978 582 1060 gradu
600 999 606 1041 :
624 979 795 1062 patrueles
818 999 879 1046 seu
894 981 991 1046 liberi
1012 981 1055 1046 ex
1077 983 1252 1060 fratribus,
1276 985 1470 1049 consobrini
1490 1005 1552 1050 seu

375 1085 471 1150 liberi
495 1105 538 1152 es
559 1087 753 1164 sororibus,
779 1088 911 1153 amitini
927 1107 988 1154 seu
1012 1088 1110 1156 liberi
1130 1109 1174 1184 err
1193 1091 1353 1157 fratribus
1376 1098 1411 1157 et
1429 1094 1552 1158 sorori-

375 1195 449 1259 bus.
469 1194 508 1258 ln
528 1195 570 1258 3⁰·
581 1194 687 1277 gradu
706 1215 714 1258 :
730 1195 950 1278 patruelium,
973 1197 1257 1264 consobrinorum
1277 1205 1312 1263 et
1330 1201 1551 1265 amitinorum

374 1301 487 1380 liberi;
501 1302 537 1367 hi
556 1303 591 1367 in
612 1304 712 1368 tertio
735 1307 769 1367 et
788 1303 938 1370 seeundo
958 1305 1068 1387 gradu
1086 1308 1260 1372 communi
1275 1309 1415 1374 nomine
1435 1308 1551 1372 dicun-

374 1415 429 1476 tur
448 1410 586 1476 sobrini.
608 1409 647 1474 ln
668 1409 701 1472 4⁰
717 1409 825 1492 gradu
848 1416 953 1475 sunt:
974 1413 1195 1495 patruelium,
1217 1416 1501 1482 consobrinorum
1517 1420 1551 1482 et

374 1520 593 1585 amitinorum
608 1525 751 1602 nepotes
771 1524 806 1585 et
826 1526 957 1605 neptes.
975 1519 1038 1587 Per
1053 1541 1234 1588 ascensum
1248 1543 1331 1590 vero
1346 1525 1382 1588 in
1396 1526 1427 1588 t⁰
1442 1524 1551 1606 gradu

373 1633 454 1692 sunt
471 1629 576 1693 irater
597 1632 631 1692 et
652 1644 767 1704 soror;
790 1627 826 1691 in
849 1628 883 1691 2⁰
900 1629 1010 1709 gradu
1033 1649 1040 1691 :
1063 1635 1206 1714 patruus
1226 1649 1287 1696 seu
1306 1633 1411 1714 patria
1433 1633 1548 1708 irater,

374 1738 478 1802 amita
490 1737 595 1820 patris
609 1754 716 1812 soror,
732 1735 922 1801 avunculus
938 1756 999 1802 seu
1017 1739 1136 1802 matris
1154 1741 1269 1814 irater,
1290 1744 1474 1806 matertera
1489 1759 1550 1806 seu

373 1841 491 1903 matris
511 1858 624 1916 soror;
650 1841 772 1922 quibus
794 1840 829 1904 in
857 1839 979 1904 eodem
1001 1841 1110 1922 gradu
1135 1843 1345 1926 respondent
1366 1863 1474 1927 nepos
1495 1842 1552 1910 vel

373 1949 485 2030 neptis
504 1968 547 2012 ex
565 1950 667 2030 tratre
683 1953 742 2014 aut
756 1965 884 2012 sorore.
902 1948 939 2011 ln
953 1949 986 2011 3⁰
1001 1949 1109 2030 gradu
1130 1955 1210 2014 sunt
1226 1970 1233 2012 :
1249 1969 1396 2032 magnus
1408 1957 1550 2036 patruus

374 2075 435 2122 seu
450 2059 505 2122 avi
519 2058 652 2141 paterni
666 2059 780 2135 trater,
797 2076 924 2140 magna
940 2058 1045 2122 amita
1060 2077 1122 2124 seu
1141 2059 1195 2124 avi
1210 2061 1343 2143 paterni
1358 2079 1464 2137 soror,
1481 2079 1550 2126 ma-

372 2186 462 2248 gnus
484 2167 673 2234 avunculus
693 2187 755 2234 seu
775 2169 829 2234 avi
845 2168 992 2233 materni
1015 2169 1131 2247 irater,
1152 2187 1277 2251 magna
1291 2175 1475 2236 matertera
1488 2189 1550 2236 seu

373 2278 429 2344 avi
442 2279 588 2342 materni
603 2296 714 2355 soror;
736 2295 812 2362 quae
831 2278 974 2342 nomina
993 2278 1096 2342 etiam
1115 2277 1328 2361 applicantur
1341 2280 1501 2344 iratribus
1516 2285 1551 2344 et

372 2381 547 2451 sororibus
567 2385 651 2451 aviae
672 2392 823 2470 paternae
845 2390 880 2450 et
898 2391 1082 2450 materna:
1100 2404 1181 2450 nam
1196 2387 1232 2450 in
1246 2387 1311 2451 boc
1326 2387 1426 2452 tertio
1440 2387 1547 2468 gradu

372 2499 579 2559 concurrunt
595 2495 630 2558 in
645 2493 736 2558 linea
749 2493 938 2558 masculina
951 2494 1055 2557 frater
1070 2497 1106 2557 et
1122 2512 1220 2559 soror
1238 2495 1291 2558 avi
1305 2495 1449 2578 paterni,
1466 2495 1549 2558 item

367 2603 475 2668 trater
496 2607 531 2668 et
555 2619 652 2668 soror
674 2603 759 2668 aviae
782 2605 945 2685 paternae,
972 2607 1007 2665 et
1029 2602 1064 2664 in
1088 2601 1179 2667 linea
1199 2603 1365 2667 feminina
1388 2605 1493 2666 irater
1515 2607 1550 2666 et

372 2729 468 2776 soror
481 2710 537 2776 avi
549 2711 705 2786 materni,
722 2711 805 2774 item
822 2710 927 2774 frater
945 2714 979 2772 et
994 2726 1090 2774 soror
1105 2710 1190 2774 aviae
1205 2715 1384 2787 maternae;
1402 2729 1547 2794 quorum

372 2819 527 2883 omnium
538 2819 679 2882 uomina
689 2835 759 2881 non
771 2817 949 2894 habemus,
966 2815 1026 2880 sed
1035 2817 1264 2900 propinquum
1279 2836 1341 2901 pro
1356 2817 1546 2901 propinquo

371 2944 586 3010 usurpamus.
612 2925 669 2990 llis
695 2927 731 2990 in
759 2925 881 2992 eodem
909 2926 1018 3007 gradu
1045 2926 1314 3010 correspondent
1340 2933 1547 3010 pronepotes

371 3040 406 3100 et
428 3040 611 3119 proneptes
636 3053 679 3100 ex
701 3034 804 3098 tratre
833 3037 892 3098 aut
915 3051 1042 3099 sorore.
1068 3032 1107 3099 In
1126 3034 1160 3097 4⁰
1182 3035 1290 3116 gradu
1318 3040 1370 3100 est
1400 3053 1547 3116 magnus

369 3147 574 3226 propatruus
589 3161 650 3208 seu
664 3143 861 3224 abpatruus,
877 3142 942 3206 hoc
956 3145 1018 3218 est,
1030 3141 1128 3206 abavi
1143 3143 1276 3224 paterni
1290 3143 1405 3219 fratem
1420 3161 1547 3224 magua

369 3251 538 3335 proamita
556 3270 618 3316 seu
639 3250 801 3326 abamita,
827 3250 893 3313 hoc
914 3253 976 3325 est,
994 3249 1092 3314 abavi
1110 3250 1243 3332 paterni
1263 3267 1376 3326 soror;
1398 3268 1546 3332 magnus

368 3358 621 3442 proavunculus
639 3375 700 3422 seu
714 3355 958 3432 abavunculus,
974 3357 1040 3422 hoc
1055 3360 1122 3432 est,
1140 3357 1238 3421 abavi
1257 3358 1403 3421 materni
1421 3355 1544 3433 irater3

370 3486 496 3549 magna
517 3471 764 3550 promatertera
778 3485 840 3530 seu
859 3467 1095 3540 abmatertera,
1115 3465 1257 3542 honest,
1279 3465 1377 3530 abavi
1401 3466 1545 3530 materni

371 3591 477 3639 soror.
512 3573 637 3638 Eadem
663 3571 804 3637 nomina
829 3572 1042 3656 applicantur
1068 3572 1164 3636 fratri
1190 3578 1225 3636 et
1255 3573 1364 3638 sorori
1383 3575 1468 3638 avias
1487 3593 1545 3657 pa-

371 3686 476 3746 ternae
496 3685 531 3746 et
554 3681 639 3746 aviae
658 3686 839 3756 maternae,
864 3679 943 3744 licet
961 3679 997 3742 in
1020 3678 1148 3761 linguis
1167 3679 1359 3744 vernaculis
1377 3681 1545 3762 significa·

370 3791 480 3856 tiones
498 3791 571 3854 istas
586 3808 765 3875 perperam
780 3789 985 3874 quandoque
1012 3787 1275 3854 contundantur.
1293 3787 1350 3852 His
1371 3789 1407 3853 in
1423 3790 1545 3855 eodem

362 3897 478 3980 ¹gradu
499 3897 767 3980 correspondent
785 3897 971 3981 abnepotes
991 3901 1025 3962 et
1043 3897 1208 3980 abreptas
1230 3914 1274 3960 ex
1293 3897 1396 3962 tratre
1414 3903 1473 3963 aut
1492 3916 1546 3963 so-

369 4026 456 4072 rore.

407 4116 539 4200 lteputu
552 4117 594 4179 3⁵.
618 4115 681 4181 Pro
699 4115 791 4180 linea
810 4119 1004 4180 transversa
1022 4113 1182 4198 inaequali
1199 4136 1206 4179 ε
1225 4139 1240 4172 a
1257 4111 1475 4180 collaterales
1495 4118 1546 4178 tot

368 4225 529 4308 gradibus
541 4227 630 4289 inter
643 4244 680 4290 se
697 4225 833 4301 distant,
850 4230 935 4308 quot
947 4224 1108 4305 gradibus
1124 4224 1288 4289 remotior
1302 4223 1436 4288 distata
1454 4241 1546 4286 oom-

368 4335 464 4398 mnni
488 4335 620 4418 stipite;
645 4359 661 4392 s
684 4351 766 4396 nam
788 4352 831 4398 ex
849 4331 1100 4398 collateralibus
1114 4349 1184 4396 nou
1203 4336 1318 4414 potest
1339 4330 1425 4396 atter
1447 4330 1545 4395 alteri

369 4460 444 4505 esse
458 4441 691 4524 propinquior,
708 4459 811 4525 quam
827 4441 870 4503 sit
883 4439 1095 4523 propinquus
1111 4439 1217 4522 stipiti
1231 4458 1252 4504 a
1266 4457 1334 4524 quo
1351 4439 1544 4504 communis

369 4550 508 4629 sanguis
531 4549 691 4624 trabitur;
716 4565 797 4628 ergo
821 4565 962 4612 necesse
984 4551 1037 4610 est
1057 4553 1095 4610 ut
1110 4547 1275 4611 remotior
1296 4547 1339 4611 ad
1354 4565 1455 4611 suum
1470 4564 1545 4627 gra-

369 4659 451 4722 dum
470 4657 581 4722 trahat
601 4655 896 4739 propinquiorem;
911 4654 991 4720 licet
1007 4655 1043 4718 in
1064 4655 1374 4738 dispensationibus
1394 4654 1545 4737 inaqua-
