3514 5564
374 469 435 538 tte
831 487 884 536 ras
904 485 1086 534 monarcus.

376 605 517 674 moniali
527 623 705 691 nunquam
718 607 881 672 uansitiu
896 623 970 670 rem
977 605 1165 690 judicatam
1178 603 1261 688 (cap.
1272 604 1302 678 7,
1313 601 1354 668 de
1365 601 1459 669 Seat.
1475 611 1508 667 et
1517 621 1553 668 re

372 716 476 798 jud).
494 715 591 792 Quod
606 715 634 779 si
647 734 690 779 ex
703 715 906 798 impotentia
921 713 1112 797 respectiva
1134 713 1391 777 matrimonium
1409 711 1554 776 dissolu-

377 828 451 888 tum
467 829 529 900 est,
550 830 584 888 et
597 823 720 889 deinde
741 829 904 908 appareat
923 823 1014 908 quod
1028 821 1152 887 mulier
1162 823 1253 886 coire
1269 821 1378 904 possit
1394 839 1474 884 cum
1487 820 1552 885 alio

377 934 451 997 viro
472 932 628 1015 ejusdem
647 934 877 1018 proportionis
894 939 928 998 et
948 931 1205 1016 complexionis,
1222 931 1349 1015 pariter
1362 930 1457 1013 prius
1485 947 1554 992 ma-

378 1041 577 1106 trimonium
602 1043 865 1108 restaurandum
891 1047 954 1120 est,
973 1043 1053 1126 quia
1074 1046 1109 1107 et
1133 1041 1188 1106 hic
1210 1058 1306 1104 error
1326 1045 1379 1104 est
1407 1040 1496 1114 iacti,
1520 1045 1555 1102 et

375 1149 542 1232 Judicium
562 1151 675 1234 reipsa
693 1151 828 1216 falsum.
843 1152 890 1216 Ne
905 1169 988 1216 vero
1012 1167 1056 1216 cx
1077 1149 1300 1215 dissolutione
1322 1147 1554 1213 matrimonio-

377 1275 455 1320 rum
479 1261 575 1323 tanta
597 1257 814 1324 incommoda
838 1262 1035 1342 sequantur,
1059 1258 1237 1342 episcopus
1259 1257 1419 1322 omnibus
1443 1254 1554 1319 modis

378 1370 523 1431 conetur
536 1365 697 1431 inducere
713 1371 846 1448 partem
862 1365 1088 1449 impotentem
1102 1365 1146 1430 ad
1158 1367 1354 1446 ingressum
1367 1362 1552 1444 religionis,

379 1473 459 1558 quia
485 1491 548 1556 per
580 1473 684 1556 hujus
708 1472 957 1556 professionem
990 1472 1164 1538 vinculum
1189 1472 1398 1538 matrimonii
1421 1471 1496 1546 rati,
1526 1469 1554 1534 si

379 1577 470 1664 quod
486 1581 615 1656 subest,
632 1579 848 1656 dissolvetur,
861 1584 896 1644 et
907 1581 1023 1645 omnia
1037 1580 1552 1663 incommodapraecavebuntur.

418 1687 757 1771 Resp.3.1mpotens
779 1705 823 1752 ex
842 1687 971 1770 judicio
990 1685 1146 1752 Ecclesia
1171 1686 1372 1766 declaratus,
1389 1687 1417 1750 si
1433 1685 1554 1751 deinde

379 1814 458 1864 cum
481 1796 547 1862 alia
568 1793 755 1872 contrahat,
777 1814 857 1860 reus
879 1801 931 1862 est
953 1796 1106 1880 perjurii,
1134 1800 1169 1861 et
1187 1815 1270 1861 mox
1293 1815 1315 1861 a
1338 1813 1429 1861 nova
1450 1811 1555 1858 uxore

380 1904 591 1988 separandus
613 1909 676 1980 est,
692 1904 765 1968 sive
785 1922 867 1969 vere
887 1905 931 1968 sit
944 1905 1087 1986 frigidus
1102 1909 1162 1969 aut
1176 1921 1219 1968 ex
1241 1903 1307 1969 alia
1327 1921 1431 1968 causa
1450 1904 1557 1984 impo-

381 2017 468 2089 tens,
490 2012 562 2076 sive
583 2029 654 2076 non
673 2013 713 2094 (c.
735 2013 806 2076 tet
826 2013 875 2076 tin
889 2013 924 2076 h.
949 2015 1003 2094 t.);
1026 2031 1107 2078 nam
1131 2013 1159 2076 si
1179 2030 1260 2077 vere
1280 2016 1333 2076 est
1357 2011 1499 2093 frigidus
1523 2014 1557 2073 et

380 2121 562 2203 impotens,
588 2119 720 2184 laborat
744 2119 990 2204 impedimento
1018 2103 1221 2196 dirimente'3
1242 2121 1372 2184 sivero
1395 2137 1465 2183 non
1493 2121 1554 2191 est,

381 2233 518 2292 tenetur
532 2227 765 2308 redintegrare
787 2227 983 2310 praecedens
1005 2227 1273 2304 matrimonium,
1297 2227 1363 2291 nisi
1376 2245 1463 2290 uxor
1485 2228 1558 2309 jam

379 2315 503 2400 luisset
529 2339 666 2399 mortua
691 2354 698 2398 :
723 2353 790 2418 quo
814 2353 896 2400 casu
919 2335 972 2400 vir
999 2336 1118 2401 tandiu
1141 2337 1290 2419 separari
1310 2335 1428 2410 dehet,
1452 2335 1559 2399 donec

381 2442 483 2526 plene
511 2443 634 2526 probet
659 2441 843 2507 Ecclesiam
870 2443 905 2506 iu
937 2443 1041 2528 priori
1074 2443 1203 2527 judicio
1228 2443 1335 2508 tuisse
1365 2442 1556 2525 deceptam,

384 2569 489 2635 seque
507 2569 582 2615 esse
598 2555 786 2634 potentem.

423 2658 523 2742 Resp.
539 2657 571 2720 t:
595 2657 726 2722 Dantur
746 2658 897 2742 quinque
912 2675 1011 2723 casus
1029 2657 1065 2722 in
1084 2658 1207 2742 quibus
1224 2658 1421 2741 praecedens
1445 2657 1560 2722 matri-

384 2767 539 2831 monium
567 2783 638 2830 nou
665 2769 886 2840 restauratur,
926 2765 990 2830 etsi
1017 2765 1125 2830 altera
1155 2785 1233 2849 pars
1270 2765 1470 2831 naturaliter
1502 2765 1561 2828 ilat

384 2880 507 2960 potens
524 2895 531 2936 :
548 2873 579 2938 1⁰
604 2875 632 2938 si
655 2875 857 2956 impotentia
877 2874 1010 2939 sublata
1031 2880 1084 2938 est
1105 2893 1167 2958 per
1190 2893 1313 2940 verum
1340 2873 1559 2948 miraculum3

385 2984 418 3048 2⁰
437 2983 466 3047 si
482 2981 615 3046 sublata
629 2986 681 3045 est
694 2999 756 3064 per
774 2985 885 3046 artem
896 2983 1083 3063 magicam3
1099 2983 1132 3046 3⁰
1147 2983 1174 3047 si
1193 2983 1395 3067 impotentia
1408 2983 1473 3046 tuit
1492 3001 1562 3048 res·

385 3092 530 3176 poctiva,
555 3091 634 3174 quia
658 3087 731 3155 haec
753 3090 955 3175 plerumque
989 3093 1102 3157 obstat
1134 3092 1242 3158 valori
1270 3097 1427 3176 respectu
1457 3091 1561 3173 hujus

385 3217 564 3284 personae;
592 3199 626 3263 4⁰
655 3199 684 3263 si
711 3198 914 3281 impotentia
937 3177 1003 3264 fult
1031 3207 1169 3266 causata
1193 3219 1237 3265 ex
1264 3200 1452 3277 maleficio,
1484 3199 1562 3282 quia

386 3309 459 3374 haec
483 3309 712 3374 communiter
735 3313 788 3374 est
811 3314 944 3375 tantum
967 3313 1157 3394 respectiva
1182 3312 1321 3376 obstans
1347 3311 1426 3375 huic
1450 3308 1562 3374 matri-

387 3417 525 3493 monic;
549 3418 582 3480 5⁴³
603 3416 632 3480 si
653 3415 776 3482 mulier
797 3418 840 3481 ob
854 3417 1093 3482 arctitudinem
1109 3419 1263 3501 professa
1281 3423 1334 3483 est
1346 3417 1560 3500 religionem,

387 3523 467 3589 licet
482 3523 604 3588 deinde
620 3529 782 3608 appareat
794 3525 1034 3590 arctitudinem
1054 3546 1125 3591 non
1145 3527 1249 3592 tuisse
1276 3533 1488 3611 perpetuam,
1503 3524 1563 3588 sed

391 3631 635 3716 temporalem3
666 3631 746 3714 quia
774 3632 948 3698 vinculum
975 3634 1182 3700 matrimonii
1223 3653 1285 3718 per
1314 3634 1563 3718 professionem

391 3738 596 3804 dissolutum
611 3742 663 3803 ost
679 3739 732 3821 (l).

390 3917 422 3972 V.
438 3915 585 3980 Quomodo
599 3915 781 3982 maleficium,
797 3930 830 3970 or
842 3930 898 3984 quo
912 3919 1029 3974 causata
1043 3920 1086 3974 est
1099 3919 1276 3987 impotentia,
1291 3921 1367 3975 llcttc
1382 3923 1441 3976 tolli
1455 3920 1564 3987 possiti

433 4065 532 4148 Resp.
558 4065 589 4130 t⁰
604 4064 804 4130 Adhibenda
817 4071 898 4131 sunt
911 4068 1025 4134 media
1044 4069 1230 4153 spiritualia
1243 4089 1264 4136 a
1278 4071 1347 4135 lieo
1367 4077 1402 4135 et
1420 4070 1566 4137 Ecclesia

392 4173 436 4240 ad
456 4171 624 4237 tollendas
645 4172 837 4256 praestigias
856 4175 1023 4254 ordinata,
1039 4182 1078 4240 ut
1093 4177 1262 4242 invocatio
1277 4177 1332 4241 SS.
1349 4177 1518 4243 Trinitatis
1532 4186 1567 4244 et

392 4280 427 4344 Β.
445 4280 481 4345 V.
499 4278 693 4345 stallorum
707 4285 867 4360 sanctor,
882 4300 972 4366 aqua
988 4288 1023 4348 et
1035 4282 1109 4348 aliae
1125 4303 1179 4348 res
1196 4285 1393 4362 benedicte,
1415 4285 1565 4369 reliquiae

393 4394 601 4463 sanctorum,
626 4388 770 4471 jejunia,
798 4389 978 4466 confessio,
995 4394 1202 4470 communio,
1226 4399 1288 4458 etc.
1316 4394 1347 4456 9⁰
1367 4393 1566 4460 Maleficium

425 4535 460 4599 (tt
470 4533 564 4593 Quoad
573 4533 685 4586 modum
697 4533 858 4599 procedendi
870 4534 899 4585 in
909 4535 995 4586 causis
1005 4537 1252 4601 matrimonialibus,
1263 4539 1324 4590 ride
1335 4543 1420 4591 const.
1436 4541 1481 4590 Det
1492 4541 1567 4591 miae

394 4611 504 4673 ratione,
517 4613 547 4660 29
562 4624 623 4661 nov.
640 4611 711 4673 riu,
727 4609 825 4662 Benad.
839 4611 902 4662 xiv.
