3508 5568
367 559 408 624 aa
827 579 877 624 sus
897 577 1075 625 cauomcms.

366 693 1535 782 consensuscontrabentium,nonveroparentum:numliberi,quoad
1611 749 1615 756 .

366 798 551 882 spiritualia
565 803 600 864 11
614 797 816 864 1111111111
831 803 949 876 status,
967 815 1036 864 non
1052 799 1198 864 subsunt
1209 800 1327 884 patrie
1342 804 1503 884 potestati
1528 824 1534 866 :

367 910 457 974 uude
472 911 576 976 etiam
585 907 755 994 sponsalia
764 909 838 974 eine
848 927 1018 974 consensu
1031 909 1135 993 patria
1147 910 1232 975 inita
1243 909 1446 994 regulariter
1457 918 1538 978 sunt

367 1018 493 1096 valida,
521 1023 662 1102 excepto
686 1035 766 1084 casu
798 1036 864 1103 quo
888 1017 1146 1082 matrimonium
1169 1018 1314 1084 iniretur
1340 1038 1419 1084 cum
1441 1022 1536 1102 gravi

367 1129 499 1194 oflensa
515 1128 643 1212 patris:
670 1131 750 1192 tunc
764 1129 867 1204 enim,
893 1145 972 1191 cum
996 1126 1187 1208 obligarent
1209 1127 1252 1193 ad
1275 1127 1401 1212 aliquid
1423 1127 1537 1194 illicite

367 1235 549 1318 agendum,
566 1254 636 1302 non
657 1241 774 1302 essent
790 1234 912 1301 valida.
929 1235 1044 1318 Neque
1068 1241 1165 1319 pater
1178 1235 1259 1302 talia
1277 1236 1448 1321 sponsalia
1465 1237 1538 1302 irri-

305 1341 312 1354 '
367 1350 438 1410 tare
450 1350 573 1428 potest,
595 1344 674 1430 quia
694 1343 812 1428 patriae
831 1344 991 1426 potestati
1014 1362 1084 1409 non
1107 1345 1330 1428 praejudicent
1342 1345 1385 1426 (S.
1405 1346 1536 1422 1.,11,

366 1476 397 1540 q.
416 1455 485 1534 tttl,
501 1473 532 1522 a.
554 1453 767 1538 1111111171).

402 1614 453 1674 llis
465 1613 656 1674 nonobstant
669 1629 735 1673 cau.
747 1612 1319 1686 1,11111111,1111111111.
1331 1618 1376 1685 ³0,
1392 1630 1422 1687 q.
1434 1620 1495 1685 5,c.
1509 1619 1536 1685 ³,

365 1700 423 1771 Qut
444 1700 579 1759 matum.
603 1713 702 1758 11111.
719 1711 769 1772 pr.
789 1699 820 1755 ln
837 1697 872 1756 de
885 1697 1014 1771 nuptio,
1029 1697 1049 1754 l.
1069 1700 1110 1768 ll,
1133 1699 1233 1770 llvlll,
1253 1697 1285 1756 li.
1305 1697 1341 1757 de
1358 1700 1415 1760 ltit.
1439 1707 1537 1774 nupt,

366 1804 434 1847 nam
445 1789 515 1862 jura
528 1788 626 1846 civilia
640 1788 698 1846 boc
712 1802 772 1845 uon
784 1791 929 1846 curantur
939 1806 947 1846 :
957 1801 1166 1846 canonesvero
1176 1788 1537 1848 recteconciliauturcum

365 1877 433 1938 aliis
445 1877 577 1951 juribus,
591 1877 719 1936 dicendo
733 1875 855 1950 nuptias
869 1877 934 1936 sine
949 1890 1103 1936 consensu
1117 1877 1211 1950 patris
1226 1893 1287 1938 uon
1301 1893 1369 1938 esse
1388 1879 1538 1953 legitimas

365 1973 417 2026 aut
425 1968 524 2041 justas
538 1967 637 2044 quoad
647 1967 832 2026 honestatem
843 1971 872 2025 et
881 1965 1022 2025 licitutem
1035 1986 1043 2036 ;
1057 1967 1128 2041 quia
1140 1968 1316 2042 regulariter
1330 1974 1403 2028 sunt
1415 1968 1537 2040 illicitae,

365 2064 515 2132 queuntis
535 2057 626 2130 lilius,
646 2062 698 2116 aut
711 2056 773 2116 filia
792 2057 901 2116 omittit
919 2062 971 2116 aut
987 2058 1152 2118 contemnit
1167 2057 1315 2132 judicium
1333 2066 1490 2135 paternum
1505 2061 1536 2118 in

365 2155 457 2206 ratam
473 2147 569 2224 gravi.

404 2327 504 2412 Resp.
527 2328 558 2390 1.
579 2325 678 2392 Pater
697 2324 740 2390 ad
760 2329 892 2390 certum
914 2324 1172 2390 matrimonium
1196 2343 1324 2408 cogens
1347 2327 1456 2394 illium
1479 2336 1538 2395 aut

364 2435 480 2514 liliam,
496 2453 558 2520 per
572 2453 608 2500 se
631 2435 781 2516 graviter
793 2436 911 2516 peccat
927 2453 935 2510 3
958 2451 1040 2498 nam
1063 2433 1151 2498 tollit
1162 2432 1300 2516 plenam
1313 2433 1504 2502 libertatem
1518 2457 1538 2503 a

362 2549 440 2630 jure
462 2561 670 2621 concessam,
688 2547 740 2607 est
758 2561 861 2607 causa
880 2542 1028 2607 tristium
1054 2549 1241 2608 eventuum
1264 2564 1307 2609 ex
1318 2548 1537 2612 matrimonio

364 2661 481 2720 coacto
503 2652 798 2737 consequentium.
825 2652 897 2717 Non
921 2657 1037 2717 tamen
1052 2653 1193 2717 incurrit
1217 2657 1538 2722 excommunicatio-

365 2782 446 2828 nem
458 2764 563 2828 latam
578 2761 707 2842 a'lrid.,
723 2761 871 2841 111111,
886 2780 914 2826 c.
932 2762 962 2840 9,
979 2762 1020 2826 de
1031 2762 1107 2845 lies.
1125 2771 1239 2840 matr,
1251 2763 1344 2830 inam
1358 2765 1404 2830 ibi
1423 2783 1536 2831 sermo

366 2877 418 2936 est
434 2877 568 2937 tantum
588 2870 629 2937 de
648 2871 796 2936 dominis
814 2869 1056 2953 temporalibus
1072 2875 1106 2935 et
1119 2871 1373 2956 magistratibus
1388 2873 1430 2938 ad
1444 2879 1537 2938 certa

364 2981 582 3047 matrimonia
608 2979 819 3062 cogentibus.
850 2978 884 3042 Si
907 2983 1023 3043 tamen
1050 2978 1138 3044 adsit
1165 2981 1407 3062 urgentissima
1435 3001 1538 3048 causa

365 3091 514 3156 maxime
528 3089 609 3155 boni
633 3087 768 3173 publici,
785 3106 818 3153 v.
842 3106 876 3169 g.
891 3092 1031 3170 propter
1049 3088 1177 3154 bonum
1199 3089 1301 3172 pacis,
1324 3087 1437 3155 licebit
1449 3091 1536 3174 patri

365 3197 474 3262 fllium
488 3203 549 3263 aut
560 3195 665 3262 illiam
681 3195 884 3282 compellere
899 3193 943 3260 ad
956 3199 1066 3261 certas
1079 3198 1224 3280 nuptias,
1239 3215 1318 3262 cum
1332 3198 1369 3261 in
1383 3197 1442 3264 tali
1456 3217 1536 3264 casu

366 3304 463 3371 liberi
477 3311 660 3372 teneantur
672 3305 760 3389 patri
775 3303 924 3370 obedire.

405 3414 505 3499 Resp.
519 3413 548 3478 3.
566 3412 668 3478 Filius
683 3413 719 3477 in
733 3411 965 3478 contrahendo
980 3412 1198 3478 matrimonio
1212 3412 1333 3478 nolens
1348 3417 1444 3500 sequi
1458 3434 1536 3481 con·

367 3523 481 3588 silium
506 3529 566 3588 aut
586 3527 794 3606 praeceptum
817 3519 933 3604 patris,
960 3538 1030 3585 non
1052 3525 1165 3604 potest
1190 3521 1267 3586 ideo
1290 3521 1496 3588 exhaeredari
1527 3543 1535 3586 :

367 3649 448 3696 nam
464 3649 564 3696 casus
591 3631 655 3694 iste
675 3646 746 3695 non
769 3632 971 3693 numeratur
989 3627 1026 3690 in
1044 3627 1126 3691 Nov.
1149 3629 1219 3706 lib,
1237 3647 1309 3712 cap.
1330 3631 1359 3693 3.
1381 3631 1433 3694 An
1454 3648 1536 3694 vero

367 3738 409 3805 (11
420 3737 683 3824 jurestatutaric
692 3736 768 3803 talis
780 3734 1008 3801 exhaeredatio
1021 3734 1077 3800 vel
1090 3735 1177 3801 dotis
1191 3738 1328 3819 negatio
1340 3737 1454 3804 induci
1462 3757 1537 3824 pos·

366 3849 421 3926 sit,
445 3845 600 3912 dubitant
610 3845 676 3909 bb.
691 3844 853 3927 Negative
867 3844 1083 3908 subscribunt
1097 3845 1194 3922 libb,
1212 3845 1316 3930 Sylv.,
1329 3847 1424 3923 Nan,
1437 3846 1534 3924 6111,

365 3956 497 4034 (lovan,
519 3955 655 4031 Sanch.,
675 3953 792 4029 Gobat,
810 3957 873 4017 eto.
894 3951 1074 4017 Alilrmant
1087 3951 1191 4030 aaa,
1205 3953 1286 4031 Set,
1301 3955 1427 4038 leym„
1439 3955 1534 4032 zoes,

365 4062 526 4129 Scbmalz.
546 4061 666 4139 etalii,
692 4080 838 4147 quorum
861 4061 1031 4126 sententia
1052 4061 1187 4126 videtur
1204 4062 1398 4148 probabilis,
1416 4063 1536 4128 saltem

364 4189 426 4256 pro
440 4171 497 4236 illo
517 4189 599 4236 casu
618 4189 686 4254 quo
701 4170 828 4254 nuptiae
847 4167 1095 4234 contrabuntur
1111 4188 1189 4235 cum
1209 4171 1364 4253 personis
1388 4171 1536 4253 indignis

365 4284 400 4344 11
413 4279 547 4355 vilibus,
573 4296 654 4342 nam
670 4282 835 4342 statutum
853 4277 943 4341 istud
963 4278 1206 4342 cohonestatur
1222 4279 1266 4343 ob
1280 4277 1462 4344 utilitatem
1478 4298 1536 4362 pu-

274 4367 277 4375 ’
364 4385 497 4464 blicam,
515 4405 558 4451 11
578 4385 718 4468 sanguis
735 4383 876 4450 illustris
895 4384 1173 4462 commaculetur,
1195 4385 1370 4451 discordiae
1391 4392 1537 4452 111111-

365 4493 442 4586 dala
460 4495 623 4571 oriantur,
639 4499 677 4557 ut
697 4493 890 4558 reverentia
907 4491 1093 4576 liberorum
1118 4511 1199 4574 erga
1220 4500 1378 4576 parentes
1401 4512 1537 4560 conser-

364 4609 473 4679 vetur,
489 4603 615 4666 abusus
631 4607 665 4666 et
680 4600 853 4665 temeritas
869 4599 1035 4664 libertatis
1049 4601 1275 4681 restringatur
1293 4621 1300 4663 :
1319 4607 1353 4666 et
1367 4601 1414 4667 ita
1428 4603 1537 4668 fertur

365 4709 539 4792 practicari
553 4709 588 4772 in
603 4709 785 4782 Lusitania,
802 4708 954 4782 bavaria,
971 4713 1034 4772 etc.
1059 4707 1125 4772 Nec
1139 4707 1174 4770 iu
1188 4709 1253 4774 hoc
1269 4727 1350 4775 casu
1365 4710 1536 4775 saecularis
