3482 5560
531 597 618 642 mesu
638 595 1003 650 ournrusnncusrarruu.
1297 578 1359 642 uis

186 715 276 779 tibus
290 715 399 798 juris;
416 717 530 778 textus
548 714 775 798 supranotati
792 712 978 797 respiciunt
994 711 1107 796 potius
1124 713 1289 777 beneficia
1303 713 1359 778 vel

52 837 55 846 ·
186 825 421 888 coemeterium
439 841 622 889 commuue
641 822 806 900 ildelium,
824 841 926 907 quam
941 820 1119 887 ecclesiam
1132 821 1357 897 materialem,

187 931 242 997 vel
256 932 449 1016 sepulerum
462 933 647 1016 proprium,
666 951 728 996 seu
744 934 802 1016 Jus
817 931 1011 1015 sepulturae.
1059 981 1061 986 .

163 1055 165 1060 ’
227 1042 253 1122 c)
273 1039 457 1106 Praebenda
478 1060 539 1106 seu
561 1042 776 1116 beneficium,
797 1045 836 1104 ut
856 1045 909 1105 est
926 1043 984 1123 jus
1003 1039 1210 1123 percipiendi
1228 1041 1359 1106 fruetus

188 1147 403 1232 temporales,
424 1166 495 1214 non
512 1153 627 1232 potest
642 1148 746 1212 vendi
765 1149 849 1213 citra
866 1148 1049 1212 simoniam
1062 1147 1150 1231 juris
1170 1148 1358 1214 naturalis:

188 1257 236 1320 ita
255 1256 448 1321 communis
469 1256 639 1320 sententia
657 1260 776 1321 contra
798 1243 964 1339 quosdam
985 1255 1140 1320 volentes
1159 1273 1234 1322 esse
1259 1256 1359 1321 simo·

188 1364 281 1430 niam
291 1367 424 1428 tautum
431 1364 518 1445 J'nris
530 1353 758 1428 ecclesiastici.
771 1361 910 1428 Constat
920 1381 963 1428 ex
971 1363 1074 1429 variis
1084 1362 1219 1446 juribus
1230 1363 1315 1446 (can.
1328 1363 1359 1439 8,

187 1489 290 1536 causa
303 1471 333 1546 l,
345 1490 377 1553 q.
389 1470 420 1548 3,
429 1452 503 1536 can.
515 1471 535 1534 9
548 1471 834 1554 ejusdemcausae‚
847 1475 934 1552 eto).
944 1470 1041 1536 Ratio
1052 1475 1114 1547 est,
1130 1471 1363 1556 quiasimonia

185 1581 273 1662 juris
292 1580 456 1645 naturalis
478 1585 531 1645 est
550 1579 689 1644 violatio
710 1578 761 1643 rei
780 1597 884 1643 sucrae
903 1598 965 1664 per
983 1579 1234 1656 venditionem
1259 1598 1362 1664 porro

190 1690 373 1773 praebendu
386 1694 437 1755 est
449 1708 505 1754 res
520 1707 615 1754 sacre
626 1679 829 1766 connexius,
846 1689 1015 1772 siquidem
1032 1690 1233 1754 auctoritate
1251 1689 1362 1773 papali

189 1818 325 1864 annexa
339 1803 392 1864 est
405 1797 517 1864 cilicio
532 1795 708 1881 spirituali,
725 1799 823 1880 cujus
837 1797 980 1879 proinde
996 1801 1048 1862 est
1058 1797 1300 1864 accessorium.

193 1891 194 1894 ¹
228 1907 323 1972 Idem
342 1907 524 1974 dicendum
538 1909 591 1971 est
606 1906 738 1989 dejure
754 1911 967 1992 patronatus.

558 2151 576 2224 ξ
590 2151 625 2210 11.
639 2149 790 2224 decretio
807 2151 980 2210 simcnneo.

231 2349 264 2434 u)
277 2350 430 2416 Alterum
444 2351 704 2418 constitutivum
718 2350 872 2417 simoniae
887 2356 941 2417 est
952 2349 1111 2436 pretium,
1134 2349 1225 2436 quod
1238 2351 1363 2436 injure

190 2440 352 2526 canonico
373 2459 535 2544 appellari
555 2458 643 2525 solet
660 2477 803 2536 munus3
822 2460 913 2525 undo
934 2479 1060 2525 munus
1080 2459 1135 2524 hic
1155 2479 1225 2526 non
1246 2459 1363 2543 accipi-

193 2575 247 2634 tur
261 2589 324 2653 pro
342 2569 433 2635 dono
454 2569 601 2649 liberali,
617 2569 678 2634 sed
691 2587 753 2653 pro
771 2570 885 2654 abque
907 2588 950 2635 ex
967 2571 1100 2654 justitia
1119 2570 1366 2636 commutativa

193 2679 317 2744 debito.

230 2788 299 2854 Hoc
318 2807 422 2854 sensu
436 2807 563 2853 munus
582 2793 635 2854 est
652 2788 785 2873 triplex,
799 2789 899 2872 juxta
919 2806 992 2874 cap.
1015 2785 1107 2856 Sunt
1125 2788 1291 2866 nonnulli,
1312 2788 1362 2866 bt,

192 2898 333 2974 causat,
346 2917 378 2981 q.
390 2897 407 2961 l
423 2917 430 2960 :
442 2898 473 2961 l⁰
483 2897 762 2972 Munusomonu,
771 2915 833 2979 per
844 2896 1139 2980 quodintelligitur
1145 2899 1289 2982 pecunia
1297 2897 1365 2963 late

141 3071 147 3077 ,
192 3008 329 3089 sumpta
345 3022 407 3088 pro
426 3004 520 3070 omni
539 3023 575 3068 re
594 3003 712 3069 mobili
731 3003 787 3069 vel
805 3003 973 3068 immobili
990 3005 1099 3089 pretio
1121 3004 1312 3070 aestimabili
1331 3010 1366 3069 et

191 3114 228 3178 in
246 3113 391 3178 alterum
412 3112 629 3178 uunsteribili
648 3133 657 3175 ε
678 3112 721 3178 ad
735 3113 801 3178 boc
820 3131 902 3195 ergo
920 3118 1125 3179 revocentur
1138 3113 1241 3178 etiam
1260 3112 1365 3178 debiti

193 3222 316 3293 solutio
331 3221 388 3287 vel
406 3221 585 3287 solutionis
600 3221 715 3287 dilutio
731 3227 790 3287 eut
806 3222 1011 3306 anticipatio.
1030 3222 1063 3286 2⁰
1076 3221 1201 3288 Munna
1220 3221 1262 3286 cb
1276 3220 1367 3286 obse-

193 3333 283 3416 quio,
299 3332 390 3415 quod
405 3335 457 3395 est
470 3329 699 3394 ministerium
713 3330 952 3414 quodcumque
967 3349 1029 3396 seu
1044 3331 1221 3395 servitium
1236 3333 1367 3412 tempo-

192 3439 262 3504 rale
278 3459 322 3503 ex
337 3438 470 3522 Justitia
484 3436 730 3520 prestandum,
747 3443 786 3502 ut
799 3437 968 3515 famulari,
985 3438 1124 3520 negotiu
1138 3455 1276 3519 gerere,
1286 3436 1367 3504 scri·

193 3548 285 3624 bere,
311 3551 374 3612 etc.
402 3545 572 3614 3⁰Monne
590 3565 612 3610 o
633 3545 773 3630 lz'npna,¹
790 3547 880 3632 quod
902 3552 955 3612 est
974 3566 1076 3612 omne
1097 3565 1206 3629 genus
1225 3563 1366 3630 precum

196 3654 444 3738 temporalium,
459 3654 612 3732 laudum,
627 3655 977 3732 commendationum,
993 3659 1162 3739 quatenus
1180 3675 1224 3721 ex
1240 3654 1367 3738 obliga-

195 3764 287 3830 tione
307 3765 395 3828 liunt
409 3764 452 3830 ad
470 3764 695 3830 obtinendum
715 3765 899 3849 spirituale,
921 3766 978 3830 vel
992 3765 1034 3832 ad
1050 3766 1366 3850 compensationem

194 3892 255 3956 pro
275 3872 333 3938 illo
353 3875 504 3938 obtento.
529 3874 672 3939 Necesse
692 3878 844 3956 astorgo
866 3878 904 3938 ut
923 3873 1065 3940 collator
1084 3879 1182 3958 pacto
1206 3873 1366 3959 quopiam

196 3999 357 4064 expresso
379 3980 435 4046 vel
456 3981 557 4047 tacito
575 3982 731 4047 intendet
751 3982 900 4064 obligare
919 3982 1024 4047 ulium
1044 3982 1088 4048 ed
1109 4000 1227 4065 preces
1248 3999 1310 4065 pro
1330 3999 1367 4046 se

196 4089 398 4166 tundendas,
416 4088 472 4154 vel
491 4090 817 4169 commendationes,
834 4095 915 4167 ete.;
932 4109 1002 4156 non
1024 4091 1150 4155 suflicit
1168 4089 1311 4174 proinde
1329 4093 1370 4152 ut

108 4265 111 4272 ,
198 4198 273 4280 quis
289 4201 470 4264 moveatur
487 4199 644 4280 precibus
663 4198 706 4263 ad
730 4199 880 4264 dandum
899 4197 1083 4283 spirituale.
1106 4197 1241 4263 Minime
1262 4197 1368 4262 ambi-

196 4323 304 4387 guum
328 4309 381 4371 est
404 4305 487 4390 quin
507 4325 634 4371 munus
656 4326 677 4372 a
696 4325 801 4372 manu
823 4307 1008 4374 constituat
1033 4307 1182 4393 pretium
1206 4306 1367 4372 simonia·

196 4431 285 4478 cum.
303 4413 351 4479 De
361 4413 435 4480 aliis
449 4433 530 4497 ergo
546 4416 723 4500 speciebus
734 4420 890 4501 superest
901 4418 1084 4500 agendum.

237 4521 270 4606 b)
282 4522 407 4589 Munus
422 4543 444 4588 u
459 4525 578 4608 linquo
598 4531 631 4588 et
650 4525 804 4610 obsequio
822 4527 999 4592 constituit
1016 4527 1195 4592 materiam
1214 4541 1275 4591 seu
1293 4542 1368 4610 pre*

198 4629 284 4696 tium
298 4632 464 4712 simoniae,
482 4632 668 4698 dummodo
686 4651 813 4699 munus
827 4633 910 4699 illud
925 4638 1107 4718 praestetur
1120 4652 1163 4698 ex
1179 4634 1291 4700 debito
1306 4651 1368 4700 seu

144 4797 146 4804 ,
200 4739 611 4826 exobligutionejustitiae,
623 4748 662 4807 ut
675 4742 757 4808 dum
770 4743 997 4809 intuituillius
1012 4743 1111 4812 detur
1124 4739 1298 4826 spirituale
1312 4739 1369 4812 vel
