3388 5582
370 567 454 612 senis
475 563 661 637 rrosromen
682 565 817 614 oscanru
839 570 876 615 ac
897 551 1151 618 oacuunurrouas.
1291 551 1351 636 688

176 681 344 752 electionis
363 681 416 742 sed
439 679 651 755 postulationis
665 680 767 742 uenire
781 687 881 756 potest
895 685 932 744 ad
945 685 1033 746 aliam
1049 686 1222 758 acclesiam;
1236 690 1263 745 et
1278 685 1352 746 irre·

179 774 306 851 gularis,
319 775 369 833 via
381 770 627 848 dispensationis,
642 773 678 832 ed
692 774 813 833 ordines
828 779 857 834 et
870 775 1025 848 beneficia,
1042 782 1098 851 etc.

213 869 342 926 LXXXV.
357 865 537 926 Contractus
550 877 589 922 aa
602 864 794 923 conuentione
813 863 905 940 leuem
927 867 1060 940 accipere
1073 867 1300 942 dignoscuntur,
1317 883 1353 925 ex

173 971 237 1032 reg.
262 960 308 1026 23,
333 955 377 1023 n,
399 953 464 1012 ibi:
494 954 555 1012 lloc
572 953 755 1025 acmoditur,
776 955 854 1030 quod
871 955 958 1014 initia
983 956 1137 1028 conuenit;
1161 957 1254 1031 legem
1273 958 1351 1016 enirn

172 1051 345 1107 contractae
358 1043 449 1104 dedit.
471 1041 599 1101 Nomine
614 1041 688 1118 lepis
702 1045 784 1102 uenit
806 1044 854 1104 bic
869 1046 1062 1120 len'priunta,
1080 1061 1133 1106 seu
1147 1051 1266 1120 pactum
1281 1063 1352 1106 con-

171 1137 278 1195 tractui
304 1134 477 1209 appositum
490 1155 498 1208 ;
526 1134 606 1207 quod
628 1134 750 1208 quidem
773 1141 820 1194 est
840 1143 948 1211 preter
970 1138 1053 1212 leges
1079 1132 1351 1208 communes,'non

171 1218 272 1286 tamen
296 1229 402 1285 contra
421 1224 518 1282 bonos
539 1237 639 1284 mores
659 1243 666 1282 ε
687 1239 715 1282 r.
735 1240 765 1299 g.
787 1225 818 1284 in
837 1227 975 1301 deposito
987 1227 1074 1300 juxta
1085 1227 1136 1301 ius
1151 1241 1260 1285 comm.
1277 1241 1352 1299 praa·

175 1317 284 1378 stando
306 1320 353 1374 est
376 1315 464 1388 culpa
486 1314 545 1372 lata
565 1313 617 1374 :si
638 1315 779 1374 conuenit
798 1320 831 1373 ut
848 1321 1040 1389 prestaretur
1054 1317 1142 1374 etiam
1163 1316 1251 1388 culpa
1277 1316 1351 1374 levis
1443 1309 1446 1315 “

173 1412 226 1466 ant
244 1406 408 1476 levissima,
430 1405 611 1464 servandum
632 1411 695 1476 est,
716 1408 787 1481 quia
802 1413 973 1466 contractus
991 1407 1069 1466 banc
1086 1407 1181 1482 legem
1197 1409 1288 1468 dedit.
1304 1408 1352 1466 Sic

173 1513 190 1556 a
217 1496 462 1556 contrahentibus
487 1495 534 1554 lex
557 1495 672 1569 imponi
691 1501 790 1570 potest
809 1504 843 1556 ut
863 1503 1021 1570 prestetur
1039 1513 1128 1558 casus
1148 1499 1303 1568 fortuitus,
1320 1503 1353 1556 ut

173 1587 311 1644 venditor
332 1587 362 1643 in
386 1601 417 1644 se
438 1585 586 1659 suscipiat
601 1587 767 1658 periculum
782 1587 825 1645 rei
840 1588 978 1660 venditae,
994 1595 1045 1650 aut
1058 1593 1174 1661 emptor
1186 1588 1351 1660 periculum

174 1678 342 1746 evictionis,
358 1682 416 1735 etc.
962 1683 971 1696 ·

210 1767 352 1826 lxxxvi.
367 1768 525 1836 Damnum,
548 1767 626 1841 quod
644 1758 712 1842 puis
727 1782 784 1827 sua
802 1767 889 1841 culpo
909 1770 1010 1839 sentit,
1025 1770 1085 1828 cidi
1100 1767 1194 1839 debet,
1207 1783 1268 1827 nen
1282 1767 1353 1826 aliie
1457 1765 1460 1771 '

174 1857 333 1930 imputare,
350 1871 386 1914 ax
401 1873 464 1932 reg.
478 1861 540 1928 20³,
553 1857 583 1915 tr.
598 1876 605 1914 ε
619 1857 702 1928 Quod
715 1858 782 1932 quie
796 1859 934 1933 exculpe
947 1874 1004 1918 sua
1018 1858 1160 1918 damnent
1174 1859 1276 1928 sentit,
1292 1872 1353 1916 nou

173 1948 355 2021 intelligitur
368 1947 511 2006 damnum
529 1949 654 2008 sentire.
675 1948 724 2006 Sic
738 1947 865 2007 clericos
892 1949 950 2007 sibi
975 1951 1102 2023 imputet
1115 1950 1195 2023 quod
1220 1947 1355 2022 negligat

173 2037 354 2098 beneficium
369 2053 480 2096 vacans
499 2043 598 2110 petora
615 2037 689 2112 [cap.
707 2043 732 2102 2,
754 2039 789 2096 de
802 2039 969 2110 Praetend,
987 2041 1017 2097 in
1033 2044 1081 2108 6⁰).
1100 2038 1240 2098 Similiter
1255 2034 1354 2109 puella

176 2132 282 2202 sponte
296 2128 490 2187 consentiens
504 2127 534 2184 in
552 2128 600 2186 sui
618 2127 853 2198 deflorationem,
869 2134 1044 2202 procurator
1058 2129 1245 2204 negligenter
1260 2139 1353 2200 agens

176 2218 206 2275 in
224 2216 348 2292 judicio,
368 2217 414 2275 vel
430 2222 510 2276 tutor
530 2218 560 2275 in
580 2218 839 2277 administratione
853 2233 954 2278 rerum
970 2217 1174 2291 popillerium,
1188 2215 1258 2273 lieet
1270 2216 1352 2273 dam-

176 2323 249 2366 num
264 2307 428 2370 incurrant,
446 2311 544 2365 tamen
561 2321 620 2364 non
637 2306 847 2381 intelliguntur
861 2309 1004 2368 damnum
1020 2307 1141 2366 sentire.

214 2399 363 2456 LXXXVII.
374 2397 542 2470 lusamiiue
554 2401 652 2470 porta
667 2411 728 2456 nen
740 2405 866 2470 pateant
880 2397 1074 2472 utpnttacum,
1087 2413 1123 2455 ex
1137 2396 1157 2453 l.
1173 2399 1207 2465 ll,
1218 2411 1245 2454 c.
1257 2395 1292 2454 dc
1306 2395 1355 2454 lii-

177 2486 297 2558 unitot,
318 2485 348 2544 in
367 2492 412 2543 12⁰
430 2502 437 2540 ε
452 2487 550 2560 Neque
567 2487 693 2556 fumosis
713 2494 742 2547 et
759 2489 1120 2564 anturnacensium
1137 2493 1190 2548 aul
1204 2487 1275 2548 tritae
1290 2491 1353 2546 tur·

174 2575 278 2647 pitudo
301 2575 450 2648 inperitiae,
467 2581 496 2634 et
510 2591 582 2649 puae
594 2577 724 2648 infamia
739 2578 776 2636 ud
791 2577 985 2638 bonestorum
1000 2585 1074 2638 coetu
1092 2582 1239 2652 segregat,
1256 2577 1353 2651 diani-

177 2665 249 2723 tatio
269 2669 368 2738 parim
385 2663 539 2736 patebunt.
559 2667 594 2720 Et
613 2665 733 2738 quidem
751 2667 881 2739 infamia
895 2671 988 2740 juris,
1012 2683 1079 2742 quae
1095 2683 1113 2726 a
1129 2669 1213 2740 jure,
1234 2667 1280 2724 vel
1301 2681 1354 2740 per

176 2758 354 2816 sententiam
376 2757 489 2830 judicis
512 2756 551 2814 ob
570 2757 682 2814 crimen
702 2758 853 2818 famosum
876 2759 1046 2817 introducta
1068 2760 1124 2827 est,
1147 2761 1290 2828 perpetuo
1309 2771 1354 2812 re-

177 2853 277 2904 movet
294 2861 310 2904 a
326 2845 534 2916 dignitatibus,
556 2849 588 2901 ut
601 2843 639 2902 ab
654 2845 753 2903 allicio
770 2847 894 2922 judiciS,
910 2847 1054 2916 advocati,
1071 2844 1195 2918 praelati,
1212 2849 1280 2912 etc,
1294 2843 1354 2900 nisi

178 2947 195 2992 a
210 2935 344 3007 principe
360 2935 501 3004 tollatur3
521 2939 551 2992 at
564 2927 694 3006 insontia
708 2935 795 3007 sueti,
810 2951 877 3010 quaa
894 2953 931 2994 ex
945 2938 1005 2994 vita
1018 2936 1175 2994 inhonesta
1191 2934 1296 3003 oritur,
1311 2937 1356 2992 est

179 3023 363 3095 temporalis
379 3022 474 3081 donec
491 3037 590 3081 mores
606 3024 795 3100 corrigantur
809 3027 839 3084 in
854 3029 975 3086 melius.

216 3113 382 3170 LXXXVlll.
394 3113 513 3172 Cartenna
526 3117 571 3171 cst
581 3113 658 3186 quod
666 3112 693 3172 ie
704 3117 910 3178 committatin
920 3116 1024 3190 tegern,
1032 3114 1085 3190 qui
1094 3115 1167 3188 lepis
1178 3111 1268 3173 nerlu
1280 3127 1356 3172 corn·

179 3200 319 3272 plectens,
342 3207 447 3260 centra
469 3201 542 3276 lepis
562 3203 675 3263 nititur
695 3203 891 3275 voluntateri,
911 3205 968 3263 hoc
987 3210 1043 3276 est,
1060 3203 1112 3277 qui
1132 3204 1230 3278 legem
1248 3216 1356 3260 secun-

180 3291 252 3349 dum
268 3291 396 3349 litteram
415 3291 563 3363 observat,
581 3294 756 3353 sed'contra
773 3294 956 3354 voluntatem
971 3293 1165 3368 legislatoris.
1181 3291 1229 3349 Sic
1247 3299 1356 3351 usura-

180 3381 255 3451 rius,
272 3397 331 3438 non
353 3383 384 3440 in
400 3382 540 3455 pecunia,
557 3382 655 3441 sedin
675 3384 837 3455 mercibus,
851 3385 987 3444 vestibus
1003 3391 1055 3443 aut
1070 3381 1225 3456 ohsequiis
1246 3394 1355 3439 usuras

180 3471 360 3543 percipiens,
385 3471 448 3547 agit
466 3477 717 3532 contrementem
740 3475 816 3550 legis
838 3475 916 3548 (can.
933 3480 961 3545 3,
976 3474 1122 3547 Plerique,
1150 3474 1193 3540 lt,
1207 3487 1236 3544 q·
1253 3471 1289 3540 3).
1309 3468 1357 3528 Sic

179 3561 268 3620 etiarn
295 3564 456 3636 episcopus
479 3569 508 3622 et
536 3566 696 3637 parochus,
719 3564 831 3639 quibus
859 3565 1031 3638 precipitur
1059 3561 1232 3629 residentia,
1253 3565 1357 3618 contra

180 3659 309 3712 mantem
326 3668 480 3712 sacrorum
496 3669 646 3714 canonum
660 3659 795 3730 egerent,
809 3655 836 3712 si
848 3652 1042 3726 corporaliter
1056 3650 1136 3710 domi
1150 3649 1316 3708 residerent
1330 3653 1358 3706 et

181 3741 312 3800 albolum
328 3755 417 3802 suum
432 3759 492 3802 non
509 3745 762 3804 administrarent.
955 3740 960 3752 '

566 4165 700 4210 EXPLICIT
722 4165 818 4211 tonus
839 4166 974 4212 rubrido.
