3508 5568
392 555 432 620 50
848 571 898 616 rus
921 567 1099 617 eanonicus.
1220 541 1222 546 ’

390 690 424 754 h.
445 691 520 772 tit).
547 685 721 753 Probabile
740 692 857 752 autem
880 693 933 752 est
956 686 1047 772 quod
1076 685 1250 750 dissensus
1272 685 1306 748 in
1324 683 1555 768 ‚impuberum

389 799 508 874 iactus,
526 799 554 862 si
567 797 785 862 continuetur
799 795 834 859 in
848 795 1037 879 pubertate,
1061 792 1206 858 sufficiat
1220 791 1263 857 ad
1277 791 1441 857 solvenda
1455 808 1556 873 spon·

307 971 309 979 ,
390 907 473 972 salia
497 928 504 970 ε
529 906 669 990 quiunt
697 905 745 969 ita
767 903 984 969 continuatus
1010 900 1191 985 aeqnivatet
1213 919 1303 967 novo
1330 900 1500 965 dissensui
1523 899 1557 962 in

388 1015 566 1098 pubertate
582 1011 704 1077 elicito.
871 1001 878 1014 '

428 1123 460 1186 3⁶
471 1119 646 1205 sponsalia
657 1121 820 1202 jurataub
836 1119 1068 1201 impuberibus
1078 1119 1172 1195 inita,
1182 1136 1252 1184 non
1266 1121 1412 1202 possunt
1424 1116 1558 1200 apube-

388 1229 482 1294 ribus
502 1229 640 1296 alterins
658 1246 830 1294 consensu
847 1228 1017 1292 contrario
1033 1224 1173 1291 dissolvi
1190 1247 1197 1289 ε
1214 1244 1243 1291 c.
1260 1227 1310 1302 11),
1326 1225 1367 1290 de
1385 1225 1555 1310 Sponsae,

389 1339 447 1403 ubi
459 1338 545 1404 ratio
561 1338 669 1415 datur,
688 1339 768 1421 quia
781 1318 1010 1421 periculosum
1024 1341 1076 1400 est
1091 1339 1210 1400 sontm
1222 1353 1324 1400 suum
1338 1335 1456 1400 venire
1467 1337 1558 1417 jura·

387 1451 543 1512 mentum
558 1446 650 1530 quod
664 1446 737 1510 sine
753 1442 931 1528 dispendio
952 1443 1071 1508 salutis
1088 1445 1216 1510 servari
1230 1446 1353 1526 potest.
1370 1443 1495 1508 Notant
1511 1447 1558 1506 ta-

387 1573 468 1620 men
482 1555 594 1630 Peren,
611 1554 738 1638 Leym,
755 1552 852 1616 Reid.
870 1556 905 1616 et
918 1551 974 1616 alii
987 1551 1242 1634 dispositionem
1257 1551 1359 1616 istam
1375 1550 1557 1634 procedere

388 1663 429 1728 de
447 1662 680 1748 impuberibus
699 1660 868 1744 pubertati
886 1659 1050 1742 proximis
1066 1661 1119 1743 (1);
1135 1660 1193 1743 qui
1208 1665 1324 1724 antem
1338 1664 1434 1724 erant
1450 1659 1557 1723 inian-

387 1772 441 1835 tiae
464 1770 611 1856 proximi
633 1786 852 1834 communem
876 1771 1022 1851 possunt
1046 1770 1142 1850 sequi
1163 1767 1337 1849 regulam3
1359 1766 1450 1851 quod
1472 1766 1558 1830 sisut

387 1900 407 1945 a
421 1877 646 1967 sponsalibus,
665 1881 828 1960 tanquam
841 1875 1027 1960 principali,
1044 1877 1091 1941 ita
1107 1877 1210 1942 etiam
1225 1879 1465 1960 aJurameutm
1485 1881 1558 1940 tan-

387 2006 489 2072 quam
515 1986 713 2064 assessoris,
739 1983 870 2050 resilire
893 1985 1035 2067 possint.
1060 1985 1103 2047 At
1127 1989 1247 2050 mutuo
1272 1983 1557 2049 consensuambo

386 2096 531 2180 puberes
545 2094 836 2179 sponsaliajuratu
846 2094 1033 2160 dissolvere
1048 2099 1204 2177 possunt,
1219 2099 1257 2158 ut
1271 2093 1399 2159 dictum
1410 2094 1461 2157 tit.
1473 2111 1558 2176 prae-

386 2204 458 2270 ced.
478 2225 511 2269 n.
528 2206 577 2270 26.
1056 2196 1087 2278 ',

425 2313 524 2396 Resp.
547 2313 577 2376 4.
604 2312 786 2378 Promissis
807 2312 1014 2377 matrimonii
1039 2330 1059 2376 a
1083 2313 1212 2396 pubere
1234 2314 1357 2378 infanti
1374 2313 1462 2377 issia
1487 2311 1558 2376 vim

385 2422 488 2487 habet
510 2420 670 2503 simplicis
690 2419 948 2503 promissionis,
970 2419 1017 2484 its
1039 2423 1077 2484 ut
1094 2421 1202 2504 pubes
1223 2421 1411 2504 promissor
1428 2419 1558 2486 resilire

387 2548 457 2594 non
466 2527 624 2612 possit(S.
635 2530 725 2605 Ant,
737 2527 869 2603 Decius,
882 2527 1041 2605 Sancbez,
1057 2531 1144 2605 ets.);
1155 2546 1235 2592 nam
1246 2529 1426 2611 promissio
1437 2529 1558 2592 infanti

387 2639 475 2704 locta
494 2655 564 2701 non
582 2636 724 2720 requirit
737 2635 952 2720 personalem
968 2637 1246 2720 acceptationem,
1264 2638 1325 2702 sed
1339 2639 1381 2702 ab
1395 2637 1468 2720 ipso
1481 2640 1557 2720 jure

388 2746 503 2811 statim
519 2744 805 2828 acceptatur(arg.
821 2743 878 2808 lib.
896 2745 929 2821 V,
946 2763 975 2808 s.
994 2745 1035 2808 de
1046 2745 1223 2830 Emansr'p.
1244 2745 1359 2827 licea).

421 2905 479 2962 Nec
501 2903 621 2979 obstant
641 2901 741 2974 aliqua
764 2901 900 2974 exempla
921 2915 1117 2973 personarum
1141 2902 1305 2961 illustrium
1321 2904 1351 2960 in
1376 2903 1558 2961 contrarium

321 3008 325 3014 ’
387 2995 482 3064 iacta;
504 2994 576 3065 quia
594 2991 726 3065 juribus,
750 3005 811 3049 non
826 2991 985 3064 exemplis,
1004 2992 1202 3065 judicandum
1217 2998 1275 3052 est.
1287 2993 1372 3063 Quod
1384 2993 1410 3051 si
1428 2993 1558 3050 inientes

387 3087 456 3155 post
480 3083 670 3154 septennium
689 3081 922 3152 promissionem
941 3087 1096 3153 acceptent
1115 3087 1145 3140 et
1167 3083 1384 3155 repromittant,
1404 3086 1455 3140 aut
1470 3095 1560 3154 spon-

386 3173 462 3231 salia
482 3177 569 3230 antea
583 3171 712 3230 invalide
723 3171 797 3229 inite
809 3171 967 3242 retificem,
979 3171 1086 3245 adepto
1101 3187 1160 3231 usu
1174 3173 1312 3242 rationis,
1327 3172 1391 3230 baec
1405 3171 1558 3230 convales-

387 3266 470 3334 cunt,
487 3276 521 3320 as
537 3261 564 3320 si
580 3266 650 3334 post
664 3261 855 3334 septennium
871 3261 1003 3320 luissent
1016 3262 1112 3334 primo
1122 3262 1197 3320 inita
1212 3263 1342 3336 (Senem,
1353 3261 1431 3336 eta).

627 3444 658 3496 11.
673 3443 740 3504 Qua
755 3442 792 3495 stt
804 3443 872 3495 etas
886 3441 1013 3507 legitime
1026 3443 1061 3496 ed
1075 3442 1313 3496 matrimonium?

431 3589 531 3676 Resp.
548 3593 577 3655 1.
594 3589 632 3655 ln
646 3589 797 3656 masculo
812 3610 923 3656 annus
939 3591 988 3668 11,
1009 3597 1043 3656 et
1064 3593 1099 3656 in
1113 3593 1240 3657 femina
1255 3595 1304 3670 lu,
1328 3611 1395 3677 quo
1406 3599 1557 3677 tempore

392 3719 412 3766 a
423 3703 500 3783 jure
519 3699 737 3784 praesumitur
758 3699 936 3790 advenisse
955 3700 1127 3782 pubertas,
1153 3718 1213 3764 sen
1228 3700 1381 3784 aptitudo
1399 3700 1442 3766 ad
1456 3718 1559 3782 gene-

392 3806 536 3872 randum
554 3807 594 3888 (s.
616 3807 650 3882 6,
675 3807 714 3871 10
730 3812 765 3872 et
789 3808 824 3871 11
848 3808 880 3871 b.
904 3807 951 3889 1.).
978 3807 1015 3872 ln
1034 3808 1163 3871 femina
1182 3808 1295 3872 minor
1316 3813 1397 3872 aetas
1420 3809 1559 3892 requiri·

392 3919 456 3992 tur,
481 3915 710 3998 qniaiemina,
734 3919 897 3999 tanquam
917 3915 1156 3998 imperfectior,
1182 3915 1281 3982 citius
1304 3916 1476 3994 adolescit,
1498 3935 1557 3980 seu

391 4026 430 4088 111
441 4025 637 4108 viripotens,
655 4029 689 4088 ct
702 4029 781 4108 apta
791 4025 834 4090 sd
848 4031 943 4089 actus
957 4025 1165 4108 conjugales.

430 4132 529 4215 Resp.
545 4132 575 4195 1.
602 4132 635 4195 Si
648 4132 777 4198 malitia
794 4131 949 4215 suppleat
969 4137 1114 4210 aetatem,
1131 4133 1196 4198 hoo
1211 4139 1273 4209 est,
1291 4133 1319 4197 si
1335 4135 1488 4218 aptitudo
1501 4152 1558 4217 ge·

389 4241 531 4304 nerandi
548 4241 735 4322 praeveniat
750 4244 886 4323 tempus
899 4242 1003 4322 ajure
1019 4241 1263 4324 praescriptum,
1280 4240 1373 4308 votet
1383 4245 1558 4308 matrimo-

391 4349 486 4412 nium
499 4354 577 4413 onte
589 4347 672 4413 illud
685 4354 897 4414 contractum
904 4349 941 4431 (c.
950 4350 969 4412 9
978 4351 1071 4431 h..t.),
1083 4349 1224 4433 quiahis
1236 4353 1456 4434 praesumptio
1469 4352 1558 4417 cedit

392 4455 536 4533 veritati,
554 4456 739 4522 dummodo
754 4461 887 4522 constet
901 4456 943 4520 de
963 4456 1020 4520 tali
1034 4456 1218 4522 habilitate.
1238 4457 1273 4520 ln
1294 4459 1407 4536 dubio,
1423 4464 1557 4544 tempus

418 4691 453 4772 (1)
461 4689 512 4742 Alii
525 4695 614 4764 temen
626 4707 680 4746 non
692 4693 835 4746 admittunt
846 4694 917 4746 illum
931 4694 1137 4748 distinctionem.
1147 4695 1212 4748 Vide
1222 4697 1259 4748 De
1271 4697 1378 4762 Angelis
1393 4699 1430 4762 (b.
1447 4703 1466 4749 t.
1477 4711 1507 4752 n.
1520 4700 1556 4764 3).
