3418 5566
328 565 332 576 .
358 506 418 573 336
695 489 696 492 “
817 525 869 572 sus
890 523 1069 573 caromcurs.

399 645 432 707 3⁰
445 643 507 721 Qui
522 642 620 727 Papae
634 643 748 710 renuit
763 646 903 710 subesse
920 649 955 710 et
978 644 1126 720 obedire,
1143 641 1199 709 vel
1220 641 1299 728 qnia
1312 641 1531 727 probabiliter

360 752 467 818 credit
482 752 584 818 talem
599 770 668 818 non
682 771 757 818 esse
772 771 893 819 verum
908 753 1117 830 Pontificem,
1142 751 1199 816 vel
1221 751 1301 835 quis
1323 769 1470 835 persona
1484 751 1531 834 ip-

361 861 431 926 sius
445 860 658 926 videtursihi
679 863 839 945 despecta
862 866 922 927 aut
944 861 1080 937 odioss;
1104 877 1186 925 nam
1204 877 1274 925 non
1289 859 1437 942 denegat
1452 861 1531 924 obe-

360 969 522 1034 dientiam
535 968 698 1047 Pontifici,
717 989 784 1056 qus
797 969 866 1047 tali,
884 970 944 1035 sed
957 974 1091 1036 tantum
1106 969 1186 1054 quia
1204 970 1279 1052 ejus
1301 967 1422 1034 electio
1436 966 1529 1033 vide-

360 1083 415 1143 tur
429 1077 541 1158 dubia,
555 1077 621 1155 vel,
639 1077 674 1142 in
689 1079 839 1146 secundo
854 1098 946 1156 casu,
958 1079 995 1143 in
1009 1078 1126 1144 odium
1142 1082 1177 1143 et
1190 1077 1375 1143 vindictam
1384 1075 1483 1140 illius.

281 1267 285 1276 Α
398 1186 431 1250 4⁰
446 1185 509 1263 Qui
520 1177 646 1270 Papam
660 1204 731 1251 non
744 1188 926 1269 regnoscit,
948 1191 986 1250 ut
1000 1187 1178 1251 dominum
1196 1185 1420 1268 temporalem
1432 1185 1532 1250 alicu·

356 1295 414 1378 jus
428 1296 622 1378 provinciae,
642 1295 698 1360 vel
717 1295 871 1361 nonvult
884 1296 1054 1380 pertinere
1073 1295 1117 1361 ad
1133 1293 1375 1378 rempublicam
1398 1293 1532 1360 civilem

361 1421 464 1487 quam
477 1403 690 1468 constituunt
700 1407 823 1468 caetera
841 1404 996 1469 membra
1009 1401 1177 1468 Ecclesia.

399 1512 431 1574 5⁰
444 1510 732 1576 Excommunicati
746 1528 817 1575 non
832 1515 913 1575 sunt
938 1510 1153 1590 schismatici,
1176 1511 1339 1595 quianon
1357 1529 1378 1576 a
1399 1511 1529 1594 seipsis,

360 1620 420 1686 sed
435 1639 456 1686 a
470 1620 643 1703 superiore
657 1619 856 1686 dividuntur
869 1638 1041 1704 acorpore
1055 1619 1221 1686 Ecclesiae.

459 1855 476 1930 5
491 1856 524 1912 ll.
539 1855 636 1914 Poenoe
648 1855 717 1914 lotar
731 1861 837 1916 contra
850 1854 1057 1916 schismaticos
1069 1857 1116 1916 oet
1129 1856 1281 1916 ordinatos
1293 1855 1331 1915 ct
1346 1856 1430 1930 ipsis.

401 2052 434 2134 α)
450 2051 531 2132 Qua
550 2054 618 2117 siat
632 2072 742 2138 porum
762 2056 841 2120 letas
856 2063 973 2120 contra
989 2057 1076 2142 ipsos
1089 2057 1344 2122 scotomaticos?
1371 2057 1403 2119 1ο
1420 2055 1532 2120 Prima

312 2205 314 2210 -
359 2179 462 2244 poena
476 2166 529 2226 est
540 2163 846 2228 excommunicatio
860 2163 998 2248 speciali
1014 2165 1117 2230 modo
1131 2169 1305 2230 reservata
1319 2164 1351 2228 S.
1368 2163 1531 2238 Pontifici,

361 2274 520 2334 exconst.
538 2270 653 2354 Apost.
671 2270 769 2337 Sedis
791 2277 870 2355 post
898 2272 1025 2338 bullam
1048 2273 1171 2340 Coeaae.
1192 2272 1269 2338 llaec
1293 2277 1409 2336 tamen
1431 2289 1534 2354 poena

360 2393 431 2440 non
443 2378 637 2443 extenditur
650 2379 693 2444 ad
706 2385 910 2464 receptores,
927 2382 1077 2446 lautores
1092 2385 1127 2445 et
1141 2380 1337 2446 defensores
1348 2379 1534 2444 schismati·

360 2503 489 2550 corum.
506 2485 597 2551 Hanc
611 2506 750 2572 poenam
770 2489 948 2554 incurrunt
970 2491 1073 2555 etiam
1096 2489 1144 2553 illi
1161 2515 1177 2548 «
1194 2490 1251 2574 qui
1266 2508 1286 2554 s
1299 2489 1396 2554 Rom.
1422 2485 1534 2552 Ponti-

362 2593 434 2656 sscis
448 2612 510 2677 pro
531 2599 684 2679 tempore
708 2597 884 2662 existentis
902 2598 1096 2664 ohedientia
1113 2598 1329 2682 pertinaciter
1349 2615 1386 2662 se
1405 2596 1535 2660 subtra-

359 2700 447 2764 hunt
460 2701 516 2766 vel
529 2704 694 2767 recedunt
708 2730 735 2781 a,
751 2709 789 2768 ut
799 2704 946 2786 legimus
961 2707 997 2770 in
1011 2707 1113 2771 citata
1126 2710 1233 2772 const.
1252 2710 1344 2788 (sect.
1362 2707 1391 2784 l,
1408 2725 1442 2770 n.
1458 2705 1499 2786 3).

400 2810 432 2872 2⁰
446 2809 560 2876 Altera
574 2830 677 2894 poena
691 2817 745 2876 est
767 2814 963 2880 confiscatio
983 2815 1163 2894 honorum,
1191 2833 1233 2880 ex
1247 2832 1319 2900 cap.
1345 2815 1446 2879 unico
1460 2814 1533 2897 huj.

362 2919 411 2982 ut.
429 2902 464 2983 in
478 2919 521 2983 60.

400 3027 432 3090 3ο
446 3027 639 3095 lnhahilitas
651 3031 693 3095 ad
709 3032 874 3098 beneficia
888 3038 922 3098 et
939 3033 1131 3116 dignitates,
1156 3032 1278 3100 saltem
1298 3034 1327 3097 si
1351 3031 1535 3098 schismati·

177 3211 179 3218 y
241 3121 243 3126 ’
361 3154 421 3200 cus
436 3137 643 3202 sitnotorius
657 3141 696 3222 (c.
715 3141 745 3216 5,
763 3141 951 3226 deliteat).
969 3143 1046 3208 llaec
1053 3143 1245 3208 inhabilitas
1253 3142 1471 3228 probabiliter
1485 3160 1535 3208 re·

360 3249 478 3308 manet
490 3251 568 3328 post
581 3252 753 3329 peractam
766 3250 1003 3331 paenitentiam
1018 3255 1052 3315 et
1067 3251 1257 3316 schismatis
1272 3251 1531 3335 abjurationem,

363 3351 441 3435 quia
454 3352 558 3417 Sedes
572 3352 766 3436 apostoliea
785 3357 957 3440 dispensat
977 3377 1057 3424 cum
1075 3359 1125 3425 eis
1149 3365 1187 3424 ut
1200 3359 1333 3442 possint
1351 3358 1533 3442 dignitates

361 3461 522 3544 recipere.
544 3461 614 3527 llcc
628 3464 757 3528 crimen
770 3466 906 3530 videtur
925 3469 1029 3532 etiam
1047 3487 1165 3534 secum
1187 3470 1320 3534 trahere
1343 3469 1531 3545 iniamiam,

363 3567 483 3632 saltem
493 3570 582 3645 iacti,
592 3587 631 3635 ac
644 3572 798 3654 proinde,
812 3575 911 3656 juxta
922 3574 1049 3658 plures,
1065 3575 1349 3658 irregularitatem
1361 3596 1368 3654 ;
1381 3577 1442 3641 sed
1455 3578 1534 3662 quia

363 3693 432 3738 non
448 3680 501 3740 est
519 3677 660 3742 infamia
678 3680 778 3762 juris,
801 3683 933 3764 ejurato
956 3683 1108 3762 crimine,
1136 3683 1265 3750 tollitur
1283 3685 1531 3766 irregularitas;

362 3782 443 3858 imo,
457 3785 557 3866 juxta
571 3786 742 3852 veriorem
755 3790 972 3866 sententiam,
984 3791 1187 3858 schismatici
1212 3811 1283 3858 non
1306 3798 1387 3857 sunt
1404 3792 1534 3875 irregu-

362 3889 462 3969 lares,
475 3909 554 3956 cum
568 3892 687 3958 nullihi
701 3895 765 3960 hoc
774 3894 909 3978 legatur
922 3899 958 3962 in
969 3901 1048 3983 jure
1056 3921 1067 3994 3
1082 3918 1181 3966 secus
1191 3901 1220 3964 si
1234 3901 1381 3968 schisma
1394 3904 1533 3986 conjun-

364 4004 502 4080 geretur
516 4019 595 4065 cum
608 4001 740 4066 haeresi.
1461 4071 1465 4080 ,

403 4106 436 4170 4⁰
450 4107 595 4174 Privatio
604 4109 849 4192 jurisdictionis
870 4113 1116 4194 ecclesiastica,
1134 4135 1177 4182 ex
1190 4133 1263 4202 cap.
1284 4117 1348 4182 lh.
1365 4123 1389 4182 t.
1407 4123 1441 4183 et
1459 4119 1532 4184 aliis

361 4215 506 4298 juribus,
523 4215 646 4282 otideo
661 4218 854 4285 irritasunt
870 4222 1067 4289 collationes
1086 4225 1341 4311 beneficiorum,
1363 4225 1533 4293 menotio·

365 4341 426 4404 nes
442 4341 569 4402 rerum,
591 4329 653 4388 etc.
672 4326 855 4409 apraelatis
872 4330 1093 4396 schismaticis
1105 4333 1213 4398 iacta.
1234 4333 1299 4399 Sed
1313 4338 1351 4398 ut
1365 4334 1534 4418 ejusmodi

363 4431 508 4515 privatio
533 4432 777 4516 jurisdictionis
801 4437 960 4501 effectum
987 4438 1120 4518 haheat,
1137 4443 1328 4508 necessaria
1342 4447 1395 4508 est
1413 4443 1534 4508 saltem

367 4541 536 4606 sententia
563 4540 782 4612 declaratoria
803 4544 964 4624 criminis,
989 4552 1026 4612 ut
1054 4551 1306 4633 supradictum
1331 4554 1383 4618 est
1403 4551 1444 4617 de
1467 4551 1535 4616 hae·

366 4647 488 4712 reticis.
