3500 5552
407 489 469 556 tit
864 506 917 554 tta
936 503 1118 554 erman

409 623 524 706 grauis
536 627 651 690 metes
669 623 828 706 injustus,
850 623 1062 706 imperfectio
1081 641 1143 687 aen
1162 622 1343 686 altem
1360 627 1468 691 aetus.
1489 621 1590 702 igno

410 729 736 800 sautiaiouincibrlia
757 731 831 796 sire
850 731 941 808 lacti,
964 731 1037 795 sive
1048 729 1148 813 juris.
1169 727 1235 793 Sed
1249 727 1293 791 de
1305 729 1590 812 ignorantiaspe-

410 839 525 906 cistisn
538 837 710 922 agendum
725 843 788 904 est.

452 945 568 1034 ltaque
595 948 628 1014 l·
649 951 781 1014 eertum
806 953 860 1012 est
886 946 976 1030 apud
999 965 1121 1012 omnes
1148 945 1242 1030 qnod
1263 946 1457 1027 ignorantia
1479 945 1589 1010 musis-

411 1055 526 1134 curus,
551 1055 623 1120 sive
647 1055 865 1132 cauillari,
890 1073 923 1120 v.
943 1073 978 1137 g.
1003 1055 1032 1119 si
1053 1055 1186 1120 nescias
1207 1073 1312 1138 quem
1335 1054 1485 1136 percutis
1508 1071 1589 1118 esse

412 1161 583 1240 deridunt,
599 1163 673 1230 rive
690 1163 735 1228 sit
744 1162 844 1246 juria,
861 1181 894 1226 v.
910 1180 945 1244 g.
963 1162 992 1226 si
1007 1163 1140 1228 nescias
1153 1181 1230 1228 esse
1244 1161 1392 1226 uetitum
1405 1161 1469 1226 snb
1483 1179 1590 1244 prena

412 1289 578 1350 censure,
598 1275 740 1338 excusat
752 1271 795 1336 ab
810 1269 905 1336 omni
923 1287 1085 1346 ecnsma;
1100 1270 1236 1336 etenim
1248 1269 1346 1335 deest
1360 1269 1587 1334 contumacia

413 1377 605 1446 Notandum
619 1382 672 1444 eat
686 1395 781 1460 ergo,
797 1376 974 1462 quodsum
993 1379 1118 1442 suldcit
1134 1383 1173 1442 nt
1187 1375 1390 1460 delinquens
1403 1383 1592 1458 cognuscat

413 1495 529 1558 actum
544 1509 621 1560 esse
637 1493 679 1559 ab
699 1491 848 1560 Ecclesia
869 1491 1089 1576 prohibitum,
1115 1491 1176 1558 sed
1199 1509 1341 1558 necesse
1370 1496 1425 1555 est
1443 1497 1483 1556 ut
1504 1491 1593 1556 sciat

415 1597 510 1666 illum
526 1617 602 1666 esse
617 1599 681 1666 sub
694 1617 841 1666 censura
853 1599 1009 1666 vetitum.

453 1709 486 1776 2·
499 1707 635 1774 ouum
650 1713 704 1774 est
724 1708 828 1776 etiam
842 1708 1071 1790 ignorantiam
1093 1707 1297 1786 vincibilem,
1317 1709 1421 1774 etium
1440 1708 1594 1792 graviter

414 1815 628 1902 culpabilem,
647 1815 834 1884 dummodo
848 1835 918 1882 non
937 1815 983 1880 sit
1000 1817 1159 1882 admista
1174 1821 1209 1881 et
1230 1834 1251 1882 a
1267 1816 1401 1882 fortiori
1414 1823 1594 1882 remaneat

414 1925 498 1992 citra
524 1923 703 1992 formatem
734 1921 869 2002 dolum,
895 1942 1069 2002 excusare,
1098 1925 1127 1990 si
1155 1923 1300 1991 addatur
1326 1924 1363 1989 in
1381 1923 1458 2006 lege
1476 1930 1593 1989 certus

415 2031 549 2108 modus,
574 2049 606 2098 r.
632 2049 665 2116 g.
692 2031 749 2116 qui
776 2031 841 2098 boc
868 2032 985 2099 recent
1010 2057 1025 2092 α
1049 2031 1204 2108 scienter,
1229 2030 1398 2108 consulto,
1425 2032 1487 2115 qui
1503 2051 1595 2116 prse-

416 2141 604 2226 sumpserit,
621 2141 683 2225 pui
692 2159 779 2206 ausu
794 2140 1168 2216 temerariovioleuers't,
1185 2146 1248 2206 eto.
1263 2164 1278 2200 ι)
1289 2139 1373 2206 Cum
1386 2141 1493 2206 verba
1505 2138 1594 2222 legis

418 2247 608 2316 sinistricte
624 2247 830 2332 accipienda,
846 2249 901 2314 isti
916 2247 1008 2315 modi
1028 2247 1155 2314 debent
1168 2247 1313 2330 intelligi
1333 2248 1376 2313 de
1399 2249 1595 2330 ignorantia

418 2359 585 2434 affectata,
599 2375 674 2442 qun
689 2355 867 2423 lomualcm
878 2355 994 2423 dolum
1005 2355 1156 2422 includit.
1166 2354 1515 2423 Animadvertendum
1528 2363 1592 2434 est,

419 2465 509 2553 quod
524 2461 736 2550 quadmplex
747 2463 909 2548 distingui
917 2468 1031 2549 potest
1043 2465 1236 2547 ignorantie
1248 2463 1431 2542 vincibilis:
1443 2483 1596 2531 commu-

420 2575 483 2652 nis,
507 2591 622 2640 crassa
640 2589 700 2640 seu
722 2573 853 2657 supina,
877 2573 1034 2640 dilectata
1055 2577 1090 2638 et
1104 2573 1232 2640 dolosa.
1256 2573 1367 2658 Aliqui
1380 2575 1598 2641 contundunt

420 2683 613 2750 aduolutum
636 2699 715 2748 cum
737 2678 873 2758 dolosa3
896 2679 1044 2748 sedilias
1067 2681 1196 2765 specics
1211 2699 1290 2747 cum
1315 2681 1434 2746 multis
1450 2681 1516 2745 bb.
1541 2685 1596 2750 bic

419 2791 671 2874 distinguimus.
689 2787 805 2874 ltaque
822 2789 1017 2874 quaerimus,

459 2901 556 2966 butu
571 2901 763 2984 ignorantie
775 2899 972 2985 simpliciter
985 2901 1143 2967 affectata
1157 2905 1307 2978 excuset,
1326 2903 1354 2966 ei
1374 2921 1521 2969 censure
1534 2905 1598 2970 im-

421 3009 530 3096 posita
542 3009 586 3074 sit
600 3009 770 3076 «scienter
781 3033 796 3066 »
811 3008 1052 3092 peccantibus?
1070 3007 1182 3076 Primo
1197 3009 1369 3075 sententia
1380 3013 1600 3078 communior

422 3115 522 3204 (uprud
538 3117 569 3182 S.
593 3115 675 3200 lig..
693 3115 758 3194 vti,
774 3115 826 3200 ld)
840 3121 953 3198 negat,
974 3122 1046 3181 tum
1063 3115 1143 3200 quic
1158 3117 1231 3181 haec
1245 3119 1438 3200 ignorantie
1456 3119 1600 3186 includit

423 3225 538 3292 slulrun
553 3221 743 3296 turibulum,
760 3226 833 3288 tum
856 3225 936 3309 quie
950 3223 1132 3308 aequivalet
1149 3226 1310 3291 scientio.
1334 3227 1448 3293 Altera
1462 3233 1601 3294 senten-

424 3335 478 3410 tia.
497 3349 598 3420 quam
612 3335 731 3398 tenent
744 3331 903 3408 Snncben
919 3331 1055 3410 Bonae„
1068 3331 1243 3410 stimant,
1258 3339 1335 3410 ete,
1348 3335 1506 3412 ntssrmut,
1520 3337 1602 3420 quia

423 3441 615 3522 ignorantia
628 3439 786 3506 dilectata
798 3440 832 3504 in
847 3439 959 3523 rigore
975 3458 1046 3507 non
1059 3445 1112 3506 est
1125 3443 1283 3522 scientim
1297 3461 1398 3528 porro
1415 3444 1603 3528 requiritur

423 3549 571 3626 scientia,
597 3567 675 3616 uum
700 3551 822 3632 agutur
848 3545 889 3616 de
913 3549 1052 3616 scienter
1081 3551 1309 3634 peccantibus.
1343 3550 1474 3634 Negant
1496 3553 1603 3618 etiam

424 3657 511 3724 ltauu
524 3655 750 3738 ignorantiam
764 3655 937 3723 inuludcre
959 3657 1076 3723 dolum
1097 3658 1293 3735 formalem
1317 3659 1507 3726 includeret
1528 3665 1603 3727 tan·

427 3771 498 3832 tunt
522 3765 712 3843 virtualem,
734 3784 812 3832 cum
832 3765 888 3832 ille
909 3767 967 3852 qui
992 3766 1065 3833 vult
1082 3769 1240 3850 ignorare
1258 3775 1297 3834 ut
1311 3768 1452 3835 liberius
1470 3778 1601 3853 peccet,

427 3873 1030 3959 slotrtuustretaliquasurerereutium
1046 3895 1128 3958 erga
1141 3876 1265 3960 legem.
1283 3878 1400 3944 «Hanc
1413 3878 1603 3946 secundam

427 3981 634 4048 susstuntieur
653 4001 722 4050 uon
735 3983 845 4050 audeo
861 3983 972 4051 dicere
989 3985 1260 4070 improbabilem,
1277 3987 1401 4052 dicits.
1416 3987 1485 4070 big.
1498 3988 1531 4070 (1.
1549 3995 1603 4068 c),

428 4091 489 4160 sed
505 4091 622 4176 prinrn
637 4091 747 4175 magis
757 4093 925 4170 ludheren,
941 4093 1062 4162 saltem
1077 4101 1115 4162 ut
1128 4098 1365 4163 communiori.
1386 4126 1402 4156 η

467 4199 499 4265 t·
523 4199 572 4264 bu
597 4199 788 4282 igriorautia
810 4201 983 4282 uisscidils's,
1003 4221 1074 4270 nun
1093 4223 1260 4271 excusans
1279 4223 1300 4270 a
1318 4207 1464 4279 mortali,
1486 4217 1605 4291 posset

428 4327 786 4381 errtssutuaceusura.
795 4313 822 4378 si
831 4312 888 4380 lex
898 4311 1107 4398 simpliciter,
1117 4335 1178 4382 seu
1189 4316 1604 4402 aineullomodoadjecto,

429 4419 549 4484 ittissut
562 4417 651 4486 lutat
664 4419 840 4490 Sesrtuutia
853 4425 1079 4502 communior,
1096 4445 1200 4511 quam
1215 4429 1506 4512 tenantlnpmnn
1521 4427 1607 4494 Sua-

428 4545 496 4599 rua.
521 4527 554 4592 S.
577 4527 661 4610 lig..
688 4535 765 4599 etr..
790 4537 904 4612 neget.
930 4533 1010 4617 quia
1032 4533 1090 4598 six
1110 4535 1258 4601 inveniri
1274 4543 1388 4621 potest
1412 4537 1606 4619 ignorantia

428 4635 580 4717 glutitur
591 4635 767 4720 culpabilis
779 4657 855 4724 quar
871 4659 940 4706 nou
952 4641 997 4706 sit
1009 4659 1140 4715 errasse:
1155 4663 1271 4711 crassa
1285 4647 1379 4711 enim
1392 4646 1531 4710 evenire
1544 4664 1606 4729 po
