3482 5560
413 520 472 590 iid
875 539 925 590 tus
947 538 1126 590 aaronem.

449 665 556 722 Verum
576 663 612 722 ad
634 661 783 722 secundas
797 667 825 721 et
842 661 1000 721 ulteriores
1020 660 1142 732 nuptias
1166 657 1246 732 quod
1273 658 1389 727 attinet,
1413 669 1482 715 cum
1497 657 1533 715 de
1555 672 1588 714 re

412 759 519 828 agatur
536 768 604 828 quae
618 753 847 814 dilllcnltatibus
870 768 905 812 ac
928 752 1085 812 fraudibus
1107 750 1186 809 baud
1202 763 1270 808 raro
1291 755 1339 806 est
1354 747 1496 818 obnoxia,
1518 747 1587 804 binc

413 845 520 902 Sancta
534 843 625 904 Sedes
647 843 753 904 sedulo
772 843 898 913 curarit,
914 842 1004 901 niodo
1019 839 1288 901 constitutionibus
1309 838 1512 913 generalibus,
1531 851 1588 895 saa-

412 934 482 1006 pins
493 939 592 994 aumm
608 934 765 1008 responsis
779 933 811 992 in
826 932 949 992 casibus
965 930 1197 1006 particularibus
1211 929 1300 999 datis,
1316 935 1350 1010 ut
1358 927 1482 987 libertas
1492 941 1588 986 noras

410 1024 534 1097 nuptias
551 1024 674 1084 incundi
690 1024 732 1084 ita
744 1024 854 1097 cuique
873 1023 957 1082 salva
972 1027 1064 1092 esset,
1080 1026 1114 1078 ut
1133 1019 1276 1094 praedicta
1289 1017 1470 1077 matrimonii
1485 1017 1587 1076 unitas

409 1113 442 1172 ia
456 1114 619 1173 discrimen
634 1128 695 1172 non
710 1113 917 1173 adduceretur.

446 1202 517 1262 lade
536 1203 701 1264 constituta
718 1217 873 1262 sacrorum
889 1216 1051 1273 canonum,
1066 1200 1190 1275 quibus,
1208 1205 1242 1260 ut
1253 1199 1322 1273 quis
1343 1199 1440 1273 possit
1458 1198 1537 1258 licite
1549 1199 1586 1256 ad

410 1293 470 1353 alia
481 1297 549 1352 rota
563 1293 701 1364 transire,
717 1293 848 1367 exigitur
864 1291 945 1364 quod
960 1291 997 1349 de
1019 1295 1112 1349 morte
1137 1289 1278 1365 conjugis
1300 1295 1380 1349 certo
1395 1294 1522 1358 constet,
1543 1288 1587 1347 uti

411 1397 475 1457 cap.
489 1383 642 1452 bacinos,
664 1382 700 1442 de
720 1381 859 1440 secandis
872 1381 998 1454 nuptias,
1016 1380 1062 1438 vel
1077 1380 1157 1453 quod
1173 1380 1209 1438 dc
1223 1380 1290 1453 ipsa
1309 1385 1404 1439 morte
1427 1381 1589 1453 recipiatur

411 1478 526 1532 ceetom
540 1473 695 1542 nuncium,
711 1471 755 1530 uti
776 1471 807 1528 in
823 1485 888 1547 cap.
907 1473 943 1529 ln
951 1471 1127 1544 presentia,
1143 1470 1380 1543 desponsalibus
1394 1469 1590 1529 eteootrimo

410 1564 484 1622 ιιιῖι.
505 1563 576 1622 lade
595 1563 683 1621 etiam
698 1576 735 1620 ea
756 1575 823 1634 qum
845 1560 1036 1634 explanatius
1061 1560 1220 1619 traduntur
1238 1561 1267 1617 in
1290 1560 1489 1618 instructione
1513 1558 1589 1617 Cum

411 1651 499 1722 otios,
522 1657 553 1711 m
572 1650 695 1726 augusti
716 1653 796 1720 lotii,
818 1664 836 1708 a
858 1650 1007 1708 Clemente
1026 1651 1049 1708 X
1071 1649 1186 1710 sancita
1208 1649 1282 1706 etin
1303 1649 1433 1708 Bullario
1456 1651 1590 1706 Romano

409 1741 535 1813 inserta,
549 1755 642 1814 super
657 1739 794 1800 examine
804 1738 926 1798 testium
941 1753 994 1811 pro
1011 1739 1212 1798 matrimoniis
1227 1737 1440 1797 contrahendis
1455 1738 1487 1796 in
1506 1735 1591 1795 curia

410 1833 474 1890 limi
492 1832 595 1890 sicarii
615 1830 703 1890 Urbis
721 1836 751 1889 et
766 1834 942 1889 ceterorum
963 1829 1195 1888 ordinariorum.
1215 1829 1339 1888 Maxime
1353 1843 1422 1886 vero
1437 1841 1505 1900 quae
1521 1839 1590 1898 pro-

409 1921 480 1996 pius
494 1922 531 1980 ad
546 1936 608 1982 rem
619 1921 759 1980 facientia
775 1917 817 1978 ibi
832 1919 982 1978 habentur
997 1934 1028 1978 n.
1043 1924 1078 1978 it
1090 1924 1120 1978 ct
1132 1923 1173 1978 13.

447 2008 553 2068 Etbaec
558 2008 690 2082 quidem
705 2007 824 2067 abunda
835 2007 1010 2066 sufficerent
1025 2007 1063 2078 si,
1079 2007 1111 2065 in
1125 2006 1272 2081 ejusmodi
1284 2005 1387 2065 causis
1398 1964 1591 2079 peragendis,

412 2097 586 2156 omnimoda
600 2104 630 2156 et
643 2096 783 2156 absoluta
795 2097 942 2155 certitudo
957 2096 993 2154 de
1008 2096 1132 2156 alterius
1144 2097 1284 2172 conjugis
1298 2095 1381 2154 obitu
1392 2093 1495 2152 haberi
1511 2107 1592 2152 sem-

411 2203 464 2260 per
478 2192 598 2261 posset;
613 2186 665 2245 sed
682 2201 751 2245 oum
765 2186 795 2244 id
808 2200 869 2244 non
885 2187 987 2246 sinant
1002 2201 1128 2245 casuum
1144 2183 1494 2259 propemoduminiinitaa
1507 2183 1592 2242 vices

410 2277 501 2352 (quod
514 2277 666 2350 sapienter
680 2275 919 2334 animadversum
934 2281 979 2335 est
993 2273 1025 2334 iia
1040 2275 1160 2334 laudata
1185 2274 1383 2334 instructione
1397 2273 1446 2331 his
1463 2271 1563 2330 verbis
1581 2289 1591 2330 τ

410 2369 444 2428 Si
458 2373 558 2428 tomen
573 2363 749 2438 bojamundi
763 2365 935 2424 testimonio
950 2363 1058 2424 bobert
1070 2365 1379 2440 adamantinasque
1395 2363 1593 2437 Conprepatio

409 2475 471 2518 ooo
484 2455 616 2517 intendit
629 2455 785 2514 excindere
799 2455 877 2516 olias
889 2455 1169 2530 mutationesque
1184 2453 1297 2528 dejure
1304 2453 1454 2513 commoni
1463 2459 1595 2526 possent

410 2547 542 2616 admitti,
562 2545 718 2604 dommodo
731 2544 872 2618 legitimae
886 2545 949 2604 sint
964 2550 993 2603 et
1002 2545 1207 2618 arefacientes),
1232 2543 1379 2618 sequitur,
1403 2541 1482 2617 quod
1507 2548 1592 2600 stan·

410 2635 493 2694 tibus
506 2635 575 2694 licet
588 2633 745 2708 principiis
760 2634 951 2708 generalibus
966 2635 1154 2707 prostitutis,
1169 2633 1249 2693 haud
1265 2648 1332 2692 raro
1342 2647 1433 2692 casus
1448 2631 1595 2690 eveniunt

411 2723 442 2780 in
464 2721 576 2795 quibus
596 2721 870 2781 ecclesiasticorum
894 2720 1059 2794 praesidum
1076 2721 1191 2795 judicia
1209 2721 1320 2780 harere
1340 2720 1439 2780 solent
1460 2722 1491 2778 in
1519 2734 1594 2778 vera

408 2811 551 2885 Justaque
574 2810 749 2884 probatione
772 2811 980 2885 dignoscenda
998 2825 1033 2869 ac
1052 2811 1226 2882 statuenda;
1245 2811 1304 2869 imo
1324 2826 1379 2885 pro
1400 2807 1594 2868 summa'illa

411 2901 551 2959 facilitate
570 2915 637 2975 quaa
659 2906 743 2959 etate
762 2906 866 2960 nostra
883 2902 962 2959 iacta
981 2906 1028 2959 cst
1045 2900 1263 2960 remotissimas
1289 2915 1426 2973 quasque
1448 2899 1593 2973 regiones

411 2989 551 3059 adeundi,
564 2989 595 3046 in
610 3003 716 3048 omnes
731 2988 792 3048 fere
807 2989 889 3047 orbis
905 2996 1006 3061 partes
1019 2987 1158 3046 homines
1173 2989 1360 3063 divagemur,
1377 2987 1524 3062 ejusmodi
1540 3001 1594 3045 ca-

411 3094 501 3138 suum
516 3079 677 3137 multitudo
692 3077 766 3136 adeo
781 3079 941 3149 succrevit,
957 3084 988 3136 ut
1005 3077 1243 3151 frequentissimi
1259 3078 1315 3137 hac
1330 3078 1366 3136 de
1382 3093 1414 3136 re
1430 3078 1467 3136 ad
1483 3091 1593 3150 supre-

409 3169 576 3228 mambanc
588 3167 1035 3242 congregationambabeantur
1046 3182 1270 3239 recursuS,non
1280 3169 1444 3241 sineparro
1455 3168 1591 3243 partium

410 3257 611 3328 incommodo,
628 3256 739 3331 quibus
758 3257 836 3315 inter
852 3251 1081 3315 informationes
1095 3262 1185 3331 atque
1203 3257 1431 3326 instructiones,
1444 3271 1520 3332 quas
1533 3271 1594 3330 pro

411 3361 443 3405 re
458 3353 537 3416 nata,
549 3351 584 3404 ut
594 3346 691 3416 aiunt,
704 3345 775 3419 peti,
792 3344 929 3417 mittique
945 3359 1070 3403 necesse
1085 3351 1141 3416 cst,
1150 3345 1313 3420 plurimum
1324 3345 1426 3404 defluit
1435 3343 1593 3418 temporis,

411 3434 485 3508 quin
495 3434 614 3508 possint
627 3434 664 3492 ad
680 3439 780 3506 optata
795 3437 866 3491 vota
879 3431 1048 3490 convolare.
1128 3499 1130 3504 ,

447 3526 632 3596 Quapropter
643 3527 732 3582 Sacra
740 3522 844 3581 eadem
855 3522 1234 3597 congregatiobujusmodi
1243 3525 1476 3584 necessitatibus
1486 3538 1595 3582 occur-

413 3626 477 3672 rere
489 3614 678 3686 percupiens,
690 3612 843 3688 simulque
850 3612 1038 3684 perpendens
1052 3613 1083 3671 in
1094 3613 1212 3672 dissitis
1223 3615 1389 3687 praesertim
1404 3614 1594 3672 missionum

413 3700 509 3771 locis,
531 3700 753 3760 ecclesiasticos
774 3700 919 3773 praesides
940 3702 1118 3774 opportunis
1141 3703 1265 3762 destitui
1291 3703 1452 3774 subsidiis,
1477 3701 1595 3775 quibus

413 3805 450 3848 err
474 3791 615 3866 gravibus
642 3789 873 3850 difficultatibus
897 3791 1042 3849 extricare
1067 3805 1100 3850 se
1129 3791 1261 3863 valeant,
1287 3809 1303 3852 e
1325 3807 1356 3852 re
1377 3807 1446 3852 esse
1468 3793 1596 3851 censuit

412 3879 580 3938 uberiorem
601 3881 689 3940 edere
711 3881 954 3952 instructionem,
975 3881 1006 3938 in
1030 3895 1101 3954 qua,
1121 3881 1172 3954 iis,
1195 3897 1262 3955 quae
1287 3883 1350 3956 J'am
1373 3870 1481 3942 tradita
1504 3887 1594 3953 sunt,

412 3969 496 4026 nullo
510 3974 596 4042 pacto
618 3969 782 4044 abrogatis,
802 3969 914 4043 regulae
937 3969 1146 4044 indigitantur,
1162 3985 1239 4044 quas
1254 3971 1285 4029 in
1301 3971 1450 4045 ejusmodi
1465 3971 1594 4031 casibus

412 4057 475 4116 baeo
489 4058 557 4131 ipsa
571 4061 600 4118 S.
617 4059 816 4134 congregatio
831 4058 916 4131 sequi
933 4058 1020 4128 solet,
1030 4065 1064 4117 ut
1079 4059 1196 4119 illarum
1212 4077 1279 4134 ope,
1293 4062 1341 4120 vel
1353 4061 1469 4136 absque
1487 4075 1597 4121 neces·

413 4149 501 4206 sitate
520 4162 663 4207 recursus
683 4149 720 4206 ad
739 4151 877 4207 Sanctam
898 4148 1014 4220 Sedem,
1029 4151 1148 4222 possint
1158 4150 1275 4223 judicia
1288 4151 1370 4223 ferri,
1390 4152 1438 4210 vel
1451 4157 1540 4224 certe,
1563 4154 1594 4211 si

412 4237 626 4296 recurrendum
642 4239 691 4309 sit,
707 4243 805 4297 status
817 4238 997 4312 questionis
1012 4239 1053 4296 ita
1066 4239 1197 4299 dilucide
1208 4246 1386 4316 exponatur,
1402 4248 1437 4300 ut
1450 4241 1594 4315 impediri

410 4328 541 4404 longiori
556 4343 641 4388 mora
655 4329 806 4389 sententia
818 4344 880 4389 non
891 4329 1007 4389 debeat.
1021 4333 1134 4402 itaque,

448 4423 476 4478 l⁰
492 4421 565 4478 Cum
579 4421 616 4479 de
626 4421 767 4494 conjugis
781 4427 876 4479 morte
890 4419 1019 4494 questio
1033 4420 1213 4494 instituitur,
1227 4423 1393 4482 nomadum
1409 4422 1506 4497 primo
1523 4421 1594 4481 loco

411 4509 492 4581 quod
506 4517 717 4585 argumentum
732 4523 751 4567 a
765 4509 831 4566 sola
841 4508 938 4582 ipsius
950 4508 1087 4566 absentia
1094 4517 1337 4586 quantacumque
1352 4513 1432 4585 (licet
1441 4526 1458 4570 a
1468 4509 1594 4585 legibus

411 4599 551 4660 civilibus
566 4601 626 4658 fere
646 4599 759 4672 ubique
773 4598 956 4672 admittatur)
971 4615 988 4658 a
1004 4600 1100 4659 sacris
1113 4602 1281 4661 canonibus
1294 4603 1418 4661 minime
1428 4601 1593 4662 sufficiens

411 4691 574 4765 adjustum
588 4688 940 4764 probationemhabetur.
957 4690 1039 4750 Unde
1052 4705 1077 4750 s.
1094 4706 1182 4751 mem.
1199 4693 1271 4752 Pius
1285 4695 1321 4752 Vl
1337 4693 1374 4752 ad
1389 4691 1593 4765 archiepisco-
