3508 5568
355 487 395 550 80
816 505 868 552 rus
889 499 1070 552 turonicus.

276 679 278 682 .
309 667 313 676 .
358 621 527 688 sententia
541 621 694 705 sequitur
708 621 801 705 quod
827 621 1094 697 matrimonium,
1120 624 1198 706 post
1220 617 1396 704 impletam
1416 618 1532 684 condi-

358 729 497 808 tionem,
510 734 721 796 contractum
735 748 815 795 eum
838 729 986 797 alienon
1002 729 1124 808 valeat,
1151 728 1231 814 quia
1252 728 1283 793 ei
1305 729 1417 794 obstat
1437 726 1532 810 prius

356 835 506 919 ligamen
520 840 593 921 jam
609 838 807 904 absolutum
827 859 834 902 :
854 837 947 903 valet
965 856 1049 902 vero
1066 838 1102 900 in
1120 836 1291 902 sententia
1305 835 1461 921 opposita
1474 853 1534 901 an·

358 949 495 1028 tequam
509 963 620 1011 novus
635 963 824 1012 consensus
840 945 1017 1012 absolutus
1031 949 1190 1030 ponatur.

392 1117 502 1178 Dices:
521 1124 548 1176 1⁰
562 1121 594 1179 G.
609 1123 625 1176 5
640 1118 670 1178 h.
688 1123 722 1192 t.,
736 1123 807 1178 ante
827 1125 967 1179 eventum
983 1117 1167 1178 conditionis
1184 1133 1245 1176 nou
1268 1123 1316 1176 est
1336 1117 1406 1190 quis
1428 1129 1535 1192 cogen-

359 1208 417 1268 dus
432 1208 469 1267 ad
488 1207 713 1267 matrimonium
733 1208 987 1283 contrabendum3
1008 1223 1080 1284 crgo
1100 1213 1170 1282 post
1190 1211 1331 1266 eventum
1352 1204 1534 1265 conditionis

357 1306 403 1359 est
416 1299 572 1374 cogendus
586 1300 624 1357 ad
639 1299 892 1370 contrahendum
912 1303 942 1358 et
959 1303 1177 1372 consequenter
1191 1300 1363 1356 contractus
1382 1295 1534 1374 matrimo-

357 1389 399 1447 nii
421 1403 481 1448 uou
501 1389 536 1448 iit
556 1390 621 1449 solo
639 1389 812 1448 conditione
830 1388 964 1462 impleta.
983 1391 1013 1445 2⁰
1027 1391 1056 1446 S.
1074 1390 1121 1459 D„
1142 1387 1173 1445 in
1193 1389 1221 1456 t,
1242 1387 1271 1444 d.
1292 1387 1337 1456 29,
1353 1400 1382 1459 q.
1407 1390 1433 1456 t,
1455 1400 1482 1444 a.
1506 1388 1534 1455 3,

357 1495 387 1553 q.
401 1483 429 1550 t,
442 1484 596 1553 comparat
610 1478 835 1537 matrimonium
848 1477 1087 1536 conditionatum
1101 1475 1312 1550 sponsalibus;
1329 1476 1382 1535 sed
1394 1475 1535 1550 posthac

357 1569 519 1641 requiritur
534 1582 632 1626 novus
647 1581 816 1626 consensus
831 1566 998 1637 absolutum
1014 1581 1138 1642 ergo-
1148 1568 1236 1640 ltesp.
1248 1565 1284 1624 ad
1300 1569 1324 1622 t.
1340 1569 1382 1623 Ex
1395 1569 1535 1624 contextu

358 1661 449 1730 patet,
464 1656 544 1731 quod
560 1656 601 1716 ibi
617 1655 656 1718 cd
670 1655 908 1716 contrabendum
932 1656 1097 1730 accipiatur
1120 1653 1245 1716 abusive
1265 1655 1331 1714 loco
1345 1653 1386 1714 cd
1399 1669 1535 1714 cornum·

357 1745 512 1806 mandam.
526 1746 569 1804 lld
583 1751 610 1805 2.
626 1745 814 1819 Comparatio
826 1745 883 1804 ista
895 1745 930 1804 fit
939 1751 1057 1804 tantum
1066 1745 1098 1804 iu
1108 1745 1176 1816 boc,
1188 1745 1269 1820 quod
1283 1758 1454 1803 consensus
1467 1757 1536 1803 con·

349 1835 522 1895 ditionatus
541 1850 601 1895 non
624 1835 714 1895 iaciat
735 1840 973 1906 sacromentum,
995 1835 1076 1908 quod
1091 1841 1277 1905 verumest;
1297 1835 1417 1908 impleto
1435 1839 1535 1893 autem

359 1925 541 1986 sensibiliter
556 1916 743 1998 conditione,
758 1939 927 1988 consensus
941 1925 1018 1984 dunt
1037 1925 1167 1986 absoluti
1187 1933 1217 1986 et
1236 1925 1352 1988 laciuut
1367 1939 1535 1986 sacramen·

358 2021 435 2076 tum.
1535 2043 1537 2050 ·

399 2199 792 2296 saepememoratus
808 2229 816 2274 ε
832 2235 847 2268 «
861 2209 894 2274 Si
908 2211 995 2293 patri
1007 2209 1182 2294 placuerit,
1197 2237 1213 2271 »
1229 2216 1389 2280 censetur
1398 2209 1537 2296 implete

360 2317 389 2384 si
401 2323 499 2404 pater
512 2317 568 2383 vel
588 2335 749 2402 expresse
770 2318 963 2383 consentiat
992 2318 1049 2382 vel
1073 2323 1189 2384 tacens
1212 2338 1281 2385 non
1307 2317 1534 2394 contradicam

361 2427 440 2514 quia
454 2444 576 2492 sensus
589 2424 680 2491 illius
695 2430 771 2490 est:
787 2451 802 2484 «
817 2425 850 2490 Si
864 2431 962 2509 pater
975 2444 1046 2492 non
1060 2428 1303 2511 reprobaverit,
1319 2453 1335 2486 »
1348 2430 1433 2492 out«
1445 2445 1535 2510 segre

359 2535 491 2612 tulerit;
509 2559 525 2593 n
536 2539 572 2598 at
583 2534 611 2597 si
625 2537 723 2616 pater
734 2533 845 2617 primo
861 2534 1050 2613 dissentiat,
1067 2534 1181 2600 deficit
1195 2535 1358 2622 conditio,
1382 2534 1447 2599 etsi
1462 2552 1537 2599 mu·

359 2649 431 2711 tota
443 2643 619 2711 voluntate
633 2635 757 2708 deinde
769 2645 978 2722 consentiat;
994 2661 1074 2708 cum
1090 2644 1238 2709 conditio
1249 2645 1315 2710 ista
1327 2643 1537 2727 intelligatur

360 2753 402 2818 de
414 2751 524 2836 primo
532 2770 702 2818 consensu
712 2755 794 2836 (arg.
807 2753 830 2816 l.
845 2753 956 2828 XXlX,
974 2754 1010 2817 tr.
1022 2753 1063 2818 de
1075 2751 1268 2818 Gondition.
1281 2762 1314 2818 ct
1327 2754 1532 2836 demensio).

360 2859 419 2925 (lui
429 2879 500 2926 non
514 2861 627 2945 obstat
641 2878 670 2924 c.
688 2861 718 2935 l,
732 2859 774 2924 de
788 2859 977 2936 Procurat,
993 2861 1030 2924 in
1045 2861 1088 2938 θ’,
1107 2861 1187 2950 quic
1201 2861 1402 2950 mandatum
1418 2879 1536 2946 procu-

361 2971 525 3038 ratorium
539 2988 610 3035 non
625 2971 828 3054 supponitur
844 2988 920 3034 esse
932 2969 998 3035 hoc
1010 2970 1113 3035 modo
1127 2967 1397 3036 conditionatum
1412 2991 1419 3048 3
1436 2971 1537 3038 adeo-

362 3097 428 3164 que
435 3082 647 3163 procurator,
655 3077 719 3143 etsi
727 3077 837 3162 primo
846 3077 1035 3156 dissentiat,
1046 3083 1537 3164 tamenantequamrevocetur

361 3189 572 3265 mandatum,
587 3187 729 3255 liberam
742 3189 846 3255 habet
859 3189 1055 3256 facultatem
1068 3187 1151 3253 illud
1167 3189 1374 3273 acceptandi,
1392 3191 1441 3255 ita
1458 3191 1535 3273 jure

363 3296 576 3382 disponente.
971 3361 973 3366 ,
1247 3279 1250 3286 ’
1294 3323 1304 3344 .
1466 3287 1469 3294 ⁴

401 3407 501 3490 Resp.
518 3409 548 3472 5.
566 3407 599 3470 Si
614 3411 788 3472 contracta
802 3409 883 3472 sunt
894 3404 962 3472 duo
973 3407 1191 3474 matrimonia
1200 3407 1440 3486 conditionata,
1452 3404 1536 3474 illud

360 3513 523 3599 praevolet
544 3517 643 3599 cujus
662 3516 811 3581 conditio
836 3515 935 3582 citius
957 3515 1097 3600 impleta
1121 3523 1184 3596 est,
1208 3522 1281 3583 esto
1302 3518 1472 3602 posterius
1494 3519 1536 3582 sit

362 3629 588 3701 contractum,
609 3642 690 3690 nam
709 3623 904 3689 absolutum
927 3625 1089 3710 praevalet
1107 3625 1359 3704 conditionato;
1385 3627 1446 3691 sed
1473 3627 1535 3692 im·
1576 3641 1582 3646 ·

362 3719 453 3817 plats
466 3731 672 3812 conditione,
688 3734 727 3799 iit
745 3733 950 3811 absolutum,
979 3739 1013 3799 et
1040 3739 1310 3812 sacramentum3
1337 3754 1430 3817 ergo.
1443 3737 1486 3800 At
1506 3737 1535 3800 si
1579 3745 1581 3752 ⁴

363 3841 539 3925 utriusque
554 3840 702 3906 conditio
718 3840 840 3908 eodem
863 3847 1016 3925 tempore
1038 3842 1232 3926 impleatur,
1245 3849 1407 3909 noudum
1432 3844 1533 3921 valet,

363 3949 443 4032 quio
457 3953 641 4034 utrumque
657 3955 709 4014 est
724 3951 893 4016 incertum
904 3956 938 4016 et
951 3951 1096 4016 alterum
1116 3951 1212 4016 alteri
1224 3957 1276 4017 est
1291 3953 1549 4037 impedimento

362 4055 494 4140 (Sonoh.
516 4062 551 4122 et
567 4057 645 4141 alii).
666 4059 710 4122 dt
727 4059 763 4123 in
783 4059 1014 4144 sponsalibus,
1036 4059 1123 4124 sicut
1151 4060 1264 4144 dispar
1292 4065 1344 4124 est
1371 4061 1469 4138 ratio,
1490 4061 1537 4127 ita
1655 4078 1660 4092 ’

362 4165 477 4250 priore
490 4168 821 4250 scmparpraeualent
834 4169 1092 4252 posterioribus,
1107 4187 1150 4235 ex
1162 4187 1234 4252 reg.
1250 4189 1310 4245 nv,
1322 4168 1357 4234 in
1369 4169 1401 4232 6ο
1417 4188 1425 4233 :
1441 4193 1457 4228 u
1474 4170 1536 4245 Qui

363 4274 455 4356 prior
471 4279 635 4358 tempore,
650 4277 762 4358 potior
772 4279 861 4360 jure.
875 4305 890 4338 »

363 4469 395 4523 ll.
411 4472 501 4532 Quam
516 4471 574 4524 vim
590 4445 828 4530 babeatconditlo
840 4469 875 4525 de
885 4470 1037 4536 preterito,
1051 4471 1184 4536 presenti
1194 4471 1239 4524 vel
1248 4469 1344 4525 tuturo
1358 4471 1538 4526 necessario?

405 4622 504 4707 Resp.
522 4625 551 4688 l.
568 4623 664 4692 Nulla
677 4643 719 4689 ex
737 4623 790 4688 his
809 4624 1060 4690 conditionibus
1076 4623 1255 4707 suspendit
1270 4627 1404 4702 actum3
1429 4622 1489 4688 sed
1510 4625 1538 4688 si
