3418 5566
356 599 418 666 ate
814 619 865 668 aus
887 616 1067 666 omourcru.

358 736 422 802 etsi
440 755 562 819 graves
582 735 732 820 theologi
754 755 825 802 non
842 741 1006 802 excusent
1025 736 1066 801 ab
1087 734 1336 818 irregularitate
1348 735 1453 800 illum
1473 755 1530 822 qm

356 849 486 912 temere
508 850 542 910 et
561 844 782 928 culpabiliter,
805 863 866 911 seu
886 845 959 912 sins
980 843 1050 910 ullo
1071 844 1173 908 dubio
1194 839 1370 927 probabili,
1392 845 1530 910 iteraret

356 953 581 1038 baptismum·
597 952 689 1034 (Vide
714 953 839 1019 Bened.
862 953 943 1031 XIV,
961 953 1002 1018 de
1017 951 1157 1037 Sycodo
1173 953 1282 1028 dioec,
1298 951 1321 1016 l.
1338 951 1418 1031 VIII,
1435 972 1463 1018 e.
1480 973 1527 1030 u3

358 1063 391 1130 S.
406 1063 489 1145 Lig„
504 1063 527 1128 I.
542 1063 609 1139 VII,
631 1083 665 1128 n.
681 1065 765 1146 356.)
781 1063 846 1128 Sed
867 1064 910 1131 ad
929 1063 1213 1145 irregularitatem
1226 1063 1477 1140 incurrendam,
1492 1068 1530 1127 nt

357 1173 420 1238 rite
442 1177 561 1238 monet
582 1171 672 1256 Gury
694 1172 738 1254 (n.
758 1172 858 1255 1032),
879 1171 1063 1256 requicitur
1087 1171 1266 1248 certitudo,
1289 1176 1323 1236 et
1343 1170 1420 1236 ideo
1433 1169 1526 1236 Illam

356 1280 615 1364 incapacitatem
637 1279 879 1346 contraherent
903 1279 951 1342 illi
976 1282 1110 1343 tantum
1128 1279 1186 1362 qui
1214 1277 1368 1344 absolute
1395 1285 1430 1344 et
1456 1279 1528 1346 sine

356 1407 461 1456 cause
478 1389 697 1472 rebaptizant.
713 1387 841 1454 Tamen
862 1389 894 1453 S.
912 1387 1077 1470 Congreg.
1101 1387 1238 1454 Concilii
1253 1387 1340 1454 solet
1354 1387 1529 1454 absolvere

358 1497 401 1564 ed
413 1497 582 1564 cautelam
595 1498 842 1582 rebaptizantes
857 1499 921 1563 sub
935 1496 1140 1564 conditione.

712 1909 989 2052 saeuum
1028 1956 1178 2050 runs

358 2169 420 2218 DE
445 2168 718 2218 CRIMINIBUS
746 2169 926 2216 CONTRA
957 2169 1210 2218 PROXIMUM
1245 2169 1329 2216 SEU
1358 2169 1529 2216 ADVER-

422 2251 643 2299 SANTIBUS
664 2250 906 2298 CHARITATI
930 2251 984 2298 ET
1006 2251 1215 2300 JUST1T1AE
1231 2251 1353 2298 ERGA
1370 2249 1528 2299 PROXI-

422 2329 541 2378 MUM.

397 2583 421 2648 I.
440 2583 470 2648 Α
490 2585 691 2650 criminibus
711 2603 787 2670 quae
806 2586 932 2651 directe
952 2590 986 2650 et
1003 2586 1199 2652 immediate
1219 2593 1439 2672 opponuntur
1461 2589 1530 2653 Deo

358 2695 501 2786 ejusque
515 2692 633 2771 cultui,
648 2693 839 2775 migramus
853 2693 896 2758 ad
908 2691 963 2758 illa
980 2711 1055 2778 quae
1071 2693 1200 2760 laedunt
1213 2696 1409 2778 proximum
1423 2697 1531 2764 inva-

357 2801 415 2866 riis
435 2803 506 2865 suis
526 2803 624 2867 bonis
642 2823 650 2866 :
666 2802 925 2868 considerantur
945 2821 1015 2868 non
1030 2803 1155 2880 omnia,
1176 2803 1235 2868 sed
1254 2804 1423 2888 praecipua
1440 2806 1528 2887 ejus·

358 2907 452 2973 modi
465 2909 618 2986 crimina,
634 2926 713 2973 cum
727 2910 768 2975 de
783 2909 858 2975 aliis
872 2909 1026 2993 pluribus
1042 2915 1157 2975 actum
1168 2911 1213 2974 sit
1225 2915 1337 2976 antea.

396 3015 490 3081 Bona
510 3016 567 3082 illa
586 3017 730 3100 proximi
754 3021 834 3081 sunt
853 3017 991 3101 triplicis
1012 3018 1160 3099 generis,
1182 3035 1305 3102 nempe
1326 3020 1416 3084 bona
1436 3021 1526 3096 vitae,

357 3127 459 3192 iamae
481 3131 516 3191 et
533 3127 679 3191 Iortunae
701 3147 709 3190 :
731 3144 847 3210 quere,
863 3126 1080 3210 procedendo
1100 3145 1121 3191 e
1139 3126 1239 3192 bonis
1251 3129 1451 3209 majoribus,
1468 3129 1530 3193 ini-

358 3235 445 3298 tium
466 3234 612 3300 sumitur
632 3252 652 3299 a
669 3233 867 3298 criminibus
886 3234 1009 3318 quibus
1022 3233 1162 3317 laediturj
1174 3235 1351 3318 proximus
1374 3235 1409 3299 iu
1430 3235 1529 3300 bonis

357 3341 453 3418 vitam
468 3341 592 3406 ideireo
606 3359 668 3426 per
678 3359 738 3404 sex
752 3341 912 3407 ertteulos
922 3342 1035 3423 egitur
1045 3341 1086 3406 de
1101 3342 1294 3420 homicidio,
1306 3343 1417 3407 causis
1431 3348 1465 3407 et
1479 3361 1532 3408 oc

358 3449 563 3526 nacionibus,
580 3454 642 3514 etc.
659 3448 761 3514 illius.
775 3449 814 3513 In
828 3440 1049 3534 sequentibus
1064 3448 1171 3514 titulis
1185 3451 1297 3532 agitur
1312 3451 1354 3516 de
1366 3450 1531 3516 adulterio

360 3565 395 3624 et
409 3563 538 3642 stupro,
556 3558 679 3643 quibus
692 3556 827 3623 laeditur
840 3558 1017 3641 pudIoitia3
1035 3558 1174 3623 demum
1189 3577 1250 3642 per
1264 3577 1325 3623 sex
1336 3559 1473 3637 iterum,
1489 3558 1531 3624 de

358 3667 488 3750 rapine,
507 3663 618 3742 furtis,
635 3667 749 3730 usuris
768 3670 803 3730 et
815 3665 890 3732 aliis
909 3667 1108 3731 criminibus
1129 3667 1252 3751 quibus
1272 3666 1406 3732 laeditur
1420 3667 1533 3750 proxi-

358 3773 770 3841 mueinbonisfortunae.
1219 3775 1222 3783 '

398 3881 437 3946 II.
455 3881 493 3946 In
508 3886 586 3966 jure
603 3884 779 3959 canonico,
804 3881 920 3948 nullus
942 3889 995 3948 est
1014 3882 1169 3968 specialis
1191 3884 1309 3948 titulus
1329 3883 1371 3948 de
1391 3883 1532 3948 crimine

356 3990 446 4056 laesae
460 3991 663 4073 majestatis,
678 3991 720 4056 de
735 4010 803 4075 quo
819 3993 876 4074 jus
891 3991 989 4056 cIvile
1003 3991 1112 4056 multa
1122 3992 1283 4075 praeeipit.
1297 3992 1415 4076 ltaque
1428 3992 1532 4074 hujus
1546 4007 1548 4012 ·

357 4099 508 4164 oriminis
527 4099 681 4164 tractatio
700 4096 902 4181 relinquitur
920 4098 1083 4162 civilistIs.
1105 4098 1214 4164 Pauca
1232 4104 1365 4164 tantum
1385 4103 1466 4164 sunt
1477 4098 1533 4163 bin

358 4206 518 4273 notarma.
535 4206 566 4270 I⁰
578 4205 651 4272 Non
667 4210 719 4269 est
732 4205 861 4270 'crimen
875 4211 993 4271 contra
1006 4207 1212 4289 proximum,
1230 4207 1289 4271 sed
1303 4207 1417 4290 potius
1434 4205 1533 4271 dello-

359 4323 431 4380 tum
444 4314 617 4400 publicum
632 4331 700 4396 quo
715 4317 878 4397 majestas
892 4314 1043 4380 humana
1058 4333 1118 4378 seu
1134 4332 1293 4398 suprema
1306 4320 1458 4398 potestas
1472 4313 1530 4378 lae-

273 4421 277 4432 '
359 4426 449 4489 ditur
463 4444 483 4488 a
497 4421 643 4487 subdito.
658 4421 690 4484 lt
703 4419 834 4505 Duplex
847 4420 1067 4502 distinguitur
1081 4423 1210 4506 species
1229 4423 1333 4505 hujus
1351 4422 1501 4486 cuminis
1523 4440 1531 4485 ε

356 4531 544 4618 perduellio
558 4550 626 4615 qua
636 4531 792 4613 princeps
808 4549 869 4595 seu
888 4529 1090 4614 respublica
1104 4531 1239 4596 laeditur
1254 4551 1274 4596 a
1296 4531 1442 4607 subdito,
1460 4530 1532 4596 sive

358 4641 438 4724 quia
451 4640 505 4704 hio
519 4639 691 4722 conspirat
702 4639 791 4703 Iacto
807 4643 866 4703 aut
881 4638 983 4703 etiam
998 4639 1110 4702 verbis
1125 4640 1161 4702 in
1177 4657 1297 4704 necem
1310 4644 1370 4703 aut
1384 4637 1532 4702 eversio-

356 4766 436 4814 nem
450 4747 621 4832 prinoipis,
646 4748 717 4810 sive
735 4747 813 4832 qula
832 4745 1017 4811 seditiones
1036 4748 1173 4824 excitat,
1194 4752 1271 4824 eto.;
1292 4747 1421 4811 crimen
1440 4745 1531 4811 Iaesae
