3412 5570
400 515 462 592 alt
858 537 912 610 ¹tos
933 535 1114 592 clnoucuu.

402 658 678 735 extraordinaria,
696 664 870 744 perpetua,
888 679 955 744 qua
968 659 1016 724 rei
1032 661 1123 724 lurto
1141 654 1261 721 ablatae
1280 655 1460 732 restitutio,
1477 653 1506 720 si
1522 673 1589 721 ex-

402 773 480 844 stat,
496 767 552 833 vel
566 768 595 832 si
608 786 677 833 non
694 773 805 834 exstat
816 769 972 853 amplius,
989 770 1065 852 ejus
1084 766 1265 832 aestimatio
1284 783 1455 849 omneque
1474 765 1589 830 inter-

403 893 491 951 esse,
508 876 646 959 petitur.

443 985 473 1068 b)
486 984 618 1068 Duplex
629 987 691 1061 est,
702 981 997 1050 scilicetcondictc'o
1009 983 1098 1060 certi,
1112 1001 1172 1048 seu
1189 981 1386 1066 simpliciter
1396 981 1586 1058 condictio,

402 1111 469 1177 qua
482 1111 537 1157 ree
548 1093 622 1176 ipsa
635 1094 726 1160 furto
741 1093 853 1159 ablata
866 1095 1043 1177 repetitur,
1060 1098 1095 1158 et
1108 1091 1271 1158 condictio
1287 1092 1413 1168 incerti,
1429 1109 1497 1175 qua
1508 1109 1587 1155 non

400 1220 455 1266 res
470 1201 555 1283 ipsa,
572 1203 631 1267 sed
646 1203 830 1286 possessio,
855 1221 937 1267 usus
952 1202 1008 1268 vel
1025 1203 1192 1268 interesse
1214 1199 1416 1284 postulatur.
1440 1200 1471 1263 l0
1492 1198 1587 1264 Con-

400 1309 501 1374 dictc'o
525 1311 609 1375 certi
631 1311 794 1396 competit
817 1309 880 1376 soli
900 1309 1040 1374 domino
1064 1311 1207 1392 ejusque
1225 1307 1374 1372 haeredi:
1399 1307 1587 1372 condicere

399 1417 503 1482 etiam
521 1423 666 1502 possunt
686 1420 785 1484 honae
800 1419 879 1484 lldei
893 1434 1119 1501 possessores,
1138 1417 1217 1500 quia
1235 1416 1350 1481 locum
1365 1415 1494 1481 domini
1509 1436 1587 1482 sor-

400 1525 651 1603 tiuntur3item
673 1532 775 1604 tutor,
800 1533 938 1594 curator
957 1528 1033 1592 loco
1046 1525 1164 1610 pupilli
1179 1530 1213 1590 et
1231 1525 1373 1590 minoris
1387 1546 1394 1602 ;
1410 1545 1480 1590 non
1495 1545 1586 1591 vero

399 1636 706 1713 commodatarius,
727 1637 929 1713 conductor,
955 1641 1037 1714 eta,
1066 1637 1146 1719 quia
1167 1653 1238 1700 nou
1262 1640 1344 1699 sunt
1365 1634 1495 1700 domini
1516 1653 1587 1699 nec

398 1743 508 1809 instar
522 1745 663 1810 domini.
728 1809 731 1818 ,

438 1853 471 1916 2·
487 1851 663 1918 Condictio
679 1855 799 1920 incerti
809 1855 908 1921 datur
921 1855 1080 1921 creditori
1095 1855 1149 1921 oui
1163 1855 1288 1941 pignus
1304 1857 1499 1938 surreptum
1515 1857 1582 1928 est,

397 1963 664 2030 commodatario
684 1969 719 2029 et
735 1966 935 2031 conductori
950 1967 1072 2050 quihus
1091 1985 1146 2032 res
1160 1966 1377 2032 commodata
1396 1971 1456 2031 aut
1467 1965 1584 2031 locata

396 2071 460 2136 luit
479 2075 660 2140 subtracta.
684 2075 782 2141 llatio
798 2081 861 2154 est,
879 2077 959 2160 quia
973 2095 1093 2142 eorum
1108 2077 1164 2144 vel
1178 2078 1329 2143 maxime
1344 2077 1488 2141 interest
1504 2093 1582 2140 rem

397 2181 594 2265 subreptam
609 2202 679 2250 non
692 2201 778 2250 esse.

434 2291 467 2354 3·
479 2291 585 2358 Datur
603 2293 675 2358 haec
688 2294 856 2362 condictio
876 2300 950 2360 turn
966 2297 1132 2363 adversus
1152 2297 1265 2381 ipsum
1277 2298 1400 2372 iurem,
1417 2295 1489 2359 sive
1505 2312 1581 2358 ma-

395 2397 570 2478 nifestum,
591 2401 663 2466 sive
683 2421 753 2468 non
769 2405 1002 2484 manifestum,
1027 2408 1171 2490 ejusque
1191 2403 1357 2480 haeredes,
1379 2401 1579 2468 tumeliam

394 2506 558 2572 advorsus
572 2508 649 2576 illos
664 2529 810 2594 quorum
825 2531 940 2597 opera,
953 2513 1010 2579 vel
1019 2514 1160 2580 consilio
1171 2516 1354 2596 conjuncto
1369 2531 1448 2577 oum
1458 2529 1576 2594 opera,

394 2617 523 2681 lurtum
538 2622 598 2684 aut
611 2621 730 2705 rapina
748 2627 800 2687 est
813 2629 1008 2707 perpetrata
1024 2645 1032 2688 :
1051 2625 1235 2709 requiritur
1249 2623 1342 2687 enim
1359 2627 1397 2686 ut
1417 2639 1579 2704 coopera-

395 2728 487 2790 tores
504 2745 566 2810 per
583 2729 725 2794 modum
744 2747 856 2796 causae
879 2731 1039 2817 physica,
1061 2737 1096 2797 et
1114 2749 1184 2798 non
1200 2736 1333 2796 tantum
1350 2749 1412 2815 per
1432 2729 1578 2794 modum

395 2854 506 2902 causae
516 2837 667 2915 moralis,
675 2839 787 2904 furem
795 2841 1000 2924 adjuverint.
1013 2837 1153 2908 Etiamsi
1160 2861 1216 2907 res
1224 2842 1308 2906 sitin
1319 2841 1577 2906 aliamlormam

393 2950 631 3024 transmutata,
647 2951 761 3030 potest
772 2949 835 3014 hac
849 2949 1062 3016 condictione
1077 2951 1195 3034 repeti.

431 3053 464 3116 4ο
477 3055 619 3130 Quando
642 3057 809 3122 condictio
830 3059 914 3124 certi
934 3060 1135 3137 instituitur,
1160 3059 1297 3145 probari
1319 3059 1430 3138 debet,
1450 3063 1577 3143 praeter

390 3161 521 3226 lurtum
539 3181 600 3228 seu
619 3164 758 3244 tactum,
782 3167 895 3251 ipsum
918 3168 1119 3246 dominium,
1137 3168 1258 3235 saltem
1272 3169 1387 3233 minus
1403 3170 1572 3253 perlecto:
1669 3197 1670 3252 j

392 3270 519 3335 etenim
539 3290 610 3338 non
632 3275 817 3360 requiritur
830 3279 985 3360 probatio
1001 3280 1151 3362 perlecta
1167 3284 1202 3344 et
1220 3278 1322 3362 plena
1340 3279 1447 3363 ipsius
1465 3279 1574 3344 domi-
1669 3303 1670 3306 ¹

390 3379 453 3454 nii,
476 3398 552 3462 quae
571 3380 797 3448 dilllciliorem
820 3385 979 3451 redderet
998 3387 1250 3453 institutionem
1275 3387 1366 3452 illius
1389 3387 1575 3452 condictio-

390 3487 454 3550 nis.
472 3487 510 3552 ln
523 3489 737 3556 condictione
755 3493 876 3559 incerti
896 3495 1111 3578 probandum
1125 3500 1178 3560 est
1194 3495 1285 3580 quod
1300 3496 1424 3562 actoris
1439 3495 1575 3560 intersit

390 3613 464 3660 rem
477 3596 625 3663 ablatam
638 3617 708 3666 non
722 3601 840 3668 tuisse.
890 3615 894 3624 ·

798 3741 857 3840 Δ111.
875 3782 914 3837 Da
929 3782 1041 3838 actione
1062 3781 1139 3838 torti.

431 3915 463 3982 l⁰
485 3915 615 4002 Duplex
638 3925 733 3985 erat:
754 3919 829 4000 alin,
844 3941 928 4008 quas
950 3930 1179 4011 consurgebat
1199 3945 1242 3995 ex
1260 3932 1352 3997 furto
1374 3933 1568 4008 manifesto,

390 4028 549 4110 pretoria
570 4034 643 4094 erat
664 4036 700 4094 et
719 4031 863 4098 dabatur
880 4035 915 4098 in
938 4037 1184 4122 quadruplum
1204 4041 1270 4106 alia
1284 4047 1400 4106 autem
1420 4061 1464 4105 ex
1478 4041 1570 4105 furto
1668 4019 1669 4038 ἶ

391 4153 461 4200 non
474 4137 673 4216 manifesto,
698 4145 732 4205 et
756 4147 828 4206 erat
848 4143 957 4208 civilis
977 4163 1016 4210 ac
1035 4145 1179 4212 dabatur
1195 4149 1231 4212 in
1247 4148 1398 4233 duplum.
1422 4149 1569 4234 Utraque

392 4243 770 4330 diciturmerepoenalis
781 4250 1284 4339 actio,quiatantumadpoenae
1296 4259 1568 4340 persecutionem

390 4343 547 4435 pertinet.
570 4353 636 4418 Res
650 4355 706 4420 vel
719 4358 794 4438 ejus
809 4359 957 4441 pretium
974 4362 1295 4449 quadruplioahatur
1306 4366 1343 4430 in
1357 4367 1448 4432 lurto
1464 4364 1569 4430 mani-

390 4461 488 4540 lesto,
503 4462 680 4546 quiaultra
688 4463 865 4530 laesionem
877 4468 976 4533 datur
986 4471 1184 4535 scandalum
1195 4473 1286 4556 quod
1296 4473 1445 4558 reparari
1457 4473 1566 4538 dehet.

390 4569 429 4634 ln
439 4573 517 4653 jure
533 4571 668 4650 Gallico,
685 4573 758 4640 sola
771 4593 827 4640 res
838 4576 894 4641 vel
911 4581 987 4661 ejus
1001 4581 1150 4663 pretium
1165 4583 1298 4647 restitui
1313 4584 1424 4649 debet.

429 4679 462 4742 9⁰
485 4679 653 4765 Competit
673 4687 744 4749 tam
765 4685 905 4752 domino
924 4687 973 4752 rei
993 4706 1097 4772 quam
1114 4691 1211 4756 alteri
1225 4695 1325 4776 cuius
1339 4695 1483 4758 interest
1495 4711 1567 4759 rem
1667 4753 1668 4778 ,
