3482 5560
395 529 454 597 rea
856 547 906 594 aus
926 546 1104 598 canonican.

393 667 493 730 tertio
524 674 583 731 aut
616 670 735 750 quarto
764 666 888 748 gradu,
922 685 1001 732 cum
1027 665 1233 749 pauperibus
1260 669 1294 730 et
1315 658 1564 726 miserabilibus

393 778 538 851 tantum,
567 791 645 838 cum
672 773 838 838 haereticis
861 775 1037 840 conversis
1060 773 1103 838 ad
1124 768 1414 856 perseverandum
1436 769 1472 832 iu
1494 785 1565 830 ma-

393 881 560 950 trimonio,
583 886 771 957 contract03
804 882 989 948 dnmmodo
1022 883 1153 966 primus
1185 881 1311 962 gradrm
1340 877 1434 944 nullo
1461 875 1564 942 modo

393 988 590 1070 attingatur,
612 995 674 1053 etc.
695 989 810 1053 Simile
829 989 1055 1072 privilegium,
1072 990 1141 1054 imo
1157 988 1301 1072 amplius
1314 988 1438 1052 habere
1455 983 1565 1049 solent

390 1093 485 1158 Sedis
509 1096 624 1179 Apost.
651 1095 770 1178 legati,
794 1097 828 1160 vl
860 1098 958 1179 cujus
984 1101 1190 1180 potestatem
1215 1096 1316 1159 istam
1353 1099 1388 1158 et
1417 1091 1565 1176 episcopi

393 1209 427 1270 ct
443 1203 546 1286 legati
568 1211 738 1283 exercent,
765 1210 803 1269 ut
823 1205 968 1288 delegati
984 1206 1158 1289 pontificii.
1183 1204 1285 1270 Porro
1308 1203 1365 1268 tali
1384 1220 1476 1278 casu,
1498 1218 1565 1284 quo

393 1315 538 1398 episcopi
558 1315 666 1380 etalii
686 1315 889 1400 privilegiati
909 1316 1108 1399 dispensant
1129 1317 1165 1379 in
1188 1315 1262 1380 foro
1282 1319 1424 1378 externo
1450 1312 1485 1374 in
1504 1311 1565 1372 im-

391 1423 595 1504 pedimentis
611 1423 858 1500 dirimentibus,
875 1425 1005 1500 eadem,
1023 1443 1098 1508 quae
1114 1425 1148 1488 in
1164 1423 1262 1488 Curia
1275 1422 1437 1496 Romana,
1454 1418 1566 1502 requi-

389 1529 476 1594 ritur
491 1536 525 1594 et
544 1530 670 1596 sufficit
683 1550 785 1596 causa
799 1532 842 1596 ad
856 1531 1008 1596 valorem
1026 1531 1289 1615 dispensationis
1305 1531 1356 1612 (f).

431 1636 530 1721 Resp.¹
547 1639 576 1702 3.
595 1638 778 1722 Episcopus
792 1658 853 1722 pro
868 1641 943 1704 foro
963 1641 1097 1704 interno
1113 1639 1309 1723 dispensare
1330 1641 1443 1720 potest
1457 1636 1492 1699 in
1506 1634 1565 1698 im·

391 1747 595 1830 pedimentis
607 1747 854 1825 dirimentibus,
867 1747 902 1812 in
914 1749 1035 1831 quibus
1048 1748 1249 1830 regulariter
1263 1747 1451 1830 dispensari
1466 1745 1563 1820 solet,

391 1852 1565 1937 dnmmodopraetercansamsufflcieutem,occurratsimulcasusur-

393 1960 602 2041 gentissimae
612 1963 833 2038 necessitatis,
843 1981 977 2028 moram
985 1981 1054 2028 non
1064 1963 1207 2047 patiens,
1225 1963 1273 2027 ita
1285 1960 1427 2026 utfacile
1439 1957 1564 2025 recurri

393 2086 463 2132 non
475 2069 584 2152 possit
595 2070 637 2136 ad
648 2069 789 2154 Papam:
804 2072 852 2135 ita
862 2089 985 2136 comm.
1002 2073 1171 2136 sententia
1179 2071 1425 2135 contraSotum
1440 2067 1565 2133 etalios

392 2193 535 2258 paucos3
552 2179 702 2260 nampio
718 2183 828 2242 mater
846 2176 1003 2256 Ecclesia,
1021 2183 1119 2262 cujus
1133 2179 1287 2260 regimen
1304 2183 1356 2242 est
1370 2195 1487 2253 suave,
1504 2192 1565 2258 pro

394 2284 450 2348 tali
466 2301 548 2348 casu
568 2285 790 2363 necessitatis,
817 2286 939 2351 saltem
962 2287 1062 2352 tacite
1086 2285 1189 2352 talem
1203 2286 1399 2350 facultatem
1412 2283 1567 2349 concedit

392 2393 568 2476 episcopis,
587 2398 749 2476 tanquam
761 2395 953 2478 pastoribus
969 2394 1170 2458 ordinariis:
1189 2400 1262 2458 tum
1278 2393 1356 2476 quia
1381 2391 1472 2476 quod
1496 2407 1565 2456 nou

395 2505 448 2564 est
460 2499 590 2564 licitum
609 2501 643 2564 in
666 2500 753 2583 lege,
780 2502 965 2566 necessitas
980 2502 1060 2567 facit
1074 2501 1214 2580 licitum,
1238 2520 1309 2582 reg.
1327 2521 1360 2575 n,
1375 2499 1415 2564 lo
1436 2501 1542 2582 antiq.
1552 2515 1565 2577 ;

394 2612 466 2671 tum
480 2609 559 2692 quia
574 2609 739 2692 episcopis
753 2610 950 2674 conceditur
961 2609 1103 2675 facultas
1119 2609 1337 2693 dispensandi
1353 2608 1387 2672 in
1402 2589 1565 2672 observa-

396 2715 486 2778 tione
497 2717 675 2791 festorum,
687 2717 898 2798 jejuniorum
909 2717 991 2799 (cap.
1004 2718 1034 2793 l,
1053 2717 1093 2780 dc
1110 2717 1242 2780 Odrera
1255 2716 1393 2798 jejun),
1406 2712 1566 2794 irregula-

394 2821 550 2886 ritatibus
575 2822 714 2887 occultis
730 2823 841 2904 (Trio,
860 2843 943 2888 sess.
963 2825 1013 2900 al,
1030 2843 1102 2907 cap.
1120 2825 1149 2899 6,
1173 2824 1213 2887 da
1231 2823 1405 2906 Referam).
1423 2822 1509 2902 Ergo
1524 2838 1567 2884 ex

393 2930 535 3013 paritate
559 2931 700 2995 rationis
716 2936 749 2995 et
776 2932 1056 3015 interpretatione
1084 2931 1351 3006 consuetudinis,
1382 2930 1485 2994 etiam
1506 2939 1566 3011 pro

393 3054 473 3102 casu
487 3038 698 3102 necessitatis
710 3039 758 3102 eis
772 3039 969 3104 conceditur
982 3039 1124 3104 facultas
1139 3037 1356 3122 dispensandi
1380 3038 1415 3100 in
1429 3037 1503 3101 foro
1518 3037 1568 3099 in-

395 3151 491 3211 ternc
506 3146 542 3208 in
565 3144 817 3228 impedimentis
839 3145 1086 3224 dirimentibus,
1109 3164 1179 3212 non
1204 3152 1338 3211 tantum
1353 3145 1397 3210 ad
1411 3161 1568 3228 perseve-
1667 3131 1672 3141 ’

394 3253 540 3318 randum
554 3254 589 3316 in
603 3253 821 3318 matrimonio
842 3259 1027 3331 contracto,
1044 3273 1076 3318 v.
1093 3274 1126 3337 g.
1155 3256 1233 3338 quia
1257 3258 1357 3336 urget
1379 3251 1569 3336 periculum

394 3361 648 3426 incontinentia
662 3361 716 3425 vel
734 3361 872 3426 alterius
888 3364 1000 3444 gravis
1019 3363 1117 3438 mali;
1135 3363 1312 3427 sedetiam
1332 3362 1373 3426 ad
1395 3360 1476 3424 illud
1491 3377 1570 3424 con-

393 3468 607 3544 trahendum,
622 3487 654 3532 v.
667 3487 699 3548 g.
716 3469 752 3531 in
766 3469 907 3534 articulo
920 3471 1050 3547 mortis,
1063 3473 1203 3554 propter
1215 3469 1475 3551 legitimandam
1490 3485 1570 3552 pro-

394 3577 475 3656 lem,
491 3577 547 3643 vel
561 3578 785 3642 avertendum
801 3579 1008 3658 scandalum,
1027 3581 1189 3665 quiajam
1215 3581 1330 3646 omnia
1352 3583 1468 3662 parata
1492 3580 1572 3640 sunt

397 3685 440 3750 ad
456 3671 707 3750 solemnitatem
722 3686 920 3769 nuptialem,
938 3693 1000 3751 etc.
1119 3675 1126 3694 ¹

439 3793 574 3877 (Bened.
592 3793 742 3870 xlv,1ib.
761 3795 803 3857 IX
822 3795 863 3858 de
885 3796 1014 3878 Synod.
1032 3797 1142 3878 dimo,
1157 3815 1185 3860 c.
1203 3817 1237 3873 11,
1253 3815 1287 3860 n.
1305 3797 1334 3872 f,
1351 3793 1371 3858 i
1387 3801 1421 3860 et
1435 3795 1466 3871 3,
1486 3810 1571 3878 pras·

398 3907 450 3967 ter
465 3903 699 3968 difficultatem
722 3905 919 3968 recurrendi
942 3905 984 3970 ad
1008 3905 1143 3990 Papam,
1171 3925 1214 3970 ex
1234 3905 1386 3970 unanimi
1403 3900 1571 3967 sententia

428 4084 462 4150 (Ι)
477 4085 541 4136 Vide
556 4083 689 4134 indultum
711 4084 783 4147 quod
801 4085 868 4136 solet
886 4085 999 4136 conferri
1017 4086 1128 4150 singulis
1146 4088 1232 4149 anuis,
1249 4087 1292 4138 die
1306 4089 1335 4138 15
1348 4099 1421 4147 noa,
1441 4078 1571 4148 episcopis

397 4161 487 4212 Galliae
500 4165 527 4212 et
540 4160 716 4226 quarumdam
733 4161 844 4212 aliarum
859 4163 1009 4226 regionum.
1022 4163 1170 4214 Facultates
1185 4167 1346 4214 enumeratae
1360 4161 1387 4211 iu
1403 4160 1448 4210 illo
1466 4156 1571 4208 indulto

397 4244 509 4302 possunt
524 4236 716 4288 communicari
731 4237 834 4287 vicariis
853 4238 1030 4302 generalibus,
1048 4238 1155 4303 speciali
1174 4239 1239 4303 (uon
1254 4243 1342 4290 autem
1355 4235 1483 4304 generali)
1498 4232 1573 4283 dele-

396 4316 502 4379 gatione
516 4313 628 4378 siugulis
642 4313 720 4364 aunis
732 4319 866 4364 renovata.
884 4315 914 4363 lu
930 4315 1172 4379 dispensationibus
1195 4315 1262 4366 datis
1275 4314 1372 4364 virtute
1387 4313 1459 4362 illius
1475 4308 1572 4359 indulti

397 4391 435 4452 fet
448 4390 560 4441 aliorum
575 4389 705 4450 omnium)
728 4389 872 4452 requiritur
894 4392 924 4439 ut
939 4390 1095 4454 dispensans
1115 4391 1278 4442 mentionem
1299 4390 1377 4441 faciat
1401 4385 1572 4451 delegationis

397 4466 557 4530 apostolicae.

428 4542 525 4592 Preter
539 4541 610 4592 illam
624 4540 776 4617 faculatem
790 4541 903 4607 siugulis
919 4541 997 4592 annis
1012 4555 1174 4607 concessam,
1192 4543 1269 4608 plura
1283 4542 1335 4592 alia
1348 4542 1446 4592 dantur
1457 4537 1570 4598 indulta,

398 4619 476 4668 etiam
499 4618 633 4669 ordinaria
651 4616 799 4681 (triennale,
814 4617 1022 4683 quinquennale,
1039 4623 1135 4684 praeter
1155 4617 1364 4670 extraordinaria
1385 4631 1434 4682 pro
1452 4613 1572 4668 secundo

398 4695 481 4759 gradu
496 4707 636 4758 consang,
653 4693 739 4758 primo
749 4693 833 4758 gradu
844 4694 987 4756 affinitatis,
1000 4698 1050 4745 etc,
