3500 5552
455 538 458 548 -
514 517 603 562 arasa
624 517 751 571 acturus
768 517 988 564 nacanramua.
1278 493 1338 558 593
1376 478 1383 506 “

210 636 248 700 ln
262 634 360 701 titulo
371 653 467 700 axum
479 633 554 699 libri
568 635 611 699 lli
625 637 651 718 (ξ
664 656 708 712 ιιι,
720 637 753 700 nss
767 635 808 719 3),
821 635 980 710 diximus,
989 651 1068 698 cum
1082 630 1251 698 sententia
1262 648 1340 715 prc-

170 745 333 810 habiliora
350 749 384 810 et
400 745 437 809 in
450 745 546 828 praxi
557 746 667 827 magia
682 749 828 829 recepta,
845 742 1157 812 excommunicatos
1178 739 1339 806 toleratos

170 873 241 920 nou
255 852 421 919 excludis
434 852 608 935 sepultura
623 852 858 918 ecclesiastica.

211 963 462 1041 Verumtamen,
484 963 513 1028 si
527 961 839 1028 excommunicatus
855 961 1017 1028 toleratus
1034 960 1175 1030 decedat
1187 959 1342 1045 impaeni-

172 1076 247 1136 tens
268 1051 302 1136 et
319 1072 391 1136 sine
412 1071 510 1152 signo
530 1070 754 1146 contritionis,
774 1069 876 1135 debat
898 1069 1024 1153 privari
1043 1069 1218 1152 sepultura
1238 1068 1343 1136 ecole-

172 1180 316 1256 siastica,
341 1197 419 1244 cum
445 1183 625 1244 censeatur
641 1177 729 1243 mori
754 1177 790 1242 in
808 1176 867 1243 illo
887 1181 1025 1261 peccato
1048 1177 1185 1243 mortali
1204 1183 1345 1263 propter

173 1287 264 1372 quod
276 1287 341 1354 suit
355 1287 679 1364 excommunicatus,
697 1305 759 1351 seu
772 1290 950 1369 reputatur
962 1291 1120 1369 peccator
1134 1286 1300 1371 publicus.

214 1395 300 1461 Olim
320 1395 874 1479 sepelientesexcommunicatum
895 1393 1073 1460 vitandum
1094 1395 1131 1459 in
1151 1393 1228 1461 loco
1247 1414 1343 1462 sacro

173 1503 391 1568 incurrebant
406 1503 813 1580 excommunicationem
828 1502 940 1578 bodie,
956 1520 999 1568 ex
1010 1505 1088 1585 jure
1102 1505 1238 1570 constit.
1253 1503 1346 1590 Apo-

174 1611 297 1676 statice
314 1609 422 1688 Sedis,
441 1611 503 1677 soli
519 1636 535 1669 a
550 1609 753 1676 mandantes
767 1629 828 1676 seu
838 1611 1097 1694 cogentestradi
1112 1611 1347 1678 ecclesiastica

175 1719 358 1802 sapulturae
371 1719 548 1784 haereticos
565 1719 728 1797 notorius,
746 1723 805 1783 aut
821 1719 1023 1784 nominatim
1036 1713 1349 1786 excommunicatos

175 1826 231 1892 vel
245 1827 477 1905 interdictos»,
491 1826 646 1892 incidunt
654 1826 690 1888 in
701 1826 1089 1892 excommunicationem
1099 1828 1228 1892 nemim
1241 1845 1350 1893 reser-
1470 1909 1471 1914 ἵ

175 1940 300 2002 vatam.
314 1935 435 2018 Agitur
450 1954 532 2018 ergo
548 1940 681 2001 tantum
701 1933 742 1999 de
756 1933 821 1998 illis
837 1935 906 2020 qui,
923 1935 1122 2002 auctoritate
1142 1954 1210 2023 qua
1221 1935 1352 2019 pollent

178 2044 336 2122 exhibita,
350 2045 473 2127 jubent
488 2044 636 2128 aliquem
649 2043 784 2128 sepeliri
794 2043 830 2107 in
844 2042 919 2109 loco
935 2063 1041 2111 sacro.

216 2149 249 2233 ct)
266 2152 411 2228 Quartus
426 2153 569 2218 affectus
585 2153 945 2220 excommunicationis
961 2159 1013 2220 est
1018 2155 1167 2240 privatio
1177 2155 1348 2238 beneficio-

178 2277 264 2324 rum.
276 2259 377 2326 Juxta
386 2279 604 2327 communem
615 2262 830 2338 sententiam,
843 2263 1148 2329 excommunicatio
1162 2282 1233 2331 ιιοιι
1242 2265 1355 2349 privat

179 2368 511 2435 excommunicatum
520 2370 694 2436 beneflciis
708 2375 788 2436 ante
799 2371 1187 2437 excommunicationem
1200 2371 1352 2454 legitime

179 2477 337 2556 obtentis,
349 2497 430 2544 uam
437 2481 516 2562 jura
528 2477 640 2544 solum
654 2479 787 2544 butant
796 2478 1011 2545 collationem
1023 2479 1147 2546 iacmm
1160 2498 1355 2546 excommu-

179 2587 308 2664 nicato;
321 2605 423 2671 porro
431 2586 587 2671 jurailla,
601 2591 640 2650 ut
649 2586 778 2663 odiosa,
791 2592 871 2652 sunt
881 2588 994 2652 stricte
1007 2587 1270 2672 interpretanda.
1289 2589 1356 2654 Sed

179 2697 291 2764 reddit
304 2697 488 2762 inhabilem
502 2696 545 2763 ad
555 2695 621 2762 alia
630 2696 826 2774 obtinenda,
836 2697 883 2762 ita
897 2700 936 2761 ut
947 2697 1058 2763 omnis
1072 2698 1206 2764 collatio
1223 2699 1267 2763 sit
1279 2699 1354 2783 ipso

177 2797 255 2888 jure
269 2805 364 2872 nulla
378 2813 413 2872 et
427 2806 577 2872 invalida
589 2807 625 2871 in
642 2809 787 2890 utroque
801 2807 876 2871 loro
890 2806 974 2890 (cap.
990 2807 1189 2886 Postulcsti,
1206 2807 1248 2872 de
1265 2807 1354 2872 Cler.

180 2933 341 2980 cacomm.
353 2915 521 2998 minicia).
534 2914 630 2980 Ratio
644 2919 705 2991 est,
721 2913 800 2998 quia
809 2915 1014 2986 beneficium
1029 2914 1128 2979 datur
1136 2920 1274 2999 propter
1282 2916 1357 2981 offl-

180 3022 271 3087 cium
281 3022 422 3107 quodab
430 3021 723 3088 excommunicato
733 3021 884 3088 exerceri
893 3023 1021 3106 nequit.
1036 3021 1074 3086 Et
1085 3022 1357 3105 bocintelligitur

180 3132 285 3195 etiam
300 3130 342 3194 de
358 3130 511 3206 tolerato,
529 3130 618 3214 quia,
635 3129 699 3194 etsi
713 3128 831 3195 tideles
848 3147 919 3195 non
931 3133 1113 3196 teneantur
1125 3129 1222 3196 illum
1234 3133 1355 3211 vitare,

183 3241 299 3305 tamen
313 3238 369 3304 ille
383 3239 502 3323 nequit
521 3257 558 3304 se
581 3238 733 3304 ssdelium
749 3239 982 3305 communioni
997 3239 1164 3322 ingerere.

222 3348 364 3415 Nomine
379 3346 568 3415 celationis
582 3347 677 3412 venit
691 3346 803 3413 omnis
815 3346 946 3425 electio,
963 3350 1189 3432 presentatio,
1202 3351 1358 3418 nomina·

186 3457 245 3536 tio,
258 3457 474 3543 permutatio,
495 3461 557 3524 etc.
584 3457 666 3523 lude
690 3458 719 3522 si
740 3456 885 3537 collatio,
906 3459 1036 3538 electio,
1054 3463 1132 3540 etc,
1155 3466 1247 3528 esset
1270 3463 1360 3530 iacta

186 3569 341 3649 tempore
351 3583 418 3650 quo
428 3566 897 3650 quisestexccmmunicatus,
908 3574 1102 3634 remaneret
1114 3569 1360 3648 nulla,etiamsi

188 3675 372 3758 acceptatio
386 3692 457 3740 non
473 3676 534 3740 tiat
550 3676 617 3740 nisi
635 3679 714 3759 post
728 3676 904 3742 obtentam
920 3675 1180 3756 absolutionem,
1197 3697 1278 3746 nam
1292 3678 1360 3746 col·

186 3778 268 3846 latio
282 3781 347 3847 luit
366 3783 408 3847 ab
426 3783 523 3848 initio
543 3783 647 3862 nulla,
669 3800 708 3850 ac
723 3783 866 3867 proinde
881 3803 951 3852 non
964 3785 1175 3854 convalescit
1187 3807 1250 3872 per
1262 3789 1362 3856 abso-

187 3886 663 3975 lutionemposteasecutam.
1277 3969 1285 3978 ,

229 3998 333 4066 Secus
348 4000 376 4064 si
393 4005 485 4066 esset
499 4002 587 4067 iacta
601 4003 771 4086 ejusmodi
786 4004 920 4070 collatio
940 4023 960 4070 a
977 4005 1138 4074 Pontiflce
1157 4025 1236 4074 cum
1255 4011 1364 4077 scien-

58 4143 61 4151 ι
189 4105 236 4170 tia
262 4109 621 4175 excommunicationis
643 4109 809 4190 incursae;
836 4115 917 4178 tunc
942 4120 1102 4180 censetur
1123 4117 1211 4184 velle
1233 4137 1366 4186 excom·

189 4217 401 4282 municatum
419 4217 562 4284 reddare
580 4213 728 4284 habilem
747 4220 791 4286 ad
807 4221 1030 4302 benetlcium;
1052 4225 1080 4289 si
1099 4230 1214 4292 autem
1231 4226 1365 4296 collatio

18 4399 25 4430 ι
44 4357 60 4396 .;
189 4325 279 4391 tacta
291 4332 382 4392 esset
396 4328 499 4395 modo
515 4329 697 4408 ordinario,
713 4349 783 4396 nou
798 4331 938 4410 valeret,
958 4352 1037 4398 cum
1051 4339 1366 4404 excommunicatus

191 4433 681 4506 sitinhabilisadobtineudum
689 4439 825 4524 aliquod
833 4443 1173 4527 rescriptnmSummi
1181 4445 1364 4513 pontificia.

192 4541 257 4607 Sed
270 4545 336 4612 boc
349 4551 511 4628 praestare
524 4548 645 4632 nequit
656 4548 844 4632 episcopus,
863 4551 921 4634 qui
939 4569 1010 4617 non
1022 4557 1136 4636 potest
1148 4553 1292 4623 reddere
1309 4555 1367 4624 ha·

192 4649 306 4732 bilem,
318 4654 384 4720 nisi
398 4655 570 4724 mediante
584 4656 797 4724 absolutione
813 4659 1185 4731 excommunicationis.

354 4783 400 4830 111.
801 4785 804 4794 ’
1168 4773 1208 4840 38
