3500 5552
525 450 528 457 '
567 449 654 495 traso
676 447 803 502 colanus
824 447 1045 495 oncaamlwlt.

605 836 827 912 *rnutus
860 836 1018 911 xxxiv.
1067 788 1070 796 ’

506 1023 554 1067 ΒΕ
592 1021 861 1068 Puaonrtorts
899 1022 1120 1081 candales,

792 1217 836 1262 ΕΤ

528 1331 531 1336 ¹
612 1393 628 1426 *
653 1393 838 1469 TITULUS
865 1395 1007 1470 XXXV.

553 1581 598 1628 ott
619 1582 867 1630 PURGXTIONE
890 1583 1071 1632 volarat.

265 1891 361 1959 Nora.
378 1895 410 1957 1ο
425 1891 509 1957 Cum
523 1893 680 1977 purgatio
693 1893 736 1958 sit
750 1893 794 1970 ad
808 1893 1045 1961 declarandam
1064 1896 1295 1962 innocentiam
1309 1895 1398 1962 illius

227 2000 283 2084 qui
304 1999 345 2068 de
365 2001 506 2066 erimine
526 2001 591 2065 fuit
610 1985 816 2078 diffamatus,
837 2001 894 2068 vel
908 2002 949 2066 ad
964 2022 1101 2086 poenam
1117 2003 1229 2069 eidem
1244 2005 1400 2087 infligen-

227 2109 315 2185 dam,
334 2108 489 2193 estquod
504 2109 544 2174 de
559 2109 761 2192 purgatione
773 2109 831 2174 illa
849 2116 971 2192 agatur
983 2116 1061 2194 post
1073 2112 1324 2177 enarrationem
1338 2113 1400 2178 cri·

223 2217 367 2281 minum.
385 2217 543 2299 Purgatio
560 2217 616 2282 illa
631 2221 683 2282 est
695 2218 858 2283 canonica
868 2218 923 2284 vel
937 2218 1098 2301 vulgaris.
1115 2219 1152 2283 ln
1163 2238 1303 2304 corpore
1311 2221 1398 2304 juris

226 2323 351 2406 duplex
364 2324 509 2389 hahetur
530 2325 658 2400 titulus,
682 2325 813 2408 primus
835 2325 876 2390 de
894 2327 1097 2408 purgatione
1121 2327 1292 2404 canonica,
1314 2328 1400 2394 alter

226 2431 267 2496 de
286 2431 428 2514 vulgari.
453 2431 518 2498 Sed
538 2433 660 2497 melius
675 2436 967 2516 conjungerentur
978 2435 1013 2498 hi
1028 2436 1095 2500 duo
1109 2435 1213 2514 tituli,
1228 2455 1307 2500 cum
1322 2455 1399 2518 aga-

225 2546 280 2606 tur
298 2541 339 2608 de
353 2561 390 2623 re
409 2543 510 2608 hodie
524 2543 582 2607 vix
597 2544 731 2621 usitata,
750 2547 784 2609 et
797 2543 880 2609 alias
896 2544 937 2609 de
953 2544 1076 2628 duplici
1091 2546 1205 2624 modo,
1222 2565 1291 2612 uno
1306 2546 1398 2613 licito

177 2681 180 2686 »
224 2655 259 2715 et
273 2650 380 2716 allero
395 2651 521 2729 illicito,
540 2653 642 2718 unius
663 2653 820 2736 ejusdem
833 2654 898 2731 rei;
921 2672 1025 2738 quare
1041 2671 1062 2718 a
1081 2655 1180 2718 nobis
1200 2655 1256 2720 hic
1277 2655 1341 2720 erit
1362 2656 1397 2720 in

225 2758 344 2824 eadem
356 2759 593 2826 dissertatione
608 2761 649 2825 de
666 2768 808 2846 utraque
823 2763 1025 2845 purgatione
1042 2764 1266 2829 tractandum.

263 2866 295 2932 2⁰
312 2866 470 2949 Purgatio
484 2868 520 2932 in
533 2886 660 2949 genere
677 2874 729 2933 est
739 2871 890 2935 ostensio
906 2870 1120 2936 innocentiae.
1138 2870 1399 2936 lnmateriaori-

223 2973 351 3054 minati,
361 2979 400 3039 ut
410 2975 556 3040 sumitur
565 2976 777 3058 inpraesenti‚
791 2983 942 3043 estactus
953 2978 1115 3044 solemnis
1127 2998 1194 3062 quo
1203 2979 1399 3044 innocentia

223 3083 273 3147 rei
286 3087 404 3148 contra
416 3084 589 3166 objectum
601 3083 730 3148 crimen
742 3086 943 3151 ostenditur.
957 3087 1014 3151 Est
1029 3086 1156 3170 duplex
1170 3108 1177 3150 :
1194 3089 1367 3166 cononica,
1379 3106 1399 3152 a

224 3191 327 3256 sacris
339 3191 526 3256 canonibus
543 3191 745 3270 introducta,
766 3211 842 3276 quae
861 3193 951 3259 licite
966 3194 1146 3259 adhibetur
1165 3194 1399 3259 adostenden-

224 3297 303 3362 dam
316 3299 365 3362 rei
385 3297 549 3363 diffamati
563 3298 809 3378 innocentiam;
826 3303 989 3387 culparis,
1007 3319 1027 3367 a
1041 3302 1145 3384 vulgo
1160 3307 1304 3387 reperta,
1322 3321 1397 3388 quae

224 3407 352 3470 temere
368 3409 402 3470 et
423 3404 536 3470 illicite
551 3411 736 3490 usurpatur
749 3408 793 3473 ad
814 3409 1061 3475 ostendendam
1082 3410 1133 3476 rei
1155 3409 1397 3488 innocentiam,

223 3516 262 3574 ut
272 3529 334 3594 per
348 3513 511 3590 duellum,
527 3533 588 3598 per
601 3520 796 3583 contactum
807 3517 886 3582 terri
902 3519 1089 3596 candentis,
1107 3524 1170 3585 eto.

664 3751 800 3818 sdcrlo
823 3755 957 3820 PRIMA.

586 3908 633 3963 De
650 3911 852 3976 purgatione
868 3911 1038 3966 maculae.

135 4135 137 4140 ,
263 4058 297 4141 a)
311 4056 470 4140 Purgatio
486 4061 649 4126 canonica
664 4065 717 4124 est
732 4061 883 4128 ostensio
897 4061 1101 4128 innocentiae
1115 4063 1157 4128 de
1180 4064 1314 4147 objecto
1337 4062 1400 4127 cri-

222 4167 326 4242 mine,
341 4167 739 4250 juxtapraescriptionem
755 4168 809 4233 SS.
823 4187 994 4234 canonum
1008 4171 1106 4235 tacta.
1125 4170 1263 4250 Dicitur,
1278 4196 1293 4229 ιι
1300 4173 1400 4254 juxta

223 4273 514 4357 prascriptionem
528 4273 584 4338 SS.
599 4293 771 4340 canonum
786 4303 815 4354 n,
832 4277 911 4361 quia
925 4297 945 4344 a
961 4281 1039 4360 jnre
1054 4278 1217 4344 canonico
1236 4281 1288 4342 est
1305 4277 1399 4342 adin-

222 4386 337 4460 venta,
359 4387 394 4447 et
410 4382 452 4447 ab
464 4382 529 4448 hoc
541 4382 684 4466 proinde
699 4385 770 4450 vim
785 4391 819 4449 et
834 4387 1018 4451 ettioaciam
1036 4404 1133 4452 suam
1144 4386 1258 4452 hahet.
1275 4383 1312 4449 ln
1329 4386 1399 4469 qui-

222 4487 368 4554 busdam
381 4489 465 4555 locis
475 4491 540 4554 fuit
555 4492 657 4556 etiam
672 4491 707 4556 in
721 4494 795 4559 loro
809 4494 898 4558 civili
913 4499 1059 4578 recepta.

264 4598 350 4663 Olim
364 4600 484 4684 triplici
498 4600 601 4668 modo
616 4602 736 4669 tiebat:
751 4621 812 4686 per
823 4603 990 4687 judicium
1004 4604 1124 4683 crucis,
1140 4605 1231 4690 quod
1246 4605 1399 4691 pluribus

314 4727 349 4772 ιιι
1252 4717 1293 4782 32
