3514 5564
351 547 409 613 lid
808 567 861 614 rus
881 567 1060 615 aaronem.

349 689 390 753 30
399 706 478 770 aug.
490 689 580 754 tato.
594 687 633 752 nt
644 687 802 772 quamvis
811 685 910 752 multi
921 686 1030 752 velint
1042 688 1272 773 privationem
1282 689 1370 773 juris
1384 689 1523 774 petendi

351 797 504 864 debitum
517 795 643 860 incurri
657 796 699 860 ab
712 795 947 878 ignorantibus
961 801 1100 880 propter
1115 797 1307 862 naturalem
1321 797 1522 863 affluitatem

350 911 386 972 et
410 903 653 978 indecentiam,
684 903 879 987 oppositum
905 908 1022 970 tamen
1044 905 1147 970 etiam
1173 904 1310 970 videtur
1334 905 1519 988 probabile,

225 1044 227 1053 ·
349 1015 498 1079 maxime
512 1017 669 1098 respectu
684 1012 899 1096 simplicium,
911 1011 991 1077 lieet
1005 1013 1111 1077 tutior
1125 1012 1170 1076 sit
1182 1011 1401 1096 dispensatio,
1419 1032 1522 1098 quam

349 1122 501 1206 plerique
514 1123 712 1189 contessarii
728 1121 904 1205 regulares
925 1121 961 1189 vi
975 1139 1117 1186 suorum
1130 1120 1387 1206 privilegiorum
1401 1121 1522 1206 imper·

350 1231 404 1296 tiri
418 1236 574 1315 possunt.

301 1387 303 1390 -
389 1338 542 1405 Alterum
566 1338 862 1422 impedimentum,
886 1357 930 1402 ne
952 1337 1135 1421 complices
1154 1337 1411 1403 matrimonium
1436 1337 1522 1402 inire

231 1443 233 1446 ’
348 1447 481 1530 possint
494 1465 573 1512 cum
588 1465 802 1531 quacumque
818 1446 884 1512 alia
905 1463 1053 1531 persona
1065 1446 1168 1526 (inter
1183 1461 1221 1510 se
1236 1445 1328 1510 enim
1345 1451 1524 1531 nequeunt

349 1554 393 1619 ob
407 1554 689 1639 impedimentum
708 1553 892 1637 affinitatis)
909 1572 972 1639 per
984 1571 1058 1620 can.
1072 1553 1122 1630 93,
1144 1551 1369 1630 concubuisti,
1380 1555 1431 1630 33,
1444 1573 1475 1637 q.
1490 1555 1521 1631 l,

220 1719 221 1724 ,
348 1662 519 1728 contraria
531 1662 781 1738 consuetudine
797 1663 1000 1745 abrogatum
1017 1665 1080 1726 est.

388 1771 488 1854 Resp.
511 1771 541 1835 3.
564 1769 623 1836 Jus
648 1774 814 1836 statutum
837 1771 1027 1854 desponsa
1052 1774 1087 1835 et
1106 1770 1229 1836 marito
1250 1771 1354 1836 etiam
1372 1771 1524 1853 procedit

350 1878 391 1942 de
407 1893 542 1961 sponsa,
567 1876 623 1944 vel
636 1896 743 1943 uxore
757 1878 946 1944 fornicante
964 1897 1043 1943 cum
1058 1877 1314 1960 consanguineo
1330 1878 1444 1962 sponsi
1465 1883 1524 1942 aut

349 1984 462 2051 mariti
485 2006 492 2048 :
516 2003 597 2052 nem
618 1987 654 2050 in
676 1987 741 2052 hoc
768 2005 860 2062 casu,
888 1990 1028 2070 propter
1043 1985 1256 2051 identitatem
1279 1986 1431 2062 rationis,
1453 2005 1523 2050 non

349 2093 475 2158 debent
484 2094 527 2160 ad
537 2095 679 2177 imparia
690 2094 833 2178 judicari
843 2115 851 2172 3
863 2100 898 2159 et
914 2095 955 2160 de
970 2095 1098 2160 lamina
1107 2093 1199 2159 idem
1213 2094 1373 2159 statuitur
1384 2112 1458 2161 can.
1470 2093 1521 2174 et,

349 2200 392 2266 Si
405 2202 480 2284 quis
493 2202 645 2279 viduam,
661 2202 712 2279 33,
728 2222 760 2287 q.
778 2203 808 2280 7,
827 2206 861 2266 et
875 2221 949 2268 can.
962 2203 993 2280 9,
1009 2201 1052 2269 Si
1064 2203 1149 2286 puis,
1165 2202 1216 2280 at,
1234 2222 1265 2285 q.
1281 2202 1312 2266 2.

348 2387 378 2438 11.
405 2386 448 2440 Aa
475 2385 601 2440 incestus
621 2386 789 2440 commissus
803 2399 879 2441 cum
905 2385 1018 2454 propria
1048 2386 1261 2454 consanguinea
1297 2384 1382 2452 primi
1409 2384 1453 2438 vel
1480 2396 1523 2436 se-

366 2464 587 2599 {ffiffidus
610 2467 748 2534 impediat
765 2468 982 2524 matrimonium
997 2479 1063 2522 eum
1078 2479 1257 2534 quacumque
1272 2477 1394 2532 oenone
1413 2465 1522 2518 eontra-

388 2691 489 2776 Resp.
510 2685 683 2775 Negative,
706 2694 786 2780 quia
805 2694 839 2758 id
858 2693 952 2760 nullo
969 2697 1046 2777 jnre
1064 2697 1199 2760 constat
1219 2691 1418 2774 :majoritas
1440 2707 1523 2754 vero

349 2799 460 2865 delicti
485 2818 555 2866 non
580 2803 660 2868 iacit
682 2803 918 2870 extensionem
939 2803 1272 2888 impedimentorum.
1297 2800 1364 2866 Neo
1387 2800 1524 2865 obstant

343 2909 479 2992 antiqui
491 2927 652 2988 oenones,
673 2929 754 2976 nam
773 2911 960 2996 loquuntur
987 2912 1028 2978 de
1052 2910 1255 2976 incestuosis
1268 2911 1524 2976 contumacibus

348 3014 543 3081 nolentibus
565 3035 685 3101 parere
713 3019 852 3084 monitis
879 3019 1026 3103 episcopi
1058 3039 1067 3082 ε
1097 3023 1131 3083 et
1155 3019 1208 3082 his
1236 3017 1445 3102 imponenda
1472 3023 1525 3083 est

347 3122 482 3206 publiea
503 3126 721 3208 paenitentia,
749 3146 817 3210 qua
841 3127 1002 3207 durante,
1026 3146 1088 3212 per
1110 3126 1266 3192 accidens
1292 3126 1524 3209 impediuntur

348 3231 476 3314 nuptiae
496 3251 503 3296 :
520 3250 593 3296 can.
610 3232 668 3296 tin.
691 3234 742 3312 35,
759 3253 791 3318 q.
812 3235 843 3312 8,
861 3239 895 3300 et
909 3235 939 3299 si
959 3235 1016 3320 qui
1034 3235 1090 3300 alii
1102 3251 1251 3300 oenones
1268 3238 1348 3299 sunt
1363 3253 1406 3298 ex
1420 3251 1524 3300 causa

350 3336 481 3415 eadem,
498 3359 530 3423 q.
548 3339 568 3404 6
581 3346 615 3406 et
628 3341 678 3418 33,
695 3361 727 3426 q.
743 3341 763 3404 3
778 3346 813 3408 et
825 3341 856 3405 3.

782 3753 967 3832 TITULUS
993 3755 1085 3830 XIV.

629 3943 668 3988 DE
689 3943 965 3992 constantianum
988 3945 1026 3990 ΕΤ
1046 3945 1237 3992 assimilia.

387 4259 425 4323 ln
439 4261 482 4336 h,
497 4265 522 4324 t.
538 4259 750 4327 examinatur
764 4263 894 4348 duplex
907 4265 1195 4349 impedimentum
1208 4255 1382 4343 dirimens,
1397 4265 1523 4332 seilicet

346 4368 652 4451 consanguinitatis
668 4374 703 4436 et
716 4372 889 4436 affinitatis
904 4377 986 4436 ortae
1000 4391 1042 4438 ex
1056 4373 1179 4457 copula
1192 4372 1293 4438 licita.

386 4476 472 4543 Nota
495 4476 527 4541 t⁰
556 4480 889 4562 consanguinitatem
920 4479 985 4545 dici
1017 4482 1113 4565 quasi
1142 4481 1319 4563 sanguinis
1341 4482 1520 4556 unitatem,

347 4603 493 4669 eamque
508 4587 632 4670 accipi:
654 4589 685 4652 t⁰
701 4588 756 4654 vel
769 4590 893 4668 stricte,
914 4606 975 4654 seu
995 4591 1146 4666 civiliter,
1164 4609 1226 4673 pro
1241 4589 1377 4655 vinculo
1395 4587 1522 4654 carnali

346 4693 577 4761 intercedente
605 4695 694 4760 inter
718 4695 843 4768 liberos
867 4715 910 4762 ex
939 4697 1060 4764 eodem
1083 4701 1179 4782 patre
1203 4703 1238 4763 et
1257 4698 1391 4765 diversa
1412 4701 1521 4763 matre
