3514 5564
397 599 456 666 tul
852 617 904 665 tus
924 617 1102 664 canonicum.

392 739 425 799 il.
435 737 518 798 Solct
532 735 686 808 matrim),
702 735 773 808 quia
784 735 981 796 inhumanum
1004 742 1051 795 ast
1065 739 1098 794 ut
1118 748 1193 793 uxor
1212 733 1350 792 maritum
1374 734 1404 791 in
1426 747 1555 806 pauper-

393 833 482 886 tatem
503 825 626 900 redigat.
649 824 725 894 Quia
739 839 809 884 vero
829 827 962 899 exceptio
989 827 1046 884 ista
1065 831 1111 884 est
1135 823 1315 898 personalis,
1339 838 1398 881 non
1419 824 1561 897 competit

395 915 564 976 baronibus
579 914 691 988 mariti,
706 929 761 974 nec
775 914 885 974 directe
899 914 1140 989 fidejussoribus.
1157 918 1198 972 llo
1210 928 1269 987 quo
1284 913 1350 973 uide
1366 913 1395 971 in
1409 913 1561 973 111111111-

393 1010 486 1079 putat.
502 1003 580 1063 civil.
597 1004 709 1077 disput.
726 1008 769 1074 19,
785 1010 917 1063 controv.
936 1011 963 1062 1.
989 1007 1133 1064 Gaeterum
1149 1009 1256 1077 prater
1274 1004 1384 1074 dotem,
1407 1003 1465 1062 alia
1484 1002 1562 1061 bona

395 1100 425 1156 et
438 1094 521 1153 lucra
535 1107 602 1168 qum
621 1093 746 1166 quilibet
766 1095 929 1168 conjugum
945 1109 981 1154 er
997 1109 1053 1153 sua
1067 1094 1196 1167 pecunia
1210 1093 1267 1152 sibl
1291 1094 1483 1166 comparavit,
1501 1107 1560 1150 non

395 1189 466 1242 sunt
475 1183 659 1242 restituenda
671 1183 702 1253 tl.
715 1187 764 1254 Vl,
779 1183 844 1243 cSt
853 1184 1038 1258 1111111111,
1050 1183 1069 1242 l.
1078 1186 1138 1256 llll,
1146 1199 1173 1242 c.
1187 1182 1391 1254 1111111111),
1408 1183 1470 1242 nisi
1483 1195 1562 1241 com-

397 1271 527 1332 muniter
536 1271 656 1344 utrique
669 1271 875 1344 obvenissent,
889 1287 918 1331 v.
932 1288 961 1347 g.
976 1287 1011 1330 er
1020 1271 1129 1347 legato,
1143 1272 1312 1344 donatione,
1323 1277 1390 1344 etc.;
1400 1281 1561 1346 quosensu

397 1360 530 1435 procedit
543 1374 608 1433 cap.
623 1365 640 1418 2
655 1360 685 1418 h.
700 1364 723 1418 t.

766 1513 809 1564 lv.
824 1511 873 1564 cui
888 1511 939 1564 dos
950 1511 1128 1565 restituenda
1141 1512 1197 1565 sitt

434 1639 522 1708 ltesp.
538 1639 566 1693 1ο
583 1635 612 1693 Si
628 1636 694 1708 ipsa
708 1649 784 1692 uxor
798 1635 896 1693 dotem
912 1633 1002 1706 dedit,
1017 1636 1072 1694 dos
1092 1637 1128 1701 oi.
1150 1637 1197 1695 vel
1211 1637 1277 1710 ejus
1292 1636 1459 1694 haeredibus
1475 1635 1560 1692 resti-

397 1726 441 1783 tui
455 1725 542 1784 debet
549 1724 612 1798 (lib.
627 1726 810 1798 unicprinc.
823 1725 888 1782 cod.
902 1725 937 1784 de
950 1727 1002 1786 ltet
1011 1740 1097 1784 uxor.
1109 1728 1178 1798 act.)
1188 1731 1218 1784 2⁰
1228 1727 1256 1784 Si
1266 1727 1320 1784 dos
1333 1726 1389 1784 tuit
1400 1724 1565 1798 prolocutio

398 1819 518 1887 epatre,
532 1814 579 1872 rel
594 1813 652 1873 alio
663 1820 785 1886 paterno
800 1815 987 1885 ascendente,
999 1821 1038 1884 et,
1054 1815 1181 1874 duranto
1191 1816 1284 1888 patria
1294 1819 1449 1888 potestate,
1462 1814 1565 1871 inatri-

399 1903 533 1963 monium
549 1908 693 1975 solvatur,
709 1904 763 1964 dos
777 1905 852 1963 redit
866 1905 901 1963 ad
918 1905 1079 1974 dmentem,
1090 1920 1150 1963 non
1164 1919 1234 1964 vero
1248 1904 1284 1963 ad
1300 1905 1433 1964 haeredes
1446 1905 1565 1973 dotatae,

400 1993 460 2052 nisi
475 1992 560 2052 aliter
573 1999 752 2052 conventum
768 1994 807 2052 sit
822 1994 885 2066 (lib.
901 1997 948 2062 lv,
968 1995 1033 2054 ced.
1048 1994 1141 2054 Solet.
1156 1995 1301 2064 matrim„
1318 1994 1370 2052 lib.
1383 1997 1416 2058 ll,
1432 1993 1462 2052 ll.
1477 1993 1565 2065 eod),

400 2096 469 2140 narn
484 2080 581 2151 liberi,
595 2081 663 2140 licet
677 2083 763 2140 matri
777 2083 948 2152 succedant,
969 2081 1101 2141 exclusis
1121 2082 1365 2154 ascendentibus,
1387 2083 1445 2141 ista
1467 2087 1564 2140 tamen

400 2170 556 2230 successio
569 2184 629 2228 non
644 2176 690 2228 est
701 2169 730 2228 in
741 2171 830 2230 bonis
841 2171 1016 2243 prolectittis
1028 2170 1135 2244 (actu,
1151 2185 1187 2228 err
1202 2185 1270 2228 nov.
1287 2175 1348 2242 118,
1362 2185 1426 2244 cap.
1443 2169 1480 2243 1).
1493 2169 1565 2228 1111

400 2259 566 2319 dotataiuit
580 2260 774 2334 emancipata,
797 2261 873 2320 sicut
889 2275 924 2318 ex
946 2260 1164 2319 consuetudine
1183 2262 1345 2319 Germanis
1367 2259 1566 2320 communiter

401 2363 453 2422 per
465 2348 585 2422 nuptias
601 2349 815 2422 emancipatur,
828 2351 883 2409 dos
896 2349 973 2407 redit
994 2349 1030 2407 ad
1046 2363 1180 2418 uxorem,
1203 2349 1249 2407 vel
1264 2350 1330 2422 ejus
1349 2349 1482 2407 haeredes
1506 2347 1565 2421 (cit.

401 2439 452 2498 lib.
469 2440 549 2498 unic.
566 2441 631 2499 cod.
645 2440 680 2498 de
692 2441 743 2501 llct
752 2441 861 2513 urea),
877 2441 948 2513 qula
961 2453 1013 2512 per
1028 2438 1294 2512 emancipationem
1310 2439 1365 2498 dos
1380 2439 1492 2498 desinit
1502 2453 1568 2496 esse

402 2531 577 2602 profectitia.
602 2535 630 2589 ³⁰
653 2535 712 2590 llos
736 2531 897 2590 adventitia
918 2545 987 2590 curn
1009 2534 1095 2603 pacto
1114 2529 1318 2588 restitutionis
1337 2529 1415 2600 data,
1439 2529 1516 2587 redit
1531 2528 1567 2586 ad

402 2618 568 2689 dotantem3
598 2618 717 2680 secluso
739 2620 790 2678 tali
819 2625 921 2692 pacto,
944 2625 1082 2677 remanet
1103 2618 1204 2688 uxori,
1229 2617 1275 2676 rel
1296 2619 1362 2691 ejus
1384 2618 1568 2688 haeredibus,

403 2706 474 2779 qula
489 2712 629 2766 censetur
642 2723 709 2768 esse
730 2709 838 2766 donata
862 2708 923 2778 (cit.
939 2708 990 2765 lib.
1011 2707 1103 2776 unic,
1128 2708 1145 2780 §
1176 2709 1229 2780 lt).
1244 2711 1274 2764 t·
1291 2707 1320 2764 Si
1347 2705 1568 2764 matrimonium

403 2796 482 2854 bona
504 2795 561 2855 tide
585 2812 654 2857 cum
675 2799 887 2871 impedimento
911 2798 1068 2856 dirimente
1095 2803 1282 2856 contractum
1298 2804 1359 2867 est,
1388 2797 1443 2855 dos
1472 2797 1569 2867 uxori,

403 2891 433 2943 et
445 2885 566 2944 donatio
580 2889 829 2961 proptercuprtas
845 2889 951 2946 marito
962 2888 1140 2957 restituitur,
1157 2888 1280 2946 excluso
1293 2886 1438 2946 beneficio
1453 2901 1569 2959 compe-

404 2975 503 3034 tentiae
518 2977 592 3049 (cap.
618 2983 628 3036 1
647 2979 677 3035 h.
700 2978 745 3052 1.),
762 2993 831 3036 nam
846 2979 948 3036 datum
965 2993 1001 3036 ex
1021 2993 1122 3047 causa,
1145 2991 1236 3038 causa
1258 2993 1317 3035 non
1336 2983 1453 3046 secuta,
1478 2976 1570 3048 repeti

331 3134 338 3152 κ
404 3069 502 3138 potest
517 3065 546 3123 in
568 3067 708 3138 solidum,
732 3083 800 3126 curn
823 3068 871 3126 bic
883 3073 981 3126 cesset
993 3069 1158 3125 reverentia
1177 3066 1333 3126 maritalis.
1348 3071 1384 3123 nt
1402 3065 1428 3124 si
1443 3064 1571 3123 scienter

404 3154 627 3213 matrimonium
642 3161 826 3215 contractum
842 3161 887 3214 est
902 3171 968 3214 cunr
984 3155 1196 3229 impedimento
1213 3155 1382 3226 dirimente,
1401 3156 1456 3214 dos
1475 3162 1504 3212 et
1517 3154 1570 3212 do-

404 3244 486 3302 natio
502 3251 621 3317 propter
636 3247 755 3320 nuptias
769 3247 924 3315 amittitur,
947 3251 976 3302 et
991 3245 1065 3303 lrsco
1085 3246 1250 3318 applicatur
1265 3244 1326 3319 (lib.
1342 3249 1377 3303 lv
1390 3246 1455 3304 cod.
1474 3245 1509 3304 de
1523 3245 1571 3303 la·

405 3337 475 3392 reat.
490 3334 676 3406 eupatore
691 3336 738 3394 lex
753 3335 869 3394 videtur
884 3333 1133 3406 comprehendere
1148 3335 1248 3392 omnia
1262 3334 1450 3392 matrimonia
1464 3334 1572 3408 dejure

406 3435 472 3480 can.
488 3423 661 3495 reprobata;
684 3424 743 3482 nisi
763 3425 950 3483 consuetudo
965 3423 1050 3482 aliter
1065 3423 1134 3496 jura
1149 3424 1207 3482 ista
1226 3424 1445 3495 interpretetur.
1463 3427 1497 3481 Et
1511 3423 1574 3480 baec

405 3511 442 3570 de
464 3512 652 3571 restitutione
671 3512 750 3572 dotis
774 3509 948 3586 procedunt,
970 3515 1033 3573 sive
1053 3514 1276 3572 matrimonium
1301 3513 1434 3572 solvatur
1458 3518 1573 3572 tantum

406 3603 503 3675 quoad
519 3608 618 3662 torum
630 3608 660 3661 et
672 3603 931 3672 cohabitationem,
943 3604 1112 3676 sirequoad
1127 3604 1281 3662 vinculum
1294 3618 1347 3676 per
1361 3609 1497 3663 mortem.

570 3754 601 3807 V.
617 3751 734 3814 Quando
747 3752 893 3806 amittatur
905 3753 955 3806 dos
966 3755 1010 3806 ret
1026 3753 1140 3806 donatio
1154 3755 1266 3818 propter
1280 3753 1412 3817 nuptios‘t

443 3877 532 3946 Resp.
547 3877 572 3930 1.
589 3872 617 3930 Sl
632 3887 669 3930 ex
681 3887 773 3932 causa
788 3874 925 3932 adulterii
936 3873 1069 3932 formalis
1083 3874 1113 3930 in
1125 3874 1223 3946 specie
1237 3887 1294 3932 sua
1306 3871 1443 3946 completi
1463 3871 1515 3930 dat
1530 3871 1574 3929 di·

408 3965 548 4034 rontium,
561 3979 637 4023 uxor
651 3966 796 4024 innocens
815 3965 1004 4026 donationem
1025 3979 1111 4024 suam
1126 3966 1244 4037 repetit,
1265 3970 1294 4022 et
1308 3964 1440 4023 lucratur
1457 3965 1554 4023 dotem
1567 3983 1574 4034 3

408 4061 441 4114 nt
455 4055 512 4114 hoc
523 4055 611 4116 modo
622 4056 796 4129 gravissima
810 4056 918 4128 injuria
933 4071 985 4128 per
999 4056 1175 4114 adulterium
1187 4056 1276 4125 illata,
1290 4053 1480 4127 aliquatenus
1491 4055 1576 4112 inno·

409 4145 487 4205 centi
509 4151 718 4218 compensetur
739 4146 802 4204 :ita
815 4146 851 4204 de
869 4152 994 4219 utroque
1006 4147 1074 4219 jure
1085 4146 1122 4218 (c.
1137 4149 1165 4216 1,
1180 4146 1366 4218 Plomtmpoe,
1379 4145 1409 4202 h.
1421 4151 1453 4214 t,
1473 4145 1492 4201 l.
1504 4147 1577 4213 vill,

408 4237 460 4309 §ta
480 4241 507 4305 5,
523 4251 549 4294 c.
562 4233 598 4294 de
611 4236 731 4308 tepea,
748 4251 816 4294 nou.
833 4240 895 4305 117,
911 4251 936 4294 e.
954 4240 980 4304 8,
995 4235 1062 4309 §²l·
1087 4239 1158 4306 Quae
1173 4241 1270 4293 tamen
1284 4235 1353 4307 jura
1370 4235 1498 4306 poenalia
1517 4249 1577 4292 non

408 4325 610 4384 extenduntur
624 4326 660 4384 ad
673 4325 788 4395 oscula,
799 4331 896 4382 tactus
911 4329 939 4382 ct
954 4325 1030 4383 alias
1046 4339 1153 4384 causas
1168 4339 1204 4382 ex
1219 4323 1330 4397 quibus
1346 4323 1378 4380 lit
1391 4323 1550 4381 divortium
1567 4341 1574 4379 :

409 4413 470 4472 irno
485 4413 669 4487 probabilius
680 4429 734 4472 nec
748 4414 784 4471 ad
798 4427 900 4472 casum
914 4411 1028 4485 copulae
1042 4412 1236 4482 sodomiticae,
1254 4417 1356 4484 utpote
1379 4425 1439 4468 non
1456 4425 1577 4482 expres·

409 4517 487 4561 sum.
505 4505 592 4562 flecte
604 4509 701 4560 tamen
718 4503 804 4572 tilam,
821 4505 896 4572 Far„
911 4501 995 4560 ileill.
1013 4507 1043 4559 et
1060 4501 1110 4559 alii
1127 4501 1319 4560 dicunt-huic
1339 4515 1435 4574 poenae
1457 4513 1525 4558 esse
1537 4499 1579 4557 lo-

410 4607 490 4663 cum,
508 4592 533 4650 si
550 4593 579 4650 in
596 4593 785 4651 matrimonio
797 4592 929 4664 putativo
943 4592 1144 4650 committatur
1155 4591 1345 4661 adulterium,
1366 4591 1437 4665 quia
1454 4595 1500 4648 est
1522 4590 1579 4646 l'or-

410 4681 526 4738 maliter
542 4681 610 4750 tale,
637 4681 705 4739 licet
730 4681 836 4739 deinde
857 4682 1013 4756 detegatur
1035 4680 1281 4752 impedimentum
1303 4679 1459 4738 dirimens·
1480 4681 1579 4750 Neque

409 4771 478 4842 jura
492 4769 757 4829 istaextenduntur
768 4769 804 4828 ad
820 4770 898 4829 bona
914 4769 1099 4844 parapherna
1120 4771 1236 4841 uxoris,
1253 4771 1397 4842 quianon
1422 4773 1494 4828 sunt
1513 4767 1578 4826 dos.
