3500 5552
373 559 433 624 too
833 577 882 622 tos
903 573 1083 621 ciuourccu.

373 697 521 772 tationis,
538 695 617 760 licet
629 713 699 761 non
713 695 862 760 habeant
873 695 1145 778 jurisdictionem
1158 696 1406 766 contentiosam
1421 697 1455 760 in
1471 696 1548 762 snb

373 804 461 869 ditos
475 822 616 869 suorum
632 805 939 885 suffraganeorum.

412 913 604 978 cardinales
625 918 769 997 possunt
789 913 975 978 concedere
990 913 1024 977 in
1041 911 1191 977 ecclesiis
1212 929 1354 976 suorum
1371 912 1548 978 titulorum

372 1021 619 1104 indulgentiam
638 1022 696 1084 100
715 1021 858 1097 dierum,
881 1021 1013 1085 etiamsi
1029 1039 1099 1085 uon
1113 1021 1181 1085 sint
1195 1021 1344 1104 episcopi
1363 1039 1427 1085 nec
1441 1039 1548 1086 sacer-

372 1129 468 1193 dotes
483 1127 575 1210 (Vide
591 1128 693 1204 Feri,
711 1129 731 1191 l.
752 1147 792 1206 a,
808 1147 842 1192 n.
860 1127 921 1211 23).
938 1127 1013 1192 lstae
1029 1127 1250 1209 indulgentiae
1265 1147 1334 1193 non
1351 1133 1431 1192 sunt
1446 1128 1548 1213 appli-

370 1236 494 1302 cabiles
505 1237 780 1312 defunctis;nam
790 1236 883 1300 solus
894 1236 984 1320 Papa
996 1238 1099 1302 habet
1108 1237 1221 1302 claves
1232 1237 1382 1302 thesauri
1393 1235 1546 1302 Ecclesiae

368 1351 403 1408 et
422 1349 536 1427 potest
552 1345 700 1428 pretium
722 1345 845 1409 ollerre
868 1362 930 1428 per
954 1345 1097 1409 modum
1120 1345 1272 1426 suffragii
1293 1349 1431 1424 (comm.
1457 1349 1544 1411 sent.

368 1473 420 1536 ap.
439 1453 543 1529 Ferr,
560 1453 581 1516 l.
599 1473 638 1528 c.,
657 1473 693 1517 n.
710 1455 771 1532 31).

406 1561 439 1624 3⁰
455 1560 586 1627 Praelati
603 1560 762 1645 episcopo
777 1562 966 1636 inferiores,
984 1562 1142 1646 quamvis
1156 1565 1191 1627 in
1206 1563 1379 1628 nonnullis
1399 1565 1549 1630 habeant

366 1674 571 1755 potestatem
594 1668 690 1752 quasi
713 1670 949 1754 episcopalem,
973 1690 1042 1735 non
1064 1677 1209 1754 possunt
1227 1675 1305 1755 jure
1325 1673 1497 1737 ordinario
1513 1679 1548 1738 et

366 1778 504 1861 proprio
527 1777 714 1842 concedere
733 1777 975 1859 indulgentias,
1000 1797 1079 1843 cum
1099 1779 1133 1843 id
1148 1779 1267 1844 nullibi
1286 1781 1477 1862 reperiatur
1497 1782 1547 1845 eis

366 1903 578 1951 concessum.
596 1885 682 1949 Item
695 1885 825 1967 praelati
841 1887 1015 1968 regulares
1030 1886 1260 1969 indulgentias
1282 1888 1470 1953 concedere
1489 1907 1547 1953 ne·

366 1999 512 2077 queunt;
526 2012 589 2057 nec
599 1993 746 2058 vicarius
756 1994 925 2075 generalis
937 1995 1009 2058 siue
1021 1995 1156 2079 speciali
1168 1997 1426 2072 commissione;
1439 1995 1547 2062 multo

365 2101 480 2164 minus
502 2100 688 2185 capitulum
714 2101 771 2166 vel
791 2103 937 2166 vicarius
957 2102 1161 2187 capitularis,
1186 2103 1267 2167 sede
1290 2110 1445 2182 vacante,
1468 2123 1548 2169 oum

366 2213 516 2291 potestas
529 2209 737 2274 concedendi
751 2208 982 2290 indulgentias
997 2210 1041 2273 sit
1055 2215 1229 2275 reservata
1246 2211 1402 2294 dignitati
1419 2213 1548 2295 episco-

366 2315 433 2399 pali
441 2317 485 2396 (S.
503 2316 624 2397 Gongr.
641 2315 741 2380 Cone.
758 2317 796 2381 13
806 2334 886 2380 nov.
902 2317 1002 2399 1688).

407 2425 493 2506 elrln
498 2426 649 2506 focerltos
660 2426 858 2507 conserendi
865 2425 1094 2511 indulgentias
1099 2429 1206 2510 possit
1218 2429 1363 2494 obtineri
1374 2439 1546 2514 conseretu-

367 2532 470 2596 dz'ne?
481 2532 661 2614 Disputaut
674 2532 843 2613 theologi:
858 2535 958 2615 Juxta
970 2533 1098 2599 multos
1111 2553 1181 2599 non
1194 2541 1310 2619 posset
1325 2538 1372 2602 sic
1387 2538 1544 2614 obtineri,

367 2642 431 2704 nisi
440 2641 577 2706 accedat
585 2659 774 2707 consensus
785 2643 906 2706 tacitus
919 2643 1050 2707 Summi
1058 2644 1239 2720 Pontinas,
1252 2646 1331 2729 quia
1340 2647 1410 2711 tolli
1421 2647 1547 2711 debent

366 2767 476 2831 poenae
501 2749 569 2814 Deo
595 2750 726 2825 debitae,
752 2750 844 2833 quod
868 2752 941 2814 lieri
966 2752 1086 2836 nequit
1109 2754 1182 2817 sine
1208 2753 1384 2818 voluntate
1406 2753 1466 2818 Dei
1486 2759 1546 2819 aut

367 2858 517 2938 supremi
534 2856 689 2940 ejusdem
705 2861 739 2922 in
757 2860 854 2923 terris
868 2859 991 2924 vicarii.

686 3047 718 3096 ll.
733 3045 824 3096 causa
841 3043 1006 3097 conferendi
1023 3043 1223 3110 indulgentias.

405 3191 438 3266 at
453 3187 561 3252 Causa
572 3190 666 3272 justa
681 3193 715 3252 et
729 3188 938 3253 rationabilis
953 3189 1137 3273 requiritur
1150 3195 1190 3252 ut
1200 3189 1311 3254 valide
1326 3174 1547 3256 conferantur

364 3295 597 3378 indulgentia,
613 3295 716 3360 etiam
731 3314 752 3360 a
766 3295 907 3361 Summo
919 3295 1091 3362 Pontillce.
1104 3297 1201 3363 Ratio
1216 3304 1278 3373 est,
1292 3299 1371 3382 quia
1383 3299 1545 3363 Summus

365 3403 520 3468 Pontifex
545 3423 615 3470 non
640 3410 692 3468 est
712 3403 872 3470 dominus
897 3407 1048 3470 thesauri
1070 3398 1237 3485 Ecclesia,
1261 3409 1322 3472 sed
1346 3408 1456 3473 solum
1479 3408 1545 3472 dis-

364 3516 535 3594 pensator.
553 3511 626 3576 lmo
650 3529 753 3577 causa
774 3513 982 3578 concedendi
1004 3532 1072 3578 non
1093 3513 1206 3579 solum
1230 3515 1331 3580 debet
1356 3533 1431 3580 esse
1451 3519 1546 3598 justa

338 3689 340 3692 ,
365 3625 400 3684 et
413 3619 632 3693 rationabilis,
649 3620 708 3684 sed
722 3622 829 3686 ¹etiam
839 3622 1096 3706 proportionata
1110 3624 1174 3706 ipsi
1191 3615 1423 3705 indulgentiae,
1445 3625 1545 3688 itaut

364 3733 475 3812 major
497 3748 600 3795 causa
615 3731 817 3814 requiratur,
838 3732 974 3816 quando
992 3735 1104 3815 major
1124 3736 1176 3797 est
1194 3732 1407 3814 indulgentia
1425 3733 1542 3816 (Lugo,

367 3839 451 3923 disp.
469 3839 519 3914 tl,
535 3857 561 3902 s.
579 3839 608 3914 8,
627 3858 659 3903 n.
677 3839 751 3914 tlh
769 3841 912 3916 Ferrar,
933 3841 953 3904 l.
972 3859 1011 3917 a,
1028 3840 1078 3916 34,
1095 3842 1155 3922 35).
1308 3921 1312 3928 .

405 3948 433 4027 d)
452 3946 516 4010 Sed
540 3945 638 4030 plura
661 3952 741 4010 sunt
765 3949 939 4032 speciatim
962 3949 1113 4014 notanda
1138 3950 1226 4014 circa
1246 3947 1339 4013 illam
1356 3951 1486 4032 justam
1510 3953 1545 4013 et

364 4055 655 4140 proportionatam
665 4073 814 4120 causam.
832 4057 864 4120 1⁰
876 4056 927 4119 Ad
937 4059 1067 4140 justam
1077 4057 1304 4122 concedenda
1320 4056 1544 4139 indulgentia

364 4182 503 4228 oausam
525 4163 709 4246 requiritur
731 4163 906 4247 inprimis
930 4164 1050 4248 aliquis
1074 4167 1153 4230 linis
1172 4166 1249 4250 pius
1264 4171 1299 4230 et
1320 4165 1541 4246 Deogratus,

364 4274 462 4355 cujus
484 4272 651 4340 assecutio
674 4272 783 4353 magis
805 4271 875 4336 lieo
896 4259 1036 4355 placeat,
1057 4293 1160 4357 quam
1183 4273 1425 4358 poeuitentialis
1448 4273 1545 4337 satis-

364 4382 464 4446 factio
478 4401 552 4466 quae
567 4401 628 4464 per
648 4381 897 4463 indulgentiam
912 4383 1094 4448 relaxatur.
1114 4385 1146 4448 9⁰
1163 4385 1306 4450 Necesse
1331 4388 1383 4448 est
1402 4387 1441 4446 ut
1459 4401 1544 4465 opus

364 4492 493 4555 bonum
516 4489 761 4572 praescribatur,
786 4508 848 4573 per
872 4490 961 4572 quod
985 4492 1063 4555 iluis
1082 4491 1138 4556 ille
1153 4492 1374 4575 probabiliter
1399 4491 1544 4556 obtineri

364 4598 481 4681 possit.
507 4596 634 4660 Tamen
659 4615 729 4660 uon
753 4598 938 4680 requiritur
962 4599 1107 4665 utillud
1130 4600 1371 4683 opussittam
1396 4599 1545 4664 satislac·
1616 4639 1619 4645 -

364 4705 500 4781 terium,
519 4709 557 4769 ut
569 4722 675 4788 capax
692 4705 736 4770 sit
752 4708 975 4790 compensare
990 4726 1052 4791 per
1067 4725 1103 4773 se
1117 4727 1256 4792 poenam
1277 4709 1443 4780 debitam3
1460 4705 1542 4772 alias
