3418 5566
361 483 421 548 378
857 509 910 557 sus
930 509 1110 557 manricus.

361 623 449 688 circa
463 623 624 704 duellum,
639 632 675 691 et
696 627 773 692 ideo
800 634 959 713 parentes
975 631 1076 695 occisi
1096 637 1241 716 possunt
1254 638 1370 716 petere
1384 651 1405 700 a
1414 635 1546 719 judice

361 749 501 813 paenam
534 733 738 803 ordinariam
766 743 885 804 contra
910 739 1131 816 occidentem,
1162 746 1326 826 tanquam
1356 745 1545 810 homicidii

363 857 471 905 reum.

401 949 432 1030 ¹b)
445 947 526 1015 lure
545 957 702 1020 canonico
718 959 870 1040 antiquo,
895 959 1020 1044 duplex
1036 978 1144 1044 poena
1164 969 1295 1026 statuta
1313 970 1388 1026 erat
1415 969 1547 1027 contra

363 1059 517 1125 clericum
537 1061 755 1130 duellantem.
778 1067 809 1129 1⁰
829 1065 1014 1132 Jubebatur
1035 1067 1158 1152 deponi
1171 1069 1212 1150 (c.
1236 1070 1253 1133 1
1276 1070 1310 1134 h.
1330 1070 1377 1152 t),
1398 1070 1546 1136 etiamsi

363 1187 455 1235 mors
466 1175 525 1236 aut
535 1171 703 1239 mutilatio
717 1180 834 1240 secuta
847 1193 916 1240 non
931 1179 1031 1241 esset.
1048 1177 1081 1240 2⁰
1095 1176 1129 1241 Si
1144 1177 1180 1240 in
1192 1175 1305 1243 duello
1314 1177 1456 1243 clericus
1470 1197 1547 1262 per

363 1297 400 1343 se
412 1279 468 1344 vel
480 1297 541 1363 per
553 1279 658 1346 alium
669 1301 824 1366 pugnans
837 1282 985 1370 aliquem
997 1285 1127 1351 occidat
1136 1285 1191 1351 vel
1204 1286 1350 1364 mutilet,
1362 1289 1546 1352 contrahit

363 1385 647 1468 irregularitatem
661 1392 743 1482 (cap.
760 1393 818 1457 tin.
835 1394 869 1457 h.
891 1399 914 1457 t.
933 1399 1005 1458 etc.
1022 1394 1046 1458 i.
1059 1395 1100 1458 de
1114 1395 1314 1474 Homicidia,
1330 1397 1367 1460 in
1377 1397 1433 1475 θ’).
1447 1395 1543 1460 Cum

363 1494 399 1558 in
409 1497 487 1578 jure
497 1498 636 1582 antiqno
650 1499 871 1565 intendantur
884 1502 946 1567 soli
962 1501 1072 1567 clerici
1087 1501 1287 1578 duellantes,
1302 1502 1544 1569 Decretalibus

365 1603 406 1676 de
424 1603 535 1671 duello
549 1607 710 1690 praefixus
722 1613 775 1673 est
789 1609 838 1672 tit.
857 1610 898 1675 de
914 1609 1049 1674 Clericis
1056 1609 1292 1694 propinantibus
1304 1612 1339 1674 iu
1355 1611 1478 1677 duello.

404 1711 431 1795 c)
444 1712 525 1776 lure
540 1716 718 1780 novissimo
733 1716 846 1800 (Trid,
862 1735 946 1784 sess.
971 1718 1021 1794 25,
1040 1736 1068 1783 c.
1090 1718 1139 1794 19,
1166 1718 1207 1784 de
1225 1717 1326 1800 Rufi),
1351 1717 1542 1804 ampliores

366 1825 741 1908 statutaesuntpoenae:
1203 1897 1207 1906 ,

406 1937 437 1998 1ο
448 1934 584 2001 Domini
598 1937 802 2020 temporales
815 1939 874 2022 qui
896 1937 1123 2002 duellantibus
1150 1936 1265 2002 locum
1286 1938 1323 2001 in
1345 1938 1417 2002 suis
1438 1940 1545 2004 ten-is

365 2043 566 2122 concedunt,
583 2047 971 2113 excommunicationem
985 2047 1163 2111 incurrunt
1175 2045 1252 2110 latae
1268 2047 1456 2112 sententie.
1468 2047 1545 2114 Hoc

367 2157 481 2218 tamen
491 2172 562 2218 non
574 2153 676 2219 debet
695 2154 839 2237 intelligi
854 2155 895 2219 de
910 2153 1118 2238 principibus
1133 2157 1168 2218 et
1180 2151 1318 2235 regibus
1340 2153 1398 2238 qui
1416 2157 1546 2237 permi-

367 2267 485 2325 serunt
498 2261 553 2327 vel
568 2280 638 2327 non
650 2262 896 2345 prohibuerunt
907 2261 1029 2339 duella,
1043 2262 1104 2328 sed
1113 2266 1247 2328 tantum
1260 2259 1301 2326 de
1312 2261 1378 2326 illis
1391 2263 1544 2328 dominis

367 2369 424 2454 qui
439 2368 574 2452 speciali
589 2370 691 2436 modo
705 2369 819 2436 locum
834 2371 1035 2436 concedunt.

406 2477 439 2540 2⁰
453 2476 647 2558 pugnantes
660 2479 697 2542 in
712 2476 825 2543 duello
849 2483 1017 2542 eteorum
1044 2478 1168 2561 patrini
1193 2478 1373 2544 incurrunt
1400 2483 1543 2563 posnam

368 2585 727 2650 excommunicationis
741 2567 773 2650 δ’.
783 2584 818 2648 Ρ.
835 2591 1029 2662 reservata,
1041 2602 1079 2649 ac
1088 2591 1262 2670 perpetuae
1277 2587 1425 2652 infamiae
1438 2606 1446 2664 ;
1459 2567 1497 2652 et
1509 2588 1544 2651 si

369 2693 602 2758 adversarium
625 2693 830 2771 occiderunt,
852 2694 965 2778 puniri
984 2693 1110 2758 debent
1131 2699 1169 2758 ut
1192 2694 1381 2760 homicida.
1404 2694 1438 2758 Si
1456 2713 1544 2762 vero

340 2871 342 2880 ,
369 2803 405 2866 in
419 2803 492 2885 ipso
506 2802 664 2867 conflictu
679 2801 897 2880 decesserint,
912 2801 1091 2885 privantur
1106 2801 1281 2885 sepultura
1301 2801 1542 2868 ecclesiastica.

409 2912 441 2976 3·
468 2911 517 2976 llli
539 2911 596 2996 qui
618 2911 798 2976 consilinm
823 2911 860 2976 in
877 2929 980 2976 causa
1001 2909 1116 2986 duelli,
1139 2916 1210 2975 tam
1229 2913 1359 2996 injure
1381 2929 1484 2995 quam
1503 2913 1545 2976 in

369 3022 469 3098 iacto,
487 3019 651 3096 dederint,
666 3023 727 3083 aut
746 3017 811 3082 alia
830 3036 1043 3102 quacumque
1063 3019 1194 3083 ratione
1216 3018 1310 3084 adid
1332 3035 1544 3102 quemquam

371 3130 550 3207 suaserint,
566 3146 701 3194 necnon
727 3132 947 3210 spectatores,
972 3128 1232 3210 adstringuntur
1247 3126 1383 3194 vinculo
1405 3145 1543 3194 excom-

370 3247 621 3313 manicationis.

410 3355 532 3439 d)lllas
546 3373 665 3439 poenas
687 3374 709 3422 a
732 3373 826 3421 conc.
843 3355 930 3420 Trid.
956 3356 1169 3430 constitutas,
1189 3354 1245 3419 SS.
1262 3354 1454 3430 Pontifices,
1470 3370 1546 3417 non

371 3464 483 3530 solum
500 3483 563 3547 per
589 3481 668 3529 suas
696 3462 804 3528 bullas
827 3463 1071 3546 approbarunt,
1107 3463 1167 3528 sed
1197 3462 1301 3528 etiam
1322 3459 1540 3544 ampliarunt.

371 3577 402 3640 1ο
417 3574 558 3638 Sanctus
574 3572 652 3636 Pius
675 3571 712 3648 V,
741 3573 898 3636 inconst.
919 3569 974 3636 Ec
997 3590 1085 3654 pua,
1110 3570 1239 3637 addidit
1263 3575 1383 3636 contra
1402 3569 1545 3636 clericos

370 3700 508 3767 poenam
533 3680 731 3764 privationis
758 3681 1001 3745 beneficiorum
1029 3684 1065 3744 et
1090 3679 1310 3746 inhabilitatis
1337 3679 1383 3744 ad
1408 3677 1480 3754 illa,
1509 3683 1546 3743 et

371 3795 489 3855 contra
506 3806 639 3866 omnes,
655 3806 774 3872 poenas
791 3787 942 3853 criminis
966 3787 1052 3852 lasa
1070 3788 1272 3869 majestatis,
1285 3787 1429 3853 emporis
1445 3793 1478 3852 et
1494 3787 1545 3851 in-

371 3897 553 3963 habilitatis
568 3895 611 3961 ad
626 3896 832 3962 testandum.

411 4012 443 4076 2⁰
466 4010 603 4093 Gregcr.
629 4009 713 4086 XIII,
736 4011 772 4073 in
795 4004 887 4075 bulla
904 4009 961 4076 Ad
982 4009 1179 4088 tollendum,
1197 4007 1352 4074 exlendit
1370 4008 1546 4074 decretum

371 4120 518 4185 Trident.
531 4120 633 4184 etiam
647 4119 689 4184 ad
702 4118 815 4185 duella
824 4120 964 4202 privata,
980 4119 1165 4203 statuitque
1181 4136 1301 4183 omnes
1311 4118 1343 4181 ei
1353 4117 1473 4200 subjici
1487 4117 1546 4200 qui

373 4243 415 4288 ex
429 4221 596 4298 condicto,
608 4227 735 4288 statuto
748 4226 901 4305 tempore
912 4227 947 4287 et
956 4223 992 4286 in
1005 4221 1080 4287 loco
1095 4225 1277 4298 convento,
1288 4219 1441 4286 duellum
1452 4237 1545 4285 com-

371 4330 537 4405 miserint,
550 4329 682 4394 etiamsi
697 4328 781 4393 nulli
793 4330 917 4412 patrini
928 4333 987 4394 aut
1002 4329 1084 4393 socii
1098 4327 1188 4393 adid
1204 4327 1315 4393 vocati
1328 4328 1465 4401 suerint,
1480 4343 1544 4390 nec

372 4437 492 4503 litterae
507 4439 750 4522 provocatoria
764 4439 1028 4521 praecessissent.
1045 4436 1121 4501 Istis
1132 4436 1243 4521 poenis
1252 4436 1455 4501 Tridentinis
1469 4435 1548 4498 sub-

371 4548 484 4628 jacere
499 4545 609 4611 voluit
621 4545 777 4611 dominos
793 4544 945 4612 locorum
959 4546 1031 4610 haec
1044 4544 1177 4627 privata
1188 4543 1300 4609 duella
1308 4542 1546 4626 permittentes

376 4657 409 4715 el
439 4671 558 4718 omnes
584 4652 806 4730 mandantes,
838 4653 1060 4732 instigantes,
1089 4649 1255 4716 auxilinm
1283 4647 1338 4715 vel
1366 4648 1547 4716 consilium
