3482 5560
546 623 632 669 aranu
654 623 1022 678 curarusbncanrauruu.
1149 585 1169 682 ¹,
1317 605 1378 670 973

206 741 327 818 sponte
344 736 495 802 oblatum
508 738 764 820 :itajurenovo
776 739 877 816 Trio,
894 737 1045 815 101191,
1064 755 1093 802 0.
1109 738 1139 815 1,
1156 737 1373 820 oenoform„

205 843 330 910 Bened.
346 843 430 923 XIII,
448 849 556 910 const.
576 845 762 927 Commissi,
779 847 867 911 1195.
885 845 1012 910 Tamen
1026 863 1069 909 ex
1084 843 1159 928 ipso
1170 844 1258 910 Trid.
1275 846 1309 929 (l.
1324 847 1377 930 0.),

206 953 418 1035 excipiuntur
443 954 565 1018 notarii
590 953 688 1019 iniis
715 954 951 1021 tantumlocis
977 955 1012 1018 iu
1037 955 1160 1038 quibus
1185 972 1256 1020 non
1286 955 1381 1038 viget
1416 998 1423 1015 .

203 1059 382 1127 laudabilis
392 1062 604 1127 consuetudo
615 1062 699 1126 nihil
709 1062 905 1146 accipiendi,
919 1062 1132 1127 utdecimam
1142 1063 1381 1145 partemaurei

185 1170 356 1253 'accipere
377 1171 510 1255 possint
529 1173 573 1236 ob
593 1171 803 1236 dimissorias
823 1176 882 1236 aut
904 1169 1163 1247 testimoniales,
1190 1170 1378 1236 dummodo

204 1277 338 1342 nullum
350 1277 513 1356 salarium
528 1281 572 1343 sit
585 1280 633 1343 eis
644 1280 877 1356 constitutum,
890 1297 955 1343 nec
967 1279 1145 1362 episcopus
1158 1277 1237 1343 inde
1252 1277 1379 1362 aliquid

204 1383 345 1465 accipiat
360 1382 484 1448 directe
503 1381 560 1446 vel
575 1382 751 1447 indirecte.
768 1381 1004 1458 Cancellarius,
1031 1400 1074 1446 ex
1095 1387 1174 1446 11111
1188 1380 1303 1447 Innoc.
1322 1379 1376 1459 lll,

204 1490 323 1555 decem
334 1490 439 1572 julias
451 1490 602 1574 recipere
617 1495 730 1574 potest
735 1509 798 1574 pro
806 1490 1026 1556 conficiendis
1036 1487 1379 1556 instrumentiscolla·

206 1599 306 1665 tionis
320 1599 575 1666 beneficiorum.

245 1709 271 1790 c)
286 1709 373 1772 Sunt
394 1713 508 1774 tamen
526 1709 683 1792 quaedam
702 1711 790 1774 taxae
809 1727 885 1794 quae
904 1727 947 1774 ex
966 1709 1069 1775 variis
1089 1707 1195 1774 titulis
1213 1707 1378 1774 cohones·

203 1819 328 1882 tantur.
986 1817 990 1826 '

243 1926 274 1988 1⁰
296 1924 335 1989 lu
355 1925 449 1990 curia
465 1925 649 2010 apostolica
670 1929 806 1992 statutae
827 1929 908 2007 sunt
925 1929 1013 1990 taxae
1034 1944 1096 2010 pro
1117 1927 1376 1994 confirmatione

203 2033 451 2116 episcoporum,
467 2051 529 2117 pro
545 2034 856 2117 dispensationibus
876 2037 911 2098 et
930 2032 1004 2098 aliis
1019 2033 1293 2118 expeditionibus
1309 2035 1378 2119 spi-

200 2143 377 2208 ritualibus
390 2163 397 2205 :
408 2143 554 2206 namisti
564 2147 660 2206 actus
673 2142 779 2224 gratis
787 2160 907 2225 reapse
920 2141 1158 2225 expediuntur,
1177 2147 1211 2208 et
1221 2143 1274 2208 bae
1287 2147 1376 2210 taxae

202 2253 395 2334 exiguntur,
413 2251 485 2316 sive
506 2249 604 2316 titulo
622 2249 910 2326 commutationis,
932 2249 1014 2315 dum
1028 2255 1377 2318 votacommutantnr

200 2361 235 2424 in
248 2359 314 2425 alie
327 2379 431 2443 opera
443 2360 515 2443 pia;
532 2359 603 2424 sive
618 2357 717 2423 titulo
735 2359 962 2438 coercitionis,
977 2377 1039 2443 per
1053 2360 1195 2426 modum
1207 2361 1377 2444 peaniten-

201 2469 267 2545 tiae,
283 2467 365 2532 dum
377 2468 420 2533 ob
428 2468 626 2552 praecedens
640 2467 801 2532 delictum
812 2468 939 2551 petitur
955 2467 1179 2551 dispensatio;
1192 2469 1264 2534 sive
1276 2467 1375 2534 titulo

201 2575 458 2642 sustentationis
472 2595 533 2660 pro
549 2575 749 2642 officialibus
761 2575 871 2660 Papae.

240 2687 273 2752 9ο
292 2687 330 2751 ln
352 2687 454 2751 curiis
475 2685 733 2771 episcopalibus,
754 2685 936 2770 aliquando
958 2692 1046 2753 taxae
1067 2689 1272 2773 praescriptae
1294 2693 1376 2754 sunt

198 2813 261 2878 pro
281 2795 600 2877 dispensationibus,
622 2794 845 2871 investituris,
866 2793 1007 2879 aliisque
1026 2797 1173 2878 negotiis
1192 2796 1372 2880 spirituali·

200 2904 274 2968 bus.
291 2901 410 2968 Utrum
424 2903 498 2967 istas
514 2907 601 2967 taxae
616 2903 684 2966 sint
698 2903 869 2967 immunes
880 2921 900 2969 1
910 2903 987 2967 labe
1000 2903 1165 2982 simoniae,
1182 2922 1308 2987 magna
1320 2909 1376 2972 cst

190 3011 430 3077 controversia
440 3011 530 3075 inter
545 3010 611 3073 bb.
633 3008 732 3076 Cone.
747 3009 849 3087 trid,
862 3009 1007 3087 101191,
1019 3030 1048 3076 0.
1065 3011 1096 3087 b,
1113 3011 1154 3075 de
1167 3012 1244 3094 Res.
1256 3020 1372 3092 moen,

200 3125 235 3184 et
252 3138 336 3185 sess.
351 3120 402 3195 95,
420 3137 449 3183 0.
465 3119 515 3194 98,
539 3119 580 3182 de
597 3117 686 3198 Res„
708 3117 844 3181 videtur
861 3118 998 3201 penitus
1018 3117 1180 3184 damnare
1204 3121 1374 3204 ejusmodi

199 3228 390 3293 taxationes
406 3232 440 3290 et
457 3227 541 3291 istas
556 3224 833 3300 consuetudines,
852 3225 955 3290 etiam
967 3226 1245 3304 immemoriales,
1265 3251 1281 3288 a
1297 3247 1374 3313 quae

198 3336 311 3419 potius
334 3337 461 3402 abusus
495 3338 529 3400 et
556 3333 768 3416 corruptelae,
801 3333 994 3399 simoniace
1018 3335 1177 3418 pravitati
1202 3337 1369 3415 faventes,

199 3445 388 3530 nuncupari
409 3447 554 3528 possunt
576 3467 604 3504 n.
629 3442 730 3506 Juxta
748 3441 813 3507 hoc
837 3441 1012 3508 decretum
1031 3443 1161 3526 judicat
1183 3443 1215 3508 S.
1242 3443 1366 3526 congr.

199 3552 298 3619 Cone.
328 3553 455 3620 Tamen
478 3551 634 3618 nonnulli
664 3551 730 3614 bb.
754 3555 876 3634 putant
895 3551 970 3616 illas
995 3556 1091 3617 taxas
1112 3571 1184 3618 non
1208 3551 1279 3618 dari
1305 3571 1368 3637 pro

199 3667 275 3727 actu
291 3662 474 3745 spiritualis
487 3660 744 3744 jurisdictionis,
761 3659 821 3725 sed
836 3660 934 3726 titulo
948 3661 1205 3727 sustentationis
1219 3679 1281 3745 pro
1295 3662 1369 3728 olii·

198 3769 338 3836 cialibus
349 3767 668 3853 curiaeepiscopelis,
684 3771 718 3832 et
729 3767 806 3833 ideo
817 3786 892 3833 esse
902 3769 1188 3836 immunesalabe
1201 3769 1367 3848 simonia,

199 3881 227 3944 si
241 3884 400 3964 petantur
412 3880 500 3945 tacto
516 3875 710 3942 discrimine
723 3875 813 3940 inter
827 3876 948 3942 divites
962 3880 995 3942 et
1004 3895 1169 3962 pauperes
1182 3877 1322 3944 clericos
1335 3882 1369 3944 et

198 3987 327 4065 fideles,
349 3992 383 4053 et
401 3986 561 4052 ottlciales
583 4002 653 4050 non
672 3996 831 4049 recusent
848 3983 1057 4067 dispensare,
1078 3990 1154 4064 eta,
1179 3986 1207 4050 si
1224 3985 1369 4070 pecunia

199 4113 269 4161 non
280 4099 490 4160 numeretur.
503 4092 595 4176 (Vide
610 4091 723 4176 quoad
738 4090 1006 4175 dispensationes
1018 4094 1165 4160 matrim.
1177 4102 1316 4160 cansam
1331 4093 1386 4183 111Ι

199 4202 231 4268 S.
253 4203 417 4286 congreg.
444 4199 581 4266 Goucilii
603 4199 656 4263 die
675 4198 714 4263 98
730 4200 802 4280 jan.
826 4199 906 4264 1889
926 4201 1099 4282 agitatam,
1116 4206 1151 4266 et
1163 4200 1365 4283 generatim,

72 4391 78 4400 ,
198 4311 308 4396 quoad
332 4309 522 4376 taxationes
544 4305 769 4383 cancellarie,
801 4306 976 4374 decretum
996 4307 1029 4372 S.
1046 4307 1211 4392 Gangreg.
1228 4307 1367 4374 Concilii

196 4419 216 4484 8
231 4424 295 4486 oet.
312 4419 406 4496 1618,
423 4415 553 4484 editum
564 4417 665 4499 jussu
676 4412 851 4482 Innocent.
867 4413 925 4492 XI,
941 4414 1032 4500 quod
1052 4415 1166 4484 vocari
1181 4415 1267 4484 solet
1281 4423 1367 4482 taso

198 4528 466 4611 innocentiana.)

360 4867 405 4920 111.
