3388 5582
329 574 411 622 sums
433 575 617 624 arosrumcn
639 575 774 624 uacuare
794 577 832 624 nc
854 575 1105 624 uscarnnrronns.
1249 561 1305 624 ott

104 698 106 704 ‘
129 695 458 768 intemeratamuhique
476 695 585 756 tamam
597 711 784 764 conservare,
796 695 1261 770 sacraEcclesiaejuraasserere,
1280 707 1307 756 ct

71 819 75 828 ·
131 783 555 856 salutisdiscriminaacapite
568 779 706 859 gentium
718 785 950 844 christianarum
962 785 1137 858 propulsare
1151 785 1307 858 dehemus
1331 802 1335 815 ⁴

130 873 196 948 ipsa
218 872 310 932 olttcii
333 872 448 932 ratione
469 873 568 932 sinere
595 873 828 947 prohibebamur
848 874 1050 932 indemnatam
1071 876 1124 946 per
1144 877 1203 934 Nos
1226 875 1308 935 abiro

129 962 234 1040 legem,
246 976 336 1035 quam
350 961 534 1022 venerabiles
548 963 654 1021 tratres
668 963 765 1036 nostri
781 962 915 1033 episcopi
927 960 1035 1035 belgici
1043 961 1112 1033 jure
1125 964 1306 1024 condemna-

87 1119 88 1124 ,
129 1049 253 1110 cissent.
268 1052 463 1124 Quapropter
478 1050 509 1108 in
524 1050 632 1112 litteris
646 1051 759 1110 nostris
772 1051 808 1109 ad
825 1050 1051 1112 dilectissimum
1063 1051 1160 1109 titium
1171 1060 1307 1112 nostrum
1369 1046 1375 1054 “

130 1139 345 1213 Leopoldumll
359 1153 460 1214 regem
483 1139 641 1214 Belgarum
657 1146 757 1212 aperte
772 1139 989 1198 declaravimus
1009 1139 1104 1214 legem
1125 1139 1172 1198 die
1197 1147 1207 1196 t
1230 1142 1306 1215 julio

130 1243 232 1300 mense
251 1233 346 1286 actam
361 1242 542 1302 magnopere
555 1229 707 1288 catholicae
719 1229 863 1288 doctrinae
873 1228 1028 1302 praeceptis
1039 1243 1216 1302 repugnare,
1228 1245 1308 1288 eanr-

130 1314 256 1386 demque
277 1313 479 1387 perniciosam
502 1313 592 1372 satuti
615 1313 862 1382 adolescentium,
883 1327 980 1386 neque
1000 1328 1104 1386 parum
1124 1314 1181 1388 ipsi
1197 1314 1308 1374 civitati

131 1403 334 1464 calamitosam
350 1405 491 1462 futuram.
508 1403 674 1478 igiturque
686 1404 774 1462 tatem
787 1403 1022 1477 improbavimus
1038 1403 1309 1477 damnavimusquc

131 1507 188 1550 non
203 1493 309 1563 semel,
322 1493 401 1553 sicut
413 1508 495 1552 nnnc
510 1495 541 1551 in
553 1499 713 1568 conspectu
729 1491 1134 1564 omniumvestrum,iisdem
1147 1493 1308 1564 decausis,

130 1584 237 1644 iterum
249 1583 456 1657 improbamus
471 1590 561 1655 atquc
572 1586 761 1643 damnamus.
777 1585 870 1652 Quam
885 1597 948 1641 rem
961 1582 1172 1657 morengirnus
1186 1582 1308 1642 institu-

130 1673 229 1746 tisque
249 1673 427 1746 apostolica
447 1673 544 1744 Sedis,
569 1689 636 1748 quae
658 1689 776 1745 semper
791 1673 897 1747 judicii
922 1679 1012 1746 atque
1037 1673 1222 1733 auctoritatis
1244 1689 1307 1732 sum

130 1767 261 1840 pondere
282 1767 403 1827 scholas
427 1768 555 1840 percutit
574 1759 737 1840 cuiuslibet
753 1768 910 1841 religionis
928 1773 1076 1840 expertes
1100 1783 1176 1840 quas
1194 1767 1308 1826 medias

131 1871 184 1914 seu
198 1863 320 1915 neutras
336 1858 498 1931 appellant,
510 1871 636 1931 quaeque
651 1863 756 1930 suapte
773 1863 878 1940 natura
898 1857 970 1916 illuc
990 1856 1109 1915 tandem
1124 1857 1265 1928 crodunt,
1276 1866 1310 1918 ut

130 1947 223 2002 Deum
248 1959 374 2018 prorsus
394 1960 462 2012 non,
478 1952 645 2019 agnoscant
670 1965 676 2003 :
701 1960 799 2019 noque
824 1960 953 2018 usquam
979 1961 1071 2018 passa
1093 1952 1137 2005 est
1159 1947 1308 2020 ejusmodi

130 2033 248 2093 scholas
270 2035 457 2107 ajuventute
472 2034 616 2094 catholica
631 2035 785 2105 celebrari,
804 2035 863 2094 nisi
882 2035 973 2094 certis
995 2035 1127 2106 casibus,
1150 2050 1218 2094 cum
1242 2051 1308 2096 earn

131 2129 249 2194 tempus
269 2129 298 2180 et
312 2124 479 2190 necessitas
494 2131 624 2200 cogeret,
640 2131 787 2198 cautoque
800 2125 885 2198 prins
909 2139 946 2182 ne
961 2139 1096 2196 praesens
1113 2131 1194 2184 esset
1210 2142 1308 2198 pravae

131 2213 319 2286 contagionis
334 2214 512 2286 periculum.
528 2245 563 2258 —
579 2215 778 2274 Nihilominus
792 2213 956 2274 christiana
975 2215 1118 2273 charitate
1133 2215 1269 2284 animati,
1281 2222 1310 2274 et

131 2302 209 2376 quod
221 2302 398 2364 nolebamus
413 2303 505 2362 ultam
521 2305 584 2362 dari
596 2319 719 2363 causam
730 2305 925 2378 quamobrem
940 2304 1078 2364 acerbius
1091 2303 1203 2364 bellum
1215 2304 1307 2375 tieret,

131 2391 216 2452 valde
237 2399 375 2453 auctores
397 2395 511 2452 luimus
531 2394 752 2454 venerabilibus
777 2393 919 2452 tratribus
950 2395 1065 2454 nostris
1093 2394 1254 2468 episcopis,
1277 2395 1308 2452 in

127 2482 228 2540 medio
243 2485 405 2542 certamine
421 2485 671 2557 consistentibus
690 2490 733 2556 ut,
749 2485 830 2560 quod
846 2484 882 2544 ad
902 2485 1020 2543 decreta
1031 2485 1228 2558 exsequenda
1244 2499 1308 2544 mo-

128 2572 312 2631 derationem
328 2580 357 2632 et
368 2575 548 2632 suavitatem
565 2573 595 2632 in
615 2589 647 2632 re
663 2574 804 2646 presenti
825 2589 863 2632 ne
883 2574 1097 2647 relinquerent,
1113 2580 1142 2632 et
1156 2575 1186 2631 in
1210 2573 1308 2647 poents

128 2665 285 2738 exigendis
302 2672 426 2739 agerent
440 2663 557 2734 lenius;
573 2663 717 2738 quoniam
732 2665 774 2721 rei
794 2663 966 2722 christianae
987 2663 1132 2734 studium,
1149 2671 1209 2721 tam
1226 2665 1309 2736 Justa

130 2769 222 2814 causa
247 2755 416 2822 incensum,
439 2761 564 2826 paterna
589 2753 639 2810 itta
658 2752 864 2811 benevolentia
888 2753 1046 2825 temporari
1064 2758 1224 2824 oporteret,
1242 2767 1309 2824 quan

129 2845 233 2904 devios
249 2857 387 2915 quosque
403 2843 534 2916 henigne
551 2842 769 2914 complectitur.

568 3239 751 3314 suerio
793 3241 864 3312 ill.

221 3412 465 3458 necannnrroras
486 3411 571 3457 crncr
592 3411 821 3470 nncnnrrsrrun,
846 3412 1131 3470 sonnansuursnum
1153 3413 1217 3458 nrc.

165 3711 266 3770 Sancti
283 3710 380 3769 Officii
398 3711 636 3786 congregatione
651 3709 730 3768 circa
741 3709 974 3784 magnetismum
985 3707 1144 3768 animalem
1159 3709 1308 3776 consulta,

130 3803 185 3860 hoc
204 3801 354 3860 emanavit
377 3800 530 3858 decretum
549 3798 597 3857 die
616 3805 649 3856 25
669 3799 747 3872 junii
776 3805 853 3868 t8ttl,
871 3801 901 3856 in
921 3799 1156 3874 congregatione
1176 3800 1308 3873 generali

129 3895 159 3950 S.
176 3895 209 3950 n.
227 3889 408 3950 universalis
423 3889 633 3964 Inquisitionis
647 3889 747 3948 habita
762 3890 792 3948 in
813 3897 962 3949 conventu
979 3893 1007 3948 S.
1024 3891 1121 3948 ittariae
1144 3905 1237 3963 supra
1259 3890 1309 3947 lti-

129 3995 262 4050 nervam,
279 3995 380 4039 coram
394 3994 451 4037 ern.
473 3995 508 4037 ac
527 3994 586 4038 rev.
603 3979 734 4039 dominis
750 3982 778 4038 S.
799 3984 831 4038 ll.
848 3985 878 4038 h.
896 3979 1110 4049 cardinalibus,
1132 3988 1200 4050 etc,
1220 3979 1309 4038 tidem

128 4085 185 4128 em.
207 4085 241 4128 ac
259 4085 320 4127 rev.
341 4069 456 4127 domini
478 4069 618 4127 dixerunt
639 4088 645 4124 :
669 4070 813 4127 consulat
832 4069 973 4142 probatos
992 4076 1142 4138 auctorcS,
1162 4085 1231 4128 cum
1254 4068 1310 4128 hac

128 4159 326 4228 advertentia,
341 4157 434 4230 quod,
449 4162 563 4215 remoto
580 4157 662 4216 omni
679 4171 788 4225 errore,
805 4158 971 4232 sortilegio,
988 4154 1127 4230 erptioil'a
1141 4163 1193 4216 ant
1209 4157 1309 4230 impli-

128 4245 188 4305 cita
216 4246 363 4305 daemonis
389 4245 595 4315 invocatione,
629 4259 731 4304 merus
758 4253 845 4306 actus
872 4247 1032 4305 adhibendi
1061 4247 1159 4304 media
1186 4247 1310 4321 physica

128 4333 250 4392 aliunde
264 4333 355 4403 licita,
372 4348 432 4390 non
449 4339 495 4390 est
513 4332 664 4391 moraliter
679 4333 800 4403 vetitus,
815 4335 978 4394 dummodo
991 4350 1051 4412 non
1062 4335 1165 4394 tendat
1174 4336 1309 4395 adfinem

128 4423 278 4491 illicitum,
294 4427 349 4481 aut
361 4422 642 4494 quomodocumque
659 4436 793 4493 pravum.
807 4423 971 4496 applicatio
979 4429 1078 4482 autem
1093 4423 1308 4498 principiorum

130 4514 342 4572 etmediorum
358 4528 431 4585 pure
446 4513 639 4587 physicorum
651 4514 688 4572 ad
704 4527 752 4571 res
766 4519 819 4572 aut
833 4513 957 4572 ettectus
969 4529 1037 4572 vere
1053 4514 1308 4586 supernaturales,

131 4608 165 4659 ut
178 4603 301 4678 physice
315 4603 512 4675 explicentur,
526 4616 587 4659 non
602 4602 719 4660 estnisi
734 4601 868 4674 deceptio
884 4602 1006 4686 omnino
1026 4602 1129 4660 illicita
1144 4607 1173 4660 et
1191 4603 1306 4660 haereti-

131 4693 216 4751 calls.
233 4696 366 4767 Cumque
381 4693 477 4751 eidom
494 4692 737 4766 congregationi,
752 4691 800 4749 die
814 4697 843 4748 at
860 4691 964 4762 aprilis
977 4706 1025 4749 on.
1045 4695 1123 4761 ttltt,
1134 4693 1309 4765 propositus

300 4810 345 4855 111.
1109 4790 1145 4853 tt
