3412 5570
337 513 397 580 Μ
794 536 845 583 tus
868 535 1047 591 canourcuu.

339 657 374 716 et
395 652 594 736 personalis,
621 652 757 740 quando
787 652 1006 718 constituitur
1034 654 1069 718 iu
1097 673 1251 740 personae
1280 653 1447 722 industria
1476 658 1511 720 ct

338 759 465 826 labore.

380 868 466 933 Sunt
477 870 580 934 etiam
597 869 652 934 alii
668 869 766 934 multi
781 873 973 934 contractus
989 872 1030 935 de
1047 873 1169 956 quibus
1185 873 1330 937 dubitari
1345 877 1457 955 potest
1468 891 1511 937 au

340 975 408 1039 siut
422 977 578 1041 usurarii.
600 977 683 1041 Cum
703 977 745 1043 de
768 977 833 1043 illis
849 979 932 1042 nihil
953 985 1121 1045 statuatur
1137 971 1262 1063 injure
1281 981 1456 1056 canonico,
1478 985 1513 1046 el

208 1123 215 1134 -
339 1082 422 1148 alias
437 1102 457 1148 a
473 1085 655 1150 moralistis
673 1087 920 1168 expendantur,
938 1087 981 1152 ad
994 1087 1060 1153 alia
1071 1087 1320 1170 progredimur.

517 1325 534 1400 ἓ
548 1331 593 1388 lv.
609 1328 649 1388 lle
660 1327 773 1401 judice,
786 1331 883 1404 panis
897 1330 933 1400 [et
947 1302 1138 1391 restitutione
1157 1343 1332 1390 usurarum.

380 1531 412 1614 a)
426 1531 547 1596 ludex.
564 1534 595 1597 1⁰
610 1532 744 1598 Crimen
758 1536 953 1600 usurarium
968 1541 1020 1601 est
1032 1538 1130 1602 mixti
1145 1537 1220 1613 fori,
1238 1536 1392 1620 adeoque
1405 1534 1514 1618 judex

340 1639 429 1704 illius
445 1645 497 1704 est
510 1640 627 1720 laicus,
643 1643 700 1706 vel
715 1643 961 1709 ecclesiasticus
976 1651 1010 1708 st
1024 1650 1179 1710 servatur
1190 1647 1248 1728 jus
1258 1644 1514 1727 praeventionis,

341 1747 390 1812 lta
403 1752 619 1816 communior
629 1755 798 1819 sententia
808 1773 850 1819 ex
860 1773 931 1840 cap.
946 1756 985 1820 li
998 1757 1070 1838 huj.
1084 1756 1133 1819 tit.
1143 1759 1262 1820 contra
1270 1752 1447 1838 quosdam,
1457 1751 1515 1835 qui

340 1862 462 1941 putant
477 1862 701 1944 quaestionem
714 1864 802 1946 juris
817 1864 859 1929 de
874 1883 978 1930 usura
994 1867 1164 1951 pertinere
1181 1863 1224 1928 ad
1239 1863 1350 1928 solum
1361 1861 1514 1946 judicem

342 1971 618 2036 ecclesiasticum.
643 1973 739 2039 Ratio
760 1973 850 2038 illius
880 1975 1125 2040 communioris
1149 1975 1326 2038 sententiae
1349 1977 1412 2047 est,
1437 1971 1517 2054 quia

342 2097 446 2144 usura
467 2098 537 2144 nou
555 2080 630 2164 plus
649 2081 893 2164 spiritualitatis
914 2083 1027 2159 habet,
1045 2101 1148 2167 quarn
1168 2082 1234 2146 alia
1256 2079 1377 2145 delicta
1397 2079 1517 2143 adver-

342 2188 452 2251 santia
464 2173 617 2270 Justitiae,
637 2193 676 2252 ut
693 2189 839 2266 lurtum,
857 2190 1089 2282 homicidium,
1112 2195 1174 2254 etc.
1193 2189 1226 2253 2⁰
1240 2189 1347 2252 ludici
1361 2191 1516 2252 constare

342 2300 455 2380 potest
481 2296 631 2382 aliquem
652 2317 728 2362 esse
749 2301 1005 2364 manifestatum
1025 2301 1229 2375 usurarium,
1247 2303 1320 2361 tum
1342 2297 1370 2360 si
1390 2298 1517 2361 factum

342 2405 455 2488 ipsum
469 2405 533 2470 tuit
547 2407 730 2481 notorium,
749 2411 822 2470 tum
834 2427 876 2474 ex
887 2407 1102 2474 confessione
1120 2405 1359 2490 delinquentis,
1373 2410 1518 2486 lumper

343 2511 514 2593 legitimos
537 2517 651 2590 testes,
671 2518 745 2578 tum
764 2514 911 2600 denique
932 2533 974 2578 ex
993 2514 1198 2600 conjecturis
1221 2512 1276 2577 vel
1296 2531 1338 2578 ex
1353 2511 1446 2576 libris
1465 2527 1517 2577 ra-

344 2621 487 2685 tionum.

385 2729 414 2812 b)
436 2729 549 2796 Poena
564 2733 798 2797 usurariorum
815 2736 895 2796 sunt
911 2737 1115 2816 sequentes:

385 2840 416 2903 1⁰
426 2837 568 2903 Infamia
580 2843 657 2922 jure
670 2841 823 2905 Romano
838 2840 1031 2905 introducta
1041 2845 1103 2916 est,
1117 2842 1194 2906 etin
1203 2844 1280 2924 jure
1296 2839 1455 2906 canonico
1466 2857 1519 2902 re-

344 2951 441 3028 cepta
459 2947 833 3030 fuit(can.1nfomes,2‚
848 2965 951 3012 causa
961 2938 1015 3030 3ζ).
1028 2947 1143 3013 Cessat
1157 2954 1283 3026 tamen,
1300 2952 1329 3012 si
1344 2951 1518 3015 usurarius

344 3055 528 3137 resipiscat.
554 3055 696 3140 Propter
713 3055 806 3121 illam
824 3058 1010 3135 infamiam,
1033 3059 1179 3122 usurarii
1201 3059 1290 3123 ilunt
1314 3059 1517 3141 irregulares

343 3163 429 3244 (can.
445 3163 475 3240 l,
494 3163 569 3227 dist.
584 3167 635 3240 37,
651 3183 724 3230 can.
745 3166 776 3242 8,
794 3165 871 3230 dist.
887 3165 937 3242 46,
953 3167 1041 3247 etc).
1057 3170 1089 3228 2⁰
1105 3166 1303 3232 Satisiacere
1321 3166 1517 3232 nolentibus

345 3271 545 3353 deneganda
555 3278 608 3337 est
620 3273 788 3338 absolutio
801 3274 1067 3350 sacramentalis,
1078 3274 1287 3339 Eucharistia
1297 3280 1331 3340 ct
1346 3274 1518 3340 ecclesias-

346 3383 412 3446 tica
425 3380 599 3465 sepultura
614 3383 652 3466 (c.
670 3382 736 3446 311.
760 3386 797 3458 t.,
817 3400 846 3446 c.
862 3383 882 3445 2
897 3382 972 3446 eod.
989 3383 1025 3446 in
1042 3383 1097 3465 6⁰).
1115 3381 1201 3446 Olim
1217 3382 1329 3447 clerici
1350 3401 1409 3447 eos
1425 3401 1520 3465 sepe-

345 3488 467 3554 lientes
482 3491 662 3572 erantipso
677 3489 766 3554 facto
780 3489 1065 3554 excommunicati
1080 3508 1124 3554 ex
1140 3489 1242 3554 Glem.
1260 3492 1302 3567 1⁸,
1317 3491 1358 3554 de
1369 3489 1497 3574 Sepult.
1505 3507 1521 3568 ;

347 3601 407 3664 sed
421 3600 493 3664 baec
507 3619 609 3683 poena
622 3600 686 3664 fuit
699 3600 831 3666 sublata
845 3619 906 3683 per
920 3604 1028 3665 const.
1039 3599 1238 3685 Apostclr'cae
1253 3599 1362 3666 Sedis.
1378 3601 1409 3664 3⁰
1419 3599 1518 3663 Fiunt

348 3707 556 3773 intestabiles
566 3709 674 3772 active
691 3711 729 3790 (c.
746 3707 847 3790 uhuj.
865 3708 940 3785 tit),
954 3711 987 3773 et
1002 3708 1083 3772 olim
1098 3708 1346 3772 confiscabatur
1360 3726 1434 3772 sors
1448 3706 1521 3770 illo-

349 3834 437 3893 rum,
453 3817 508 3880 vel
524 3821 595 3880 tota
607 3817 661 3881 vel
671 3835 759 3899 pars,
774 3834 834 3899 pro
847 3803 1007 3899 qualitate
1024 3815 1145 3880 delicti.
1162 3816 1204 3879 st
1224 3816 1297 3879 istae
1310 3833 1422 3900 poenae
1435 3814 1521 3900 juris

348 3923 462 3988 locum
484 3942 552 3988 non
574 3925 711 4000 habent,
731 3923 796 3988 nisi
817 3924 851 3987 in
879 3925 1032 3987 usurario
1046 3923 1244 3999 manifesto,
1265 3923 1325 3987 sed
1343 3923 1451 4007 judex
1464 3940 1522 4005 po·

350 4037 417 4097 test
441 4033 575 4098 allicere
604 4051 674 4098 non
703 4033 902 4098 manifestos
927 4051 1031 4116 poeua
1046 4033 1244 4113 arbitraria,
1273 4051 1335 4116 pro
1361 4032 1521 4122 qrralitate

350 4141 472 4206 delicti.

390 4251 416 4332 c)
431 4250 608 4314 Restitutio
623 4269 814 4312 scaurorum.
828 4251 859 4312 1ο
870 4248 1049 4316 Usurarius
1066 4254 1201 4314 tenetur
1213 4249 1254 4312 ad
1270 4248 1522 4312 restitutionem

351 4360 426 4440 ejus
440 4356 531 4440 quod
545 4357 659 4441 inique
676 4359 814 4439 accepit.
830 4357 907 4421 llaec
926 4357 1087 4438 obligatio
1104 4359 1226 4422 transit
1244 4356 1287 4420 ad
1305 4355 1470 4428 haeredes,
1485 4357 1524 4415 ut

322 4519 326 4526 .
349 4471 482 4529 constat
497 4483 540 4528 ex
554 4483 626 4547 cap.
644 4465 663 4528 9
676 4465 748 4546 huj.
764 4471 786 4528 t.
801 4465 899 4529 Ratio
914 4471 975 4542 est,
994 4465 1072 4548 quia
1086 4483 1141 4529 res
1156 4463 1221 4527 illsr¹
1234 4482 1303 4528 non
1318 4464 1457 4527 fuerunt
1471 4459 1525 4524 de-

351 4573 468 4648 functi,
482 4591 519 4637 ac
533 4573 674 4655 proinde
688 4591 751 4637 nec
760 4573 905 4637 haeredis
921 4593 996 4638 esse
1012 4579 1166 4657 possunt.
1180 4573 1306 4638 Tamen
1314 4570 1478 4642 haeredes,
1490 4572 1525 4631 et

351 4679 459 4746 multo
475 4680 584 4760 magis
598 4679 763 4760 legatarii,
781 4680 900 4745 saltem
914 4683 1013 4764 juxta
1030 4681 1290 4763 probabiliorem
1307 4677 1523 4748 sententiam,
