3514 5564
578 577 664 626 uasa
686 574 821 634 ouaarus
842 574 1060 626 samarium.
1350 562 1408 626 113

234 697 306 762 rius
321 697 372 779 (1).
389 695 446 760 llis
460 711 530 762 non
543 697 655 763 obstat
669 702 784 763 textus
796 697 958 782 Apostoh
977 697 1091 776 lGor.‚
1103 698 1219 776 vulti,
1237 703 1272 764 et
1284 715 1358 764 aen.
1374 700 1405 775 9,

234 822 313 869 cum
336 822 407 889 seq.
424 804 475 880 28,
495 823 526 888 q,
542 805 572 883 1,
588 809 623 868 et
640 822 715 870 ean.
729 806 789 870 ssn.
811 806 863 884 98,
880 825 912 890 q.
938 806 976 882 2;
998 823 1078 872 nam
1102 824 1145 870 ex
1167 807 1310 872 testibus
1334 807 1407 871 istis

233 910 271 975 id
295 911 407 978 solum
434 911 605 994 colligitur
632 913 724 996 quod
747 913 858 978 fidelis
879 915 1010 997 justam
1032 913 1136 979 habet
1160 933 1303 994 causam
1325 916 1409 979 rests¹

233 1019 349 1098 tioudi,
366 1040 436 1088 non
452 1041 534 1086 vero
549 1023 641 1107 quod
662 1041 725 1106 psr
744 1024 845 1111 istam
865 1022 1006 1089 alterius
1027 1023 1206 1106 perfidiam
1229 1025 1323 1108 prius
1337 1043 1408 1090 ma-

235 1129 433 1196 trimonium
447 1129 662 1196 dissolvatur.
679 1129 773 1196 Unde
789 1131 828 1208 si,
842 1151 876 1197 v.
893 1149 925 1213 g.
936 1131 1052 1215 judaea
1064 1136 1292 1210 eonvertatur,
1310 1137 1345 1198 et
1355 1133 1409 1197 vir

235 1238 311 1319 ejus
330 1237 465 1320 judaeus
493 1237 596 1305 aliam
619 1238 730 1315 ducat,
756 1243 791 1304 et
809 1239 940 1314 deinde
965 1244 1186 1306 convertatur
1212 1241 1256 1306 ad
1283 1241 1405 1318 fldem;

235 1349 418 1429 antequam
431 1345 489 1412 illa
502 1345 594 1412 fideli
608 1347 726 1424 nubat,
741 1346 837 1412 reddi
855 1347 959 1414 debet
978 1347 1090 1430 primo
1118 1348 1218 1413 uxori
1242 1349 1285 1414 ad
1303 1349 1407 1414 fidem

233 1467 420 1532 convers03
438 1456 528 1540 quia,
540 1455 777 1539 cumprimum
790 1456 1048 1522 matrimonium
1062 1474 1132 1522 nou
1144 1457 1247 1524 fuerit
1264 1455 1407 1522 dissolu·

234 1567 318 1640 tam,
331 1563 521 1628 secundum
532 1565 610 1647 jure
623 1562 768 1629 naturali
781 1581 852 1629 non
866 1562 988 1640 valuit;
1003 1569 1037 1629 st
1046 1581 1184 1648 conseq.
1201 1564 1410 1630 subsistente

233 1671 355 1754 primo,
365 1672 502 1755 judaeus
515 1675 549 1736 et
559 1670 675 1754 judaea
688 1670 732 1737 ad
744 1671 848 1736 fldem
870 1671 1028 1737 conversi
1041 1672 1077 1737 iu
1092 1672 1214 1738 eodem
1229 1691 1406 1738 remanere

235 1778 360 1845 debent
381 1797 443 1865 per
463 1779 529 1845 c.8
550 1780 583 1843 h.
603 1784 627 1843 t.
653 1777 767 1844 Talem
785 1796 924 1846 causam
947 1797 969 1845 a
992 1777 1024 1850 S,
1051 1778 1172 1862 Gongr.
1195 1779 1294 1846 Gonc.
1319 1781 1406 1846 deoi-

233 1887 389 1972 sumlegi
400 1889 517 1954 Romae
531 1889 621 1953 1730.

272 1998 324 2061 hu
345 2015 428 2063 voro
447 1997 483 2062 in
498 1996 556 2063 illo
578 2014 660 2062 casu
679 2013 747 2081 quo
770 1981 956 2064 conversus
975 1997 1135 2064 adfidem
1156 1997 1261 2064 habet
1277 2000 1406 2081 justam

233 2123 371 2172 causam
384 2089 751 2188 resiliendiaoonjuge
773 2102 913 2184 infideli,
935 2107 1192 2172 matrimonium
1215 2105 1407 2173 resolvatur

232 2231 294 2297 per
303 2215 551 2296 professionem
564 2213 773 2296 rohgiosam,
787 2218 1047 2280 controvertunt
1059 2215 1124 2278 bl).
1145 2215 1278 2298 Negant
1292 2216 1403 2293 Abul,

231 2319 342 2399 Peleo,
357 2321 532 2400 Sohmah.‚
551 2326 629 2399 etc,
646 2320 707 2386 sed
721 2321 836 2388 verius
850 2321 1025 2388 affirmant
1038 2321 1071 2388 S.
1085 2323 1226 2402 banau,
1243 2323 1403 2400 danaber,

234 2428 395 2495 Salmant.
412 2432 608 2507 comebat,
626 2449 708 2496 nam
721 2431 890 2515 professio
904 2430 1064 2514 religiosa
1078 2437 1130 2498 ost
1148 2433 1269 2498 fortior
1291 2432 1405 2521 matri-

230 2539 347 2606 monio
361 2546 445 2617 rato,
459 2559 538 2607 cum
557 2539 640 2604 illud
655 2521 836 2618 dissolvam
859 2539 920 2604 sed
935 2540 1193 2605 matrimonium
1208 2540 1244 2605 in
1266 2539 1406 2606 infideli-

234 2654 301 2740 tate
314 2654 590 2714 consummatum
605 2649 748 2714 solvitur
759 2667 820 2733 per
833 2667 981 2733 sequens
1000 2648 1259 2714 matrimonium
1278 2652 1402 2724 ratum,

231 2773 437 2823 econverso
459 2757 502 2822 ad
523 2756 628 2821 fldem
646 2755 790 2832 initum;
806 2774 888 2837 ergo
912 2754 1020 2822 multo
1042 2757 1153 2838 magis
1176 2755 1320 2822 solvitur
1344 2773 1406 2839 per

232 2869 479 2952 professionem
492 2866 699 2948 religiosam,
712 2869 811 2948 J'uxta
825 2865 942 2930 tritum
955 2865 1038 2931 illud
1052 2886 1059 2930 ε
1077 2891 1093 2925 «
1110 2865 1143 2930 Si
1156 2866 1255 2931 vinco
1269 2865 1405 2931 vinosu-

233 2981 302 3042 tem
317 2983 362 3056 te,
378 2975 486 3042 multo
501 2977 610 3058 magis
625 2976 778 3041 vinoote.
789 2999 804 3032 a

271 3085 436 3150 Caeterum
456 3103 497 3150 eo
511 3071 601 3148 'casu
619 3102 687 3169 quo
710 3084 804 3167 prius
832 3083 1087 3149 matrimonium
1108 3081 1313 3148 dissolutum
1339 3085 1401 3160 est,

163 3189 168 3197 ’
231 3193 376 3259 infidelis
391 3210 462 3258 noo
476 3196 610 3259 tantum
629 3192 750 3270 valide,
768 3191 828 3257 sed
852 3192 956 3258 stiam
970 3191 1060 3258 licite
1082 3191 1252 3257 contrahit
1274 3209 1404 3255 novum

230 3301 507 3378 matrimonium
537 3299 617 3384 quie
642 3305 851 3385 praeceptum
880 3301 1033 3366 divinum
1063 3299 1098 3365 id
1120 3298 1305 3383 prohibens
1332 3307 1407 3363 non*

231 3415 351 3488 exstat,
368 3409 433 3474 nisi
448 3408 560 3493 quoad
572 3409 647 3486 hoc,
664 3426 708 3473 ns
724 3407 870 3474 infidelis
884 3408 982 3472 citius
997 3407 1184 3484 contrahat,
1202 3423 1305 3492 quam
1319 3421 1400 3471 con·

230 3535 351 3582 versus
361 3517 404 3584 ad
417 3515 522 3584 fldem
535 3535 542 3580 :
556 3534 623 3601 quo
634 3533 738 3582 sensu
753 3515 977 3600 explicaturc.
991 3516 1021 3594 l,
1036 3515 1102 3581 hoc
1116 3514 1180 3594 tit,
1191 3499 1265 3580 can.
1277 3515 1336 3580 fin.
1350 3513 1400 3590 18,
1467 3504 1469 3510 ’

232 3644 253 3710 q
269 3626 369 3818 gosp.
383 3736 414 3818 lt.
428 3734 461 3798 Si
474 3732 620 3798 infidelis
637 3733 710 3798 sins
726 3733 933 3800 contumelia
947 3731 1113 3797 &satoris
1123 3731 1198 3797 vult
1207 3731 1402 3796 cohabitare

230 3839 333 3919 ildeb,
344 3861 415 3908 non
430 3841 625 3907 dissolvitur
638 3843 732 3924 prius
747 3841 1004 3908 matrimonium
1017 3841 1058 3925 (9)
1072 3860 1079 3904 :
1095 3840 1250 3907 itadocet
1261 3841 1403 3924 Aposto-

97 4005 99 4010 ,
128 4045 129 4048 ¹
230 3949 425 4054 1111110011
441 3969 495 4027 vu,
506 3950 556 4033 ti)
570 3951 783 4016 strationem
798 3949 877 4015 dat:
894 3950 973 4034 quia
993 3967 1055 4033 per
1065 3951 1249 4032 coniugem
1263 3947 1400 4012 fidelem

262 4114 297 4179 (1)
309 4113 520 4166 constantiense
534 4127 567 4166 ex
582 4112 802 4178 responsionibus
818 4125 934 4178 suprsm.
950 4113 1007 4178 lnq.
1023 4111 1075 4164 disi
1090 4115 1101 4163 1
1120 4125 1179 4176 aug.
1197 4111 1266 4172 titt,
1282 4109 1316 4161 ad
1330 4111 1355 4162 1.

261 4193 294 4254 (2)
308 4189 433 4256 Sequitur
446 4191 519 4256 qood
539 4189 671 4256 explorari
688 4189 784 4240 debeat
799 4189 924 4240 voluntas
935 4187 1057 4254 conjugis
1067 4187 1195 4248 infidelis;
1210 4200 1242 4236 ex
1257 4187 1286 4236 S.
1303 4185 1399 4250 Congr.

229 4265 328 4318 Goncil.
344 4266 449 4318 demeto
459 4269 489 4318 23
499 4267 555 4332 ian.
567 4267 627 4318 1603
640 4270 666 4317 et
677 4265 849 4330 responsione
860 4263 989 4329 &Congu
998 4265 1032 4316 de
1041 4261 1212 4328 Propaganda
1223 4261 1274 4312 flde
1291 4263 1305 4310 5
1322 4265 1399 4312 mart.

229 4343 299 4407 sert,
312 4347 415 4397 constat
428 4343 663 4410 interpellationes
676 4341 799 4406 conjugis
813 4339 926 4392 infidelis
939 4340 1037 4404 requiri
1048 4339 1082 4390 ad
1093 4337 1177 4388 aalide
1188 4335 1400 4398 contrabendum

228 4418 341 4470 durum
358 4421 565 4472 matrimonium.
583 4417 685 4483 Duplex
702 4421 742 4468 est
761 4416 914 4482 hujusmodi
931 4414 1117 4480 interpellatio,
1136 4413 1229 4478 prima,
1247 4413 1270 4462 at
1286 4411 1402 4463 infidelis

228 4495 293 4546 velit
308 4493 459 4547 cohabitare
473 4497 530 4546 siue
551 4491 713 4548 contumelia
732 4493 870 4544 creatoris.
894 4492 933 4543 lo
954 4491 999 4542 illa
1013 4489 1224 4554 interpellatione
1248 4487 1400 4554 dispensare

228 4573 315 4636 potest
330 4571 456 4624 Summas
469 4571 601 4633 1101111111,Ι
617 4574 644 4621 et
661 4583 696 4621 ex
709 4567 867 4634 quibusdam
886 4567 1015 4632 exemplis
1035 4566 1094 4617 talis
1115 4563 1318 4629 dispensationis
1332 4569 1405 4614 non:

199 4707 205 4718 ,
230 4647 297 4698 nulli
310 4647 373 4698 olim
390 4650 516 4714 putarunt
535 4645 562 4698 S.
580 4645 719 4697 Pontifices
735 4645 901 4711 dispensasse
914 4645 942 4694 in
956 4641 1125 4694 matrimonio
1139 4643 1323 4692 consummato
1336 4653 1399 4690 cou-

230 4733 313 4782 tracto
326 4727 354 4776 in
369 4725 532 4778 infidelitate.
