<?xml version="1.0" encoding="UTF-8"?>
<!DOCTYPE html PUBLIC "-//W3C//DTD XHTML 1.0 Transitional//EN"
    "http://www.w3.org/TR/xhtml1/DTD/xhtml1-transitional.dtd">
<html xmlns="http://www.w3.org/1999/xhtml" xml:lang="en" lang="en">
 <head>
  <title>
</title>
<meta http-equiv="Content-Type" content="text/html;charset=utf-8" />
  <meta name='ocr-system' content='tesseract 3.04.00' />
  <meta name='ocr-capabilities' content='ocr_page ocr_carea ocr_par ocr_line ocrx_word'/>
</head>
<body>
  <div class='ocr_page' id='page_1' title='image "./juscanonicumjux01grangoog/juscanonicumjux01grangoog_0559.png"; bbox 0 0 3500 5552; ppageno 0'>
   <div class='ocr_carea' id='block_1_1' title="bbox 589 564 1418 628">
    <p class='ocr_par' dir='ltr' id='par_1_1' title="bbox 589 564 1418 628">
     <span class='ocr_line' id='line_1_1' title="bbox 589 564 1418 628; baseline 0.021 -16"><span class='ocrx_word' id='word_1_1' title='bbox 589 569 823 624; x_wconf 78' lang='lat' dir='ltr'>transnaturus</span> <span class='ocrx_word' id='word_1_2' title='bbox 846 574 1069 620; x_wconf 78' lang='lat' dir='ltr'>caesurarum.</span> <span class='ocrx_word' id='word_1_3' title='bbox 1358 564 1418 628; x_wconf 78' lang='lat' dir='ltr'>atu</span> 
     </span>
    </p>
   </div>
   <div class='ocr_carea' id='block_1_2' title="bbox 181 685 1433 1214">
    <p class='ocr_par' dir='ltr' id='par_1_2' title="bbox 240 685 1417 780">
     <span class='ocr_line' id='line_1_2' title="bbox 240 685 1417 780; baseline 0.012 -30"><span class='ocrx_word' id='word_1_4' title='bbox 240 685 306 751; x_wconf 87' lang='lat' dir='ltr'>Sed</span> <span class='ocrx_word' id='word_1_5' title='bbox 325 685 424 750; x_wconf 91' lang='lat' dir='ltr'>tertia</span> <span class='ocrx_word' id='word_1_6' title='bbox 444 685 621 752; x_wconf 85' lang='lat' dir='ltr'>retinenda</span> <span class='ocrx_word' id='word_1_7' title='bbox 641 692 695 752; x_wconf 89' lang='lat' dir='ltr'>ast</span> <span class='ocrx_word' id='word_1_8' title='bbox 718 689 898 768; x_wconf 88' lang='lat' dir='ltr'>sententia,</span> <span class='ocrx_word' id='word_1_9' title='bbox 922 696 961 754; x_wconf 92' lang='lat' dir='ltr'>ut</span> <span class='ocrx_word' id='word_1_10' title='bbox 983 693 1198 776; x_wconf 78' lang='lat' dir='ltr'>probabilior,</span> <span class='ocrx_word' id='word_1_11' title='bbox 1216 697 1296 780; x_wconf 93' lang='lat' dir='ltr'>quia</span> <span class='ocrx_word' id='word_1_12' title='bbox 1309 717 1417 764; x_wconf 87' lang='lat' dir='ltr'>reser-</span> 
     </span>
    </p>

    <p class='ocr_par' dir='ltr' id='par_1_3' title="bbox 238 793 1416 885">
     <span class='ocr_line' id='line_1_3' title="bbox 238 793 1416 885; baseline 0.012 -28"><span class='ocrx_word' id='word_1_13' title='bbox 238 793 331 858; x_wconf 81' lang='lat' dir='ltr'>vatio</span> <span class='ocrx_word' id='word_1_14' title='bbox 357 794 541 877; x_wconf 89' lang='lat' dir='ltr'>quamdam</span> <span class='ocrx_word' id='word_1_15' title='bbox 562 796 720 879; x_wconf 83' lang='lat' dir='ltr'>producit</span> <span class='ocrx_word' id='word_1_16' title='bbox 742 798 1001 883; x_wconf 77' lang='lat' dir='ltr'>incapacitatem</span> <span class='ocrx_word' id='word_1_17' title='bbox 1019 821 1064 866; x_wconf 87' lang='lat' dir='ltr'>ex</span> <span class='ocrx_word' id='word_1_18' title='bbox 1087 807 1183 885; x_wconf 89' lang='lat' dir='ltr'>parte</span> <span class='ocrx_word' id='word_1_19' title='bbox 1205 805 1416 885; x_wconf 81' lang='lat' dir='ltr'>confessarii,</span> 
     </span>
    </p>

    <p class='ocr_par' dir='ltr' id='par_1_4' title="bbox 237 901 1433 1107">
     <span class='ocr_line' id='line_1_4' title="bbox 239 901 1433 994; baseline 0.011 -28"><span class='ocrx_word' id='word_1_20' title='bbox 239 906 273 966; x_wconf 88' lang='lat' dir='ltr'>et</span> <span class='ocrx_word' id='word_1_21' title='bbox 286 919 356 967; x_wconf 91' lang='lat' dir='ltr'>nou</span> <span class='ocrx_word' id='word_1_22' title='bbox 371 901 507 966; x_wconf 88' lang='lat' dir='ltr'>videtur</span> <span class='ocrx_word' id='word_1_23' title='bbox 527 903 666 984; x_wconf 81' lang='lat' dir='ltr'>praecise</span> <span class='ocrx_word' id='word_1_24' title='bbox 681 905 806 970; x_wconf 88' lang='lat' dir='ltr'>habere</span> <span class='ocrx_word' id='word_1_25' title='bbox 822 907 991 972; x_wconf 86' lang='lat' dir='ltr'>rationem</span> <span class='ocrx_word' id='word_1_26' title='bbox 1006 927 1129 992; x_wconf 86' lang='lat' dir='ltr'>poenae,</span> <span class='ocrx_word' id='word_1_27' title='bbox 1148 912 1208 975; x_wconf 88' lang='lat' dir='ltr'>sed</span> <span class='ocrx_word' id='word_1_28' title='bbox 1223 913 1335 994; x_wconf 86' lang='lat' dir='ltr'>potius</span> <span class='ocrx_word' id='word_1_29' title='bbox 1348 930 1433 980; x_wconf 61' lang='lat' dir='ltr'>res-v</span> 
     </span>
     <span class='ocr_line' id='line_1_5' title="bbox 237 999 1419 1107; baseline 0.015 -35"><span class='ocrx_word' id='word_1_30' title='bbox 237 1010 318 1095; x_wconf 87' lang='lat' dir='ltr'>picit</span> <span class='ocrx_word' id='word_1_31' title='bbox 331 1017 462 1076; x_wconf 92' lang='lat' dir='ltr'>rectum</span> <span class='ocrx_word' id='word_1_32' title='bbox 475 1013 674 1078; x_wconf 82' lang='lat' dir='ltr'>exercitium</span> <span class='ocrx_word' id='word_1_33' title='bbox 685 999 931 1098; x_wconf 83' lang='lat' dir='ltr'>jurisdictionis</span> <span class='ocrx_word' id='word_1_34' title='bbox 946 1020 1212 1085; x_wconf 88' lang='lat' dir='ltr'>sacramentalis.</span> <span class='ocrx_word' id='word_1_35' title='bbox 1238 1059 1277 1068; x_wconf 91' lang='lat'><em>-</em></span> <span class='ocrx_word' id='word_1_36' title='bbox 1299 1023 1346 1088; x_wconf 89' lang='lat' dir='ltr'>De</span> <span class='ocrx_word' id='word_1_37' title='bbox 1359 1043 1419 1107; x_wconf 90' lang='lat' dir='ltr'>po-</span> 
     </span>
    </p>

    <p class='ocr_par' dir='ltr' id='par_1_5' title="bbox 181 1121 1307 1214">
     <span class='ocr_line' id='line_1_6' title="bbox 181 1121 1307 1214; baseline 0.005 -28"><span class='ocrx_word' id='word_1_38' title='bbox 181 1176 184 1186; x_wconf 89' lang='lat'>.</span> <span class='ocrx_word' id='word_1_39' title='bbox 237 1123 360 1188; x_wconf 91' lang='lat' dir='ltr'>testate</span> <span class='ocrx_word' id='word_1_40' title='bbox 374 1121 573 1187; x_wconf 87' lang='lat' dir='ltr'>absolvendi</span> <span class='ocrx_word' id='word_1_41' title='bbox 587 1142 607 1188; x_wconf 94' lang='lat' dir='ltr'>a</span> <span class='ocrx_word' id='word_1_42' title='bbox 621 1126 804 1190; x_wconf 86' lang='lat' dir='ltr'>reservatis</span> <span class='ocrx_word' id='word_1_43' title='bbox 818 1143 962 1208; x_wconf 87' lang='lat' dir='ltr'>agemus</span> <span class='ocrx_word' id='word_1_44' title='bbox 977 1128 1012 1191; x_wconf 92' lang='lat' dir='ltr'>iu</span> <span class='ocrx_word' id='word_1_45' title='bbox 1027 1129 1051 1191; x_wconf 93' lang='lat' dir='ltr'>ti</span> <span class='ocrx_word' id='word_1_46' title='bbox 1057 1128 1126 1193; x_wconf 90' lang='lat' dir='ltr'>tulo</span> <span class='ocrx_word' id='word_1_47' title='bbox 1141 1131 1307 1214; x_wconf 89' lang='lat' dir='ltr'>sequenti.</span> 
     </span>
    </p>
   </div>
   <div class='ocr_carea' id='block_1_3' title="bbox 611 1308 1043 1376">
    <p class='ocr_par' dir='ltr' id='par_1_6' title="bbox 611 1308 1043 1376">
     <span class='ocr_line' id='line_1_7' title="bbox 611 1308 1043 1376; baseline 0.005 -14"><span class='ocrx_word' id='word_1_48' title='bbox 611 1308 654 1362; x_wconf 89' lang='lat' dir='ltr'>Vl.</span> <span class='ocrx_word' id='word_1_49' title='bbox 672 1312 710 1363; x_wconf 82' lang='lat' dir='ltr'>lle</span> <span class='ocrx_word' id='word_1_50' title='bbox 726 1309 815 1376; x_wconf 81' lang='lat' dir='ltr'>sigillo</span> <span class='ocrx_word' id='word_1_51' title='bbox 832 1312 1043 1364; x_wconf 84' lang='lat' dir='ltr'>sacramentali.</span> 
     </span>
    </p>
   </div>
   <div class='ocr_carea' id='block_1_4' title="bbox 234 1453 1472 3275">
    <p class='ocr_par' dir='ltr' id='par_1_7' title="bbox 236 1453 1472 2524">
     <span class='ocr_line' id='line_1_8' title="bbox 279 1453 1472 1545; baseline 0.011 -27"><span class='ocrx_word' id='word_1_52' title='bbox 279 1455 311 1536; x_wconf 88' lang='lat' dir='ltr'>u)</span> <span class='ocrx_word' id='word_1_53' title='bbox 333 1453 469 1522; x_wconf 80' lang='lat' dir='ltr'>Natura</span> <span class='ocrx_word' id='word_1_54' title='bbox 484 1463 516 1518; x_wconf 87' lang='lat' dir='ltr'>et</span> <span class='ocrx_word' id='word_1_55' title='bbox 531 1456 623 1539; x_wconf 78' lang='lat' dir='ltr'>oripo</span> <span class='ocrx_word' id='word_1_56' title='bbox 633 1457 746 1540; x_wconf 79' lang='lat' dir='ltr'>sr&#39;pilli.</span> <span class='ocrx_word' id='word_1_57' title='bbox 764 1456 919 1540; x_wconf 74' lang='lat' dir='ltr'>Sigillum</span> <span class='ocrx_word' id='word_1_58' title='bbox 932 1460 1178 1526; x_wconf 86' lang='lat' dir='ltr'>sacramentale</span> <span class='ocrx_word' id='word_1_59' title='bbox 1192 1465 1245 1526; x_wconf 88' lang='lat' dir='ltr'>est</span> <span class='ocrx_word' id='word_1_60' title='bbox 1255 1461 1416 1545; x_wconf 82' lang='lat' dir='ltr'>obligatio</span> <span class='ocrx_word' id='word_1_61' title='bbox 1471 1509 1472 1514; x_wconf 20' lang='grc' dir='ltr'><strong>κ</strong></span> 
     </span>
     <span class='ocr_line' id='line_1_9' title="bbox 239 1563 1417 1650; baseline 0.005 -22"><span class='ocrx_word' id='word_1_62' title='bbox 239 1563 397 1628; x_wconf 87' lang='lat' dir='ltr'>servandi</span> <span class='ocrx_word' id='word_1_63' title='bbox 411 1565 474 1628; x_wconf 88' lang='lat' dir='ltr'>sub</span> <span class='ocrx_word' id='word_1_64' title='bbox 489 1569 619 1631; x_wconf 87' lang='lat' dir='ltr'>secreto</span> <span class='ocrx_word' id='word_1_65' title='bbox 635 1583 710 1648; x_wconf 81' lang='lat' dir='ltr'>quae</span> <span class='ocrx_word' id='word_1_66' title='bbox 732 1565 767 1629; x_wconf 91' lang='lat' dir='ltr'>in</span> <span class='ocrx_word' id='word_1_67' title='bbox 783 1567 998 1631; x_wconf 88' lang='lat' dir='ltr'>confessione</span> <span class='ocrx_word' id='word_1_68' title='bbox 1021 1568 1257 1650; x_wconf 85' lang='lat' dir='ltr'>sacramentali</span> <span class='ocrx_word' id='word_1_69' title='bbox 1277 1571 1417 1635; x_wconf 81' lang='lat' dir='ltr'>fuerunt</span> 
     </span>
     <span class='ocr_line' id='line_1_10' title="bbox 238 1671 1415 1760; baseline 0.004 -23"><span class='ocrx_word' id='word_1_70' title='bbox 238 1676 384 1755; x_wconf 90' lang='lat' dir='ltr'>accepta.</span> <span class='ocrx_word' id='word_1_71' title='bbox 403 1671 480 1737; x_wconf 84' lang='lat' dir='ltr'>Haec</span> <span class='ocrx_word' id='word_1_72' title='bbox 493 1671 655 1754; x_wconf 78' lang='lat' dir='ltr'>obligatio</span> <span class='ocrx_word' id='word_1_73' title='bbox 670 1673 789 1757; x_wconf 89' lang='lat' dir='ltr'>triplici</span> <span class='ocrx_word' id='word_1_74' title='bbox 801 1676 878 1756; x_wconf 87' lang='lat' dir='ltr'>jure</span> <span class='ocrx_word' id='word_1_75' title='bbox 893 1675 958 1738; x_wconf 87' lang='lat' dir='ltr'>fuit</span> <span class='ocrx_word' id='word_1_76' title='bbox 970 1675 1119 1752; x_wconf 88' lang='lat' dir='ltr'>inducta,</span> <span class='ocrx_word' id='word_1_77' title='bbox 1143 1676 1271 1742; x_wconf 89' lang='lat' dir='ltr'>scilicet</span> <span class='ocrx_word' id='word_1_78' title='bbox 1288 1679 1320 1741; x_wconf 79' lang='lat'>1⁰</span> <span class='ocrx_word' id='word_1_79' title='bbox 1335 1679 1415 1760; x_wconf 81' lang='lat' dir='ltr'>jure</span> 
     </span>
     <span class='ocr_line' id='line_1_11' title="bbox 237 1781 1412 1863; baseline 0.006 -20"><span class='ocrx_word' id='word_1_80' title='bbox 237 1781 413 1859; x_wconf 73' lang='lat' dir='ltr'>naturali,</span> <span class='ocrx_word' id='word_1_81' title='bbox 432 1798 513 1844; x_wconf 90' lang='lat' dir='ltr'>nam</span> <span class='ocrx_word' id='word_1_82' title='bbox 527 1785 665 1863; x_wconf 89' lang='lat' dir='ltr'>peccata</span> <span class='ocrx_word' id='word_1_83' title='bbox 686 1781 722 1845; x_wconf 91' lang='lat' dir='ltr'>in</span> <span class='ocrx_word' id='word_1_84' title='bbox 747 1781 961 1846; x_wconf 78' lang='lat' dir='ltr'>confossione</span> <span class='ocrx_word' id='word_1_85' title='bbox 983 1782 1198 1860; x_wconf 89' lang='lat' dir='ltr'>declarantur</span> <span class='ocrx_word' id='word_1_86' title='bbox 1222 1785 1285 1848; x_wconf 90' lang='lat' dir='ltr'>sub</span> <span class='ocrx_word' id='word_1_87' title='bbox 1312 1785 1412 1850; x_wconf 91' lang='lat' dir='ltr'>tacito</span> 
     </span>
     <span class='ocr_line' id='line_1_12' title="bbox 239 1890 1411 1976; baseline 0.004 -22"><span class='ocrx_word' id='word_1_88' title='bbox 239 1890 360 1975; x_wconf 89' lang='lat' dir='ltr'>secreti</span> <span class='ocrx_word' id='word_1_89' title='bbox 373 1894 481 1972; x_wconf 90' lang='lat' dir='ltr'>pacto,</span> <span class='ocrx_word' id='word_1_90' title='bbox 500 1891 591 1973; x_wconf 96' lang='lat' dir='ltr'>quod</span> <span class='ocrx_word' id='word_1_91' title='bbox 603 1891 832 1956; x_wconf 84' lang='lat' dir='ltr'>confessarius</span> <span class='ocrx_word' id='word_1_92' title='bbox 849 1893 994 1974; x_wconf 88' lang='lat' dir='ltr'>spondet</span> <span class='ocrx_word' id='word_1_93' title='bbox 1004 1911 1044 1957; x_wconf 93' lang='lat' dir='ltr'>eo</span> <span class='ocrx_word' id='word_1_94' title='bbox 1058 1894 1132 1976; x_wconf 88' lang='lat' dir='ltr'>ipso</span> <span class='ocrx_word' id='word_1_95' title='bbox 1143 1894 1222 1976; x_wconf 91' lang='lat' dir='ltr'>quia</span> <span class='ocrx_word' id='word_1_96' title='bbox 1231 1895 1326 1959; x_wconf 89' lang='lat' dir='ltr'>audit</span> <span class='ocrx_word' id='word_1_97' title='bbox 1334 1913 1411 1959; x_wconf 91' lang='lat' dir='ltr'>con-</span> 
     </span>
     <span class='ocr_line' id='line_1_13' title="bbox 237 1998 1411 2086; baseline 0.005 -25"><span class='ocrx_word' id='word_1_98' title='bbox 237 1998 433 2062; x_wconf 79' lang='lat' dir='ltr'>sessionem.</span> <span class='ocrx_word' id='word_1_99' title='bbox 458 1998 561 2063; x_wconf 89' lang='lat' dir='ltr'>Porro</span> <span class='ocrx_word' id='word_1_100' title='bbox 580 2001 658 2082; x_wconf 88' lang='lat' dir='ltr'>jure</span> <span class='ocrx_word' id='word_1_101' title='bbox 673 1999 819 2064; x_wconf 89' lang='lat' dir='ltr'>naturali</span> <span class='ocrx_word' id='word_1_102' title='bbox 843 2004 1001 2064; x_wconf 88' lang='lat' dir='ltr'>tenemur</span> <span class='ocrx_word' id='word_1_103' title='bbox 1015 2005 1105 2065; x_wconf 88' lang='lat' dir='ltr'>stare</span> <span class='ocrx_word' id='word_1_104' title='bbox 1119 2001 1312 2084; x_wconf 90' lang='lat' dir='ltr'>promissis;</span> <span class='ocrx_word' id='word_1_105' title='bbox 1327 2021 1411 2086; x_wconf 86' lang='lat' dir='ltr'>prae-</span> 
     </span>
     <span class='ocr_line' id='line_1_14' title="bbox 236 2107 1413 2195; baseline 0.005 -25"><span class='ocrx_word' id='word_1_106' title='bbox 236 2112 330 2171; x_wconf 89' lang='lat' dir='ltr'>terea</span> <span class='ocrx_word' id='word_1_107' title='bbox 348 2107 510 2173; x_wconf 88' lang='lat' dir='ltr'>revelatio</span> <span class='ocrx_word' id='word_1_108' title='bbox 527 2109 952 2193; x_wconf 74' lang='lat' dir='ltr'>infamaretpornitantem,</span> <span class='ocrx_word' id='word_1_109' title='bbox 971 2115 1005 2175; x_wconf 92' lang='lat' dir='ltr'>et</span> <span class='ocrx_word' id='word_1_110' title='bbox 1021 2111 1142 2176; x_wconf 91' lang='lat' dir='ltr'>eodem</span> <span class='ocrx_word' id='word_1_111' title='bbox 1156 2115 1233 2195; x_wconf 86' lang='lat' dir='ltr'>jure</span> <span class='ocrx_word' id='word_1_112' title='bbox 1256 2116 1413 2176; x_wconf 89' lang='lat' dir='ltr'>tenemur</span> 
     </span>
     <span class='ocr_line' id='line_1_15' title="bbox 236 2217 1415 2302; baseline 0.005 -22"><span class='ocrx_word' id='word_1_113' title='bbox 236 2235 306 2281; x_wconf 91' lang='lat' dir='ltr'>non</span> <span class='ocrx_word' id='word_1_114' title='bbox 323 2217 487 2282; x_wconf 83' lang='lat' dir='ltr'>infamare</span> <span class='ocrx_word' id='word_1_115' title='bbox 504 2218 709 2302; x_wconf 87' lang='lat' dir='ltr'>proximum.</span> <span class='ocrx_word' id='word_1_116' title='bbox 724 2218 787 2283; x_wconf 88' lang='lat' dir='ltr'>Sed</span> <span class='ocrx_word' id='word_1_117' title='bbox 809 2219 881 2282; x_wconf 83' lang='lat' dir='ltr'>haec</span> <span class='ocrx_word' id='word_1_118' title='bbox 899 2218 1072 2300; x_wconf 80' lang='lat' dir='ltr'>obligatio,</span> <span class='ocrx_word' id='word_1_119' title='bbox 1095 2220 1158 2284; x_wconf 91' lang='lat' dir='ltr'>etsi</span> <span class='ocrx_word' id='word_1_120' title='bbox 1171 2237 1264 2296; x_wconf 89' lang='lat' dir='ltr'>vera,</span> <span class='ocrx_word' id='word_1_121' title='bbox 1278 2239 1348 2286; x_wconf 91' lang='lat' dir='ltr'>non</span> <span class='ocrx_word' id='word_1_122' title='bbox 1362 2228 1415 2286; x_wconf 91' lang='lat' dir='ltr'>est</span> 
     </span>
     <span class='ocr_line' id='line_1_16' title="bbox 236 2324 1412 2412; baseline 0.006 -25"><span class='ocrx_word' id='word_1_123' title='bbox 236 2324 418 2402; x_wconf 82' lang='lat' dir='ltr'>sufficiens,</span> <span class='ocrx_word' id='word_1_124' title='bbox 436 2326 516 2408; x_wconf 89' lang='lat' dir='ltr'>quia</span> <span class='ocrx_word' id='word_1_125' title='bbox 525 2327 796 2398; x_wconf 87' lang='lat' dir='ltr'>confessariusin</span> <span class='ocrx_word' id='word_1_126' title='bbox 804 2326 972 2410; x_wconf 87' lang='lat' dir='ltr'>aliquibus</span> <span class='ocrx_word' id='word_1_127' title='bbox 981 2328 1115 2393; x_wconf 91' lang='lat' dir='ltr'>casibus</span> <span class='ocrx_word' id='word_1_128' title='bbox 1126 2334 1242 2412; x_wconf 89' lang='lat' dir='ltr'>posset</span> <span class='ocrx_word' id='word_1_129' title='bbox 1249 2328 1412 2409; x_wconf 88' lang='lat' dir='ltr'>revelare,</span> 
     </span>
     <span class='ocr_line' id='line_1_17' title="bbox 236 2433 858 2524; baseline 0 -26"><span class='ocrx_word' id='word_1_130' title='bbox 236 2434 361 2516; x_wconf 91' lang='lat' dir='ltr'>quoda</span> <span class='ocrx_word' id='word_1_131' title='bbox 380 2433 517 2497; x_wconf 89' lang='lat' dir='ltr'>nemine</span> <span class='ocrx_word' id='word_1_132' title='bbox 534 2433 734 2524; x_wconf 84' lang='lat' dir='ltr'>admittitur.</span> <span class='ocrx_word' id='word_1_133' title='bbox 752 2434 858 2511; x_wconf 88' lang='lat' dir='ltr'>Unde,</span> 
     </span>
    </p>

    <p class='ocr_par' dir='ltr' id='par_1_8' title="bbox 234 2543 1415 3275">
     <span class='ocr_line' id='line_1_18' title="bbox 274 2543 1415 2628; baseline 0.002 -22"><span class='ocrx_word' id='word_1_134' title='bbox 274 2545 307 2606; x_wconf 66' lang='lat'>2⁰</span> <span class='ocrx_word' id='word_1_135' title='bbox 329 2543 498 2607; x_wconf 85' lang='lat' dir='ltr'>Tenemur</span> <span class='ocrx_word' id='word_1_136' title='bbox 523 2543 626 2607; x_wconf 91' lang='lat' dir='ltr'>etiam</span> <span class='ocrx_word' id='word_1_137' title='bbox 640 2545 720 2624; x_wconf 84' lang='lat' dir='ltr'>jure</span> <span class='ocrx_word' id='word_1_138' title='bbox 745 2544 858 2606; x_wconf 81' lang='lat' dir='ltr'>diuino</span> <span class='ocrx_word' id='word_1_139' title='bbox 870 2547 1025 2627; x_wconf 76' lang='lat' dir='ltr'>positivo,</span> <span class='ocrx_word' id='word_1_140' title='bbox 1050 2543 1172 2609; x_wconf 88' lang='lat' dir='ltr'>saltem</span> <span class='ocrx_word' id='word_1_141' title='bbox 1195 2545 1358 2628; x_wconf 88' lang='lat' dir='ltr'>implicito</span> <span class='ocrx_word' id='word_1_142' title='bbox 1381 2543 1415 2610; x_wconf 83' lang='lat' dir='ltr'>&#39;et</span> 
     </span>
     <span class='ocr_line' id='line_1_19' title="bbox 238 2651 1412 2735; baseline 0.002 -19"><span class='ocrx_word' id='word_1_143' title='bbox 238 2651 280 2716; x_wconf 89' lang='lat' dir='ltr'>de</span> <span class='ocrx_word' id='word_1_144' title='bbox 294 2652 528 2735; x_wconf 87' lang='lat' dir='ltr'>consequenti,</span> <span class='ocrx_word' id='word_1_145' title='bbox 546 2669 627 2716; x_wconf 91' lang='lat' dir='ltr'>nam</span> <span class='ocrx_word' id='word_1_146' title='bbox 641 2651 763 2716; x_wconf 91' lang='lat' dir='ltr'>eodem</span> <span class='ocrx_word' id='word_1_147' title='bbox 783 2655 860 2733; x_wconf 89' lang='lat' dir='ltr'>jure</span> <span class='ocrx_word' id='word_1_148' title='bbox 879 2653 1079 2735; x_wconf 89' lang='lat' dir='ltr'>prohibetur</span> <span class='ocrx_word' id='word_1_149' title='bbox 1096 2652 1260 2718; x_wconf 86' lang='lat' dir='ltr'>revelatio</span> <span class='ocrx_word' id='word_1_150' title='bbox 1280 2654 1412 2718; x_wconf 85' lang='lat' dir='ltr'>confes-</span> 
     </span>
     <span class='ocr_line' id='line_1_20' title="bbox 235 2749 1414 2844; baseline 0.002 -20"><span class='ocrx_word' id='word_1_151' title='bbox 235 2749 352 2835; x_wconf 88' lang='lat' dir='ltr'>sionis,</span> <span class='ocrx_word' id='word_1_152' title='bbox 370 2778 437 2842; x_wconf 94' lang='lat' dir='ltr'>quo</span> <span class='ocrx_word' id='word_1_153' title='bbox 452 2759 646 2842; x_wconf 82' lang='lat' dir='ltr'>praecipitur</span> <span class='ocrx_word' id='word_1_154' title='bbox 659 2759 732 2841; x_wconf 90' lang='lat' dir='ltr'>ipsa</span> <span class='ocrx_word' id='word_1_155' title='bbox 746 2759 927 2824; x_wconf 83' lang='lat' dir='ltr'>confessio.</span> <span class='ocrx_word' id='word_1_156' title='bbox 941 2760 1074 2824; x_wconf 84' lang='lat' dir='ltr'>Etenim</span> <span class='ocrx_word' id='word_1_157' title='bbox 1094 2767 1316 2825; x_wconf 89' lang='lat' dir='ltr'>enervaretur</span> <span class='ocrx_word' id='word_1_158' title='bbox 1329 2781 1414 2844; x_wconf 77' lang='lat' dir='ltr'>pras-</span> 
     </span>
     <span class='ocr_line' id='line_1_21' title="bbox 235 2868 1415 2952; baseline 0.001 -18"><span class='ocrx_word' id='word_1_159' title='bbox 235 2875 372 2952; x_wconf 90' lang='lat' dir='ltr'>ceptum</span> <span class='ocrx_word' id='word_1_160' title='bbox 396 2869 550 2933; x_wconf 91' lang='lat' dir='ltr'>divinum</span> <span class='ocrx_word' id='word_1_161' title='bbox 573 2869 614 2932; x_wconf 92' lang='lat' dir='ltr'>de</span> <span class='ocrx_word' id='word_1_162' title='bbox 635 2868 849 2932; x_wconf 82' lang='lat' dir='ltr'>confessione</span> <span class='ocrx_word' id='word_1_163' title='bbox 872 2870 1038 2944; x_wconf 86' lang='lat' dir='ltr'>iacienda,</span> <span class='ocrx_word' id='word_1_164' title='bbox 1060 2870 1087 2932; x_wconf 87' lang='lat' dir='ltr'>si</span> <span class='ocrx_word' id='word_1_165' title='bbox 1108 2870 1274 2935; x_wconf 88' lang='lat' dir='ltr'>sacerdoti</span> <span class='ocrx_word' id='word_1_166' title='bbox 1297 2872 1415 2935; x_wconf 89' lang='lat' dir='ltr'>liceret</span> 
     </span>
     <span class='ocr_line' id='line_1_22' title="bbox 234 2975 1414 3060; baseline -0.002 -18"><span class='ocrx_word' id='word_1_167' title='bbox 234 2981 372 3060; x_wconf 87' lang='lat' dir='ltr'>paccata</span> <span class='ocrx_word' id='word_1_168' title='bbox 386 2978 422 3041; x_wconf 94' lang='lat' dir='ltr'>in</span> <span class='ocrx_word' id='word_1_169' title='bbox 437 2976 651 3041; x_wconf 89' lang='lat' dir='ltr'>confessione</span> <span class='ocrx_word' id='word_1_170' title='bbox 667 2975 782 3059; x_wconf 83' lang='lat' dir='ltr'>audita</span> <span class='ocrx_word' id='word_1_171' title='bbox 798 2976 962 3040; x_wconf 88' lang='lat' dir='ltr'>revelare.</span> <span class='ocrx_word' id='word_1_172' title='bbox 980 2977 1133 3040; x_wconf 83' lang='lat' dir='ltr'>Diximus</span> <span class='ocrx_word' id='word_1_173' title='bbox 1147 2976 1293 3041; x_wconf 86' lang='lat' dir='ltr'>«saltem</span> <span class='ocrx_word' id='word_1_174' title='bbox 1305 2978 1414 3060; x_wconf 91' lang='lat' dir='ltr'>impli-</span> 
     </span>
     <span class='ocr_line' id='line_1_23' title="bbox 235 3083 1413 3169; baseline 0.001 -21"><span class='ocrx_word' id='word_1_175' title='bbox 235 3085 301 3149; x_wconf 92' lang='lat' dir='ltr'>cito</span> <span class='ocrx_word' id='word_1_176' title='bbox 321 3089 355 3148; x_wconf 91' lang='lat' dir='ltr'>et</span> <span class='ocrx_word' id='word_1_177' title='bbox 372 3083 414 3148; x_wconf 94' lang='lat' dir='ltr'>de</span> <span class='ocrx_word' id='word_1_178' title='bbox 436 3085 659 3168; x_wconf 87' lang='lat' dir='ltr'>consequenti</span> <span class='ocrx_word' id='word_1_179' title='bbox 669 3104 701 3159; x_wconf 87' lang='lat'>»;</span> <span class='ocrx_word' id='word_1_180' title='bbox 724 3101 803 3156; x_wconf 87' lang='lat' dir='ltr'>nam</span> <span class='ocrx_word' id='word_1_181' title='bbox 823 3101 893 3148; x_wconf 91' lang='lat' dir='ltr'>non</span> <span class='ocrx_word' id='word_1_182' title='bbox 913 3084 1058 3147; x_wconf 92' lang='lat' dir='ltr'>habetur</span> <span class='ocrx_word' id='word_1_183' title='bbox 1072 3089 1280 3168; x_wconf 74' lang='lat' dir='ltr'>praeceptum</span> <span class='ocrx_word' id='word_1_184' title='bbox 1295 3087 1413 3169; x_wconf 88' lang='lat' dir='ltr'>positi-</span> 
     </span>
     <span class='ocr_line' id='line_1_24' title="bbox 234 3191 1414 3275; baseline 0.001 -20"><span class='ocrx_word' id='word_1_185' title='bbox 234 3211 317 3255; x_wconf 89' lang='lat' dir='ltr'>vum</span> <span class='ocrx_word' id='word_1_186' title='bbox 331 3193 396 3275; x_wconf 90' lang='lat' dir='ltr'>ipsi</span> <span class='ocrx_word' id='word_1_187' title='bbox 411 3193 615 3256; x_wconf 88' lang='lat' dir='ltr'>institutioni</span> <span class='ocrx_word' id='word_1_188' title='bbox 631 3192 831 3257; x_wconf 87' lang='lat' dir='ltr'>sacramenti</span> <span class='ocrx_word' id='word_1_189' title='bbox 855 3191 1129 3274; x_wconf 66' lang='lat' dir='ltr'>superadditum</span> <span class='ocrx_word' id='word_1_190' title='bbox 1144 3191 1305 3274; x_wconf 89' lang='lat' dir='ltr'>obligatio</span> <span class='ocrx_word' id='word_1_191' title='bbox 1321 3194 1414 3256; x_wconf 90' lang='lat' dir='ltr'>euim</span> 
     </span>
    </p>
   </div>
   <div class='ocr_carea' id='block_1_5' title="bbox 126 3300 1414 3396">
    <p class='ocr_par' dir='ltr' id='par_1_9' title="bbox 126 3300 1414 3396">
     <span class='ocr_line' id='line_1_25' title="bbox 126 3300 1414 3396; baseline 0 -32"><span class='ocrx_word' id='word_1_192' title='bbox 126 3391 127 3396; x_wconf 5' lang='grc' dir='ltr'>ἵ</span> <span class='ocrx_word' id='word_1_193' title='bbox 236 3300 335 3382; x_wconf 86' lang='lat' dir='ltr'>sigilli</span> <span class='ocrx_word' id='word_1_194' title='bbox 361 3300 531 3383; x_wconf 89' lang='lat' dir='ltr'>colligitur</span> <span class='ocrx_word' id='word_1_195' title='bbox 557 3320 600 3364; x_wconf 87' lang='lat' dir='ltr'>ex</span> <span class='ocrx_word' id='word_1_196' title='bbox 622 3302 697 3386; x_wconf 91' lang='lat' dir='ltr'>ipsa</span> <span class='ocrx_word' id='word_1_197' title='bbox 722 3301 836 3366; x_wconf 87' lang='lat' dir='ltr'>indole</span> <span class='ocrx_word' id='word_1_198' title='bbox 861 3301 966 3385; x_wconf 86' lang='lat' dir='ltr'>ipsius</span> <span class='ocrx_word' id='word_1_199' title='bbox 992 3301 1206 3377; x_wconf 89' lang='lat' dir='ltr'>sacramenti,</span> <span class='ocrx_word' id='word_1_200' title='bbox 1235 3300 1326 3384; x_wconf 92' lang='lat' dir='ltr'>quod</span> <span class='ocrx_word' id='word_1_201' title='bbox 1349 3301 1414 3364; x_wconf 82' lang='lat' dir='ltr'>fuit</span> 
     </span>
    </p>
   </div>
   <div class='ocr_carea' id='block_1_6' title="bbox 226 3407 1415 4794">
    <p class='ocr_par' dir='ltr' id='par_1_10' title="bbox 236 3407 1410 3602">
     <span class='ocr_line' id='line_1_26' title="bbox 236 3407 1410 3494; baseline 0.002 -23"><span class='ocrx_word' id='word_1_202' title='bbox 236 3408 430 3473; x_wconf 87' lang='lat' dir='ltr'>institutum</span> <span class='ocrx_word' id='word_1_203' title='bbox 441 3414 603 3494; x_wconf 89' lang='lat' dir='ltr'>tanquam</span> <span class='ocrx_word' id='word_1_204' title='bbox 615 3409 753 3494; x_wconf 87' lang='lat' dir='ltr'>aliquod</span> <span class='ocrx_word' id='word_1_205' title='bbox 765 3407 913 3473; x_wconf 93' lang='lat' dir='ltr'>tribunal</span> <span class='ocrx_word' id='word_1_206' title='bbox 927 3409 1059 3474; x_wconf 90' lang='lat' dir='ltr'>visibile</span> <span class='ocrx_word' id='word_1_207' title='bbox 1070 3409 1130 3473; x_wconf 88' lang='lat' dir='ltr'>llei</span> <span class='ocrx_word' id='word_1_208' title='bbox 1146 3409 1238 3490; x_wconf 90' lang='lat' dir='ltr'>(Vide</span> <span class='ocrx_word' id='word_1_209' title='bbox 1250 3409 1297 3474; x_wconf 87' lang='lat' dir='ltr'>lle</span> <span class='ocrx_word' id='word_1_210' title='bbox 1306 3409 1410 3490; x_wconf 84' lang='lat' dir='ltr'>lugo,</span> 
     </span>
     <span class='ocr_line' id='line_1_27' title="bbox 237 3517 606 3602; baseline -0.011 -20"><span class='ocrx_word' id='word_1_211' title='bbox 237 3517 278 3582; x_wconf 84' lang='lat' dir='ltr'>de</span> <span class='ocrx_word' id='word_1_212' title='bbox 295 3517 431 3593; x_wconf 74' lang='lat' dir='ltr'>Pacta,</span> <span class='ocrx_word' id='word_1_213' title='bbox 449 3517 534 3602; x_wconf 90' lang='lat' dir='ltr'>disp.</span> <span class='ocrx_word' id='word_1_214' title='bbox 546 3518 606 3600; x_wconf 66' lang='lat'>23).</span> 
     </span>
    </p>

    <p class='ocr_par' dir='ltr' id='par_1_11' title="bbox 235 3623 1415 3922">
     <span class='ocr_line' id='line_1_28' title="bbox 275 3623 1415 3710; baseline 0.001 -22"><span class='ocrx_word' id='word_1_215' title='bbox 275 3625 307 3688; x_wconf 78' lang='lat'>3⁰</span> <span class='ocrx_word' id='word_1_216' title='bbox 320 3625 470 3690; x_wconf 87' lang='lat' dir='ltr'>Tandem</span> <span class='ocrx_word' id='word_1_217' title='bbox 483 3628 543 3708; x_wconf 81' lang='lat' dir='ltr'>jus</span> <span class='ocrx_word' id='word_1_218' title='bbox 562 3625 818 3691; x_wconf 80' lang='lat' dir='ltr'>ecclesiasticum</span> <span class='ocrx_word' id='word_1_219' title='bbox 840 3625 986 3710; x_wconf 93' lang='lat' dir='ltr'>imponit</span> <span class='ocrx_word' id='word_1_220' title='bbox 1009 3625 1112 3689; x_wconf 89' lang='lat' dir='ltr'>etiam</span> <span class='ocrx_word' id='word_1_221' title='bbox 1132 3625 1220 3689; x_wconf 91' lang='lat' dir='ltr'>hanc</span> <span class='ocrx_word' id='word_1_222' title='bbox 1237 3623 1415 3706; x_wconf 89' lang='lat' dir='ltr'>obligatio-</span> 
     </span>
     <span class='ocr_line' id='line_1_29' title="bbox 235 3725 1414 3816; baseline -0.001 -20"><span class='ocrx_word' id='word_1_223' title='bbox 235 3725 316 3796; x_wconf 88' lang='lat' dir='ltr'>nem</span> <span class='ocrx_word' id='word_1_224' title='bbox 338 3731 448 3816; x_wconf 84' lang='lat' dir='ltr'>sigilli,</span> <span class='ocrx_word' id='word_1_225' title='bbox 466 3739 504 3797; x_wconf 90' lang='lat' dir='ltr'>ut</span> <span class='ocrx_word' id='word_1_226' title='bbox 522 3737 656 3799; x_wconf 90' lang='lat' dir='ltr'>constat</span> <span class='ocrx_word' id='word_1_227' title='bbox 670 3752 713 3798; x_wconf 82' lang='lat' dir='ltr'>ex</span> <span class='ocrx_word' id='word_1_228' title='bbox 727 3751 857 3798; x_wconf 88' lang='lat' dir='ltr'>canone</span> <span class='ocrx_word' id='word_1_229' title='bbox 873 3733 990 3798; x_wconf 82' lang='lat' dir='ltr'>Omnis</span> <span class='ocrx_word' id='word_1_230' title='bbox 1006 3734 1182 3815; x_wconf 81' lang='lat' dir='ltr'>utriusque</span> <span class='ocrx_word' id='word_1_231' title='bbox 1199 3751 1306 3808; x_wconf 77' lang='lat' dir='ltr'>secur,</span> <span class='ocrx_word' id='word_1_232' title='bbox 1322 3737 1357 3796; x_wconf 92' lang='lat' dir='ltr'>et</span> <span class='ocrx_word' id='word_1_233' title='bbox 1371 3751 1414 3797; x_wconf 83' lang='lat' dir='ltr'>ex</span> 
     </span>
     <span class='ocr_line' id='line_1_30' title="bbox 235 3822 1290 3922; baseline -0.003 -17"><span class='ocrx_word' id='word_1_234' title='bbox 235 3840 346 3922; x_wconf 86' lang='lat' dir='ltr'>poenis</span> <span class='ocrx_word' id='word_1_235' title='bbox 358 3839 435 3905; x_wconf 88' lang='lat' dir='ltr'>latis</span> <span class='ocrx_word' id='word_1_236' title='bbox 449 3845 568 3906; x_wconf 88' lang='lat' dir='ltr'>contra</span> <span class='ocrx_word' id='word_1_237' title='bbox 582 3840 749 3918; x_wconf 82' lang='lat' dir='ltr'>violantes</span> <span class='ocrx_word' id='word_1_238' title='bbox 765 3839 924 3922; x_wconf 86' lang='lat' dir='ltr'>sigillum.</span> <span class='ocrx_word' id='word_1_239' title='bbox 1286 3822 1290 3830; x_wconf 50' lang='lat'>¹</span> 
     </span>
    </p>

    <p class='ocr_par' dir='ltr' id='par_1_12' title="bbox 226 3947 1415 4794">
     <span class='ocr_line' id='line_1_31' title="bbox 274 3947 1411 4034; baseline -0.002 -20"><span class='ocrx_word' id='word_1_240' title='bbox 274 3951 307 4014; x_wconf 71' lang='lat'>4⁰</span> <span class='ocrx_word' id='word_1_241' title='bbox 317 3949 365 4013; x_wconf 82' lang='lat' dir='ltr'>Ex</span> <span class='ocrx_word' id='word_1_242' title='bbox 376 3949 472 4013; x_wconf 88' lang='lat' dir='ltr'>dictis</span> <span class='ocrx_word' id='word_1_243' title='bbox 481 3951 634 4034; x_wconf 90' lang='lat' dir='ltr'>sequitur</span> <span class='ocrx_word' id='word_1_244' title='bbox 648 3949 891 4031; x_wconf 89' lang='lat' dir='ltr'>obligationem</span> <span class='ocrx_word' id='word_1_245' title='bbox 901 3948 1001 4031; x_wconf 92' lang='lat' dir='ltr'>sigilli</span> <span class='ocrx_word' id='word_1_246' title='bbox 1013 3967 1088 4013; x_wconf 88' lang='lat' dir='ltr'>esse</span> <span class='ocrx_word' id='word_1_247' title='bbox 1099 3947 1411 4032; x_wconf 88' lang='lat' dir='ltr'>indispensabilem,</span> 
     </span>
     <span class='ocr_line' id='line_1_32' title="bbox 235 4057 1414 4144; baseline -0.003 -20"><span class='ocrx_word' id='word_1_248' title='bbox 235 4061 282 4125; x_wconf 90' lang='lat' dir='ltr'>ita</span> <span class='ocrx_word' id='word_1_249' title='bbox 293 4064 332 4124; x_wconf 93' lang='lat' dir='ltr'>ut</span> <span class='ocrx_word' id='word_1_250' title='bbox 344 4057 572 4125; x_wconf 87' lang='lat' dir='ltr'>confessarius</span> <span class='ocrx_word' id='word_1_251' title='bbox 587 4078 775 4144; x_wconf 92' lang='lat' dir='ltr'>nunquam,</span> <span class='ocrx_word' id='word_1_252' title='bbox 790 4078 832 4124; x_wconf 89' lang='lat' dir='ltr'>ne</span> <span class='ocrx_word' id='word_1_253' title='bbox 848 4058 985 4143; x_wconf 88' lang='lat' dir='ltr'>quidem</span> <span class='ocrx_word' id='word_1_254' title='bbox 998 4063 1077 4142; x_wconf 85' lang='lat' dir='ltr'>post</span> <span class='ocrx_word' id='word_1_255' title='bbox 1090 4063 1236 4123; x_wconf 90' lang='lat' dir='ltr'>mortem</span> <span class='ocrx_word' id='word_1_256' title='bbox 1246 4059 1414 4141; x_wconf 85' lang='lat' dir='ltr'>poenitan-</span> 
     </span>
     <span class='ocr_line' id='line_1_33' title="bbox 236 4165 1414 4253; baseline -0.004 -21"><span class='ocrx_word' id='word_1_257' title='bbox 236 4169 290 4248; x_wconf 86' lang='lat' dir='ltr'>tis,</span> <span class='ocrx_word' id='word_1_258' title='bbox 307 4186 370 4234; x_wconf 89' lang='lat' dir='ltr'>uec</span> <span class='ocrx_word' id='word_1_259' title='bbox 386 4168 456 4232; x_wconf 91' lang='lat' dir='ltr'>ullo</span> <span class='ocrx_word' id='word_1_260' title='bbox 471 4186 611 4253; x_wconf 85' lang='lat' dir='ltr'>prorsus</span> <span class='ocrx_word' id='word_1_261' title='bbox 625 4187 718 4244; x_wconf 90' lang='lat' dir='ltr'>casu,</span> <span class='ocrx_word' id='word_1_262' title='bbox 735 4186 779 4231; x_wconf 88' lang='lat' dir='ltr'>ne</span> <span class='ocrx_word' id='word_1_263' title='bbox 796 4168 933 4252; x_wconf 91' lang='lat' dir='ltr'>quidem</span> <span class='ocrx_word' id='word_1_264' title='bbox 948 4166 1088 4250; x_wconf 89' lang='lat' dir='ltr'>periculi</span> <span class='ocrx_word' id='word_1_265' title='bbox 1103 4166 1247 4249; x_wconf 80' lang='lat' dir='ltr'>propriae</span> <span class='ocrx_word' id='word_1_266' title='bbox 1263 4165 1341 4229; x_wconf 81' lang='lat' dir='ltr'>vitae</span> <span class='ocrx_word' id='word_1_267' title='bbox 1358 4165 1414 4229; x_wconf 91' lang='lat' dir='ltr'>vel</span> 
     </span>
     <span class='ocr_line' id='line_1_34' title="bbox 236 4273 1414 4358; baseline -0.003 -18"><span class='ocrx_word' id='word_1_268' title='bbox 236 4277 430 4358; x_wconf 89' lang='lat' dir='ltr'>gravissimi</span> <span class='ocrx_word' id='word_1_269' title='bbox 449 4275 563 4340; x_wconf 91' lang='lat' dir='ltr'>damni</span> <span class='ocrx_word' id='word_1_270' title='bbox 585 4275 721 4357; x_wconf 92' lang='lat' dir='ltr'>publici,</span> <span class='ocrx_word' id='word_1_271' title='bbox 742 4275 851 4358; x_wconf 90' lang='lat' dir='ltr'>possit</span> <span class='ocrx_word' id='word_1_272' title='bbox 871 4275 996 4340; x_wconf 89' lang='lat' dir='ltr'>directe</span> <span class='ocrx_word' id='word_1_273' title='bbox 1016 4273 1073 4338; x_wconf 90' lang='lat' dir='ltr'>vel</span> <span class='ocrx_word' id='word_1_274' title='bbox 1086 4273 1249 4337; x_wconf 89' lang='lat' dir='ltr'>indirecte</span> <span class='ocrx_word' id='word_1_275' title='bbox 1261 4273 1414 4337; x_wconf 89' lang='lat' dir='ltr'>revelare</span> 
     </span>
     <span class='ocr_line' id='line_1_35' title="bbox 236 4381 1415 4468; baseline -0.003 -18"><span class='ocrx_word' id='word_1_276' title='bbox 236 4389 414 4468; x_wconf 87' lang='lat' dir='ltr'>peccatum</span> <span class='ocrx_word' id='word_1_277' title='bbox 427 4403 470 4449; x_wconf 84' lang='lat' dir='ltr'>ex</span> <span class='ocrx_word' id='word_1_278' title='bbox 481 4385 696 4450; x_wconf 83' lang='lat' dir='ltr'>confessione</span> <span class='ocrx_word' id='word_1_279' title='bbox 706 4385 892 4465; x_wconf 84' lang='lat' dir='ltr'>cognitum.</span> <span class='ocrx_word' id='word_1_280' title='bbox 908 4384 958 4448; x_wconf 79' lang='lat' dir='ltr'>bd</span> <span class='ocrx_word' id='word_1_281' title='bbox 972 4399 1222 4467; x_wconf 89' lang='lat' dir='ltr'>quamcumque</span> <span class='ocrx_word' id='word_1_282' title='bbox 1236 4381 1415 4446; x_wconf 89' lang='lat' dir='ltr'>revelatio-</span> 
     </span>
     <span class='ocr_line' id='line_1_36' title="bbox 237 4475 1414 4577; baseline -0.003 -20"><span class='ocrx_word' id='word_1_283' title='bbox 237 4511 317 4557; x_wconf 90' lang='lat' dir='ltr'>nem</span> <span class='ocrx_word' id='word_1_284' title='bbox 332 4494 564 4577; x_wconf 87' lang='lat' dir='ltr'>requireretur</span> <span class='ocrx_word' id='word_1_285' title='bbox 576 4510 758 4576; x_wconf 84' lang='lat' dir='ltr'>expressus</span> <span class='ocrx_word' id='word_1_286' title='bbox 771 4493 969 4576; x_wconf 79' lang='lat' dir='ltr'>poenitentis</span> <span class='ocrx_word' id='word_1_287' title='bbox 986 4475 1191 4566; x_wconf 62' lang='lat' dir='ltr'>consensum</span> <span class='ocrx_word' id='word_1_288' title='bbox 1213 4490 1283 4565; x_wconf 94' lang='lat' dir='ltr'>sed,</span> <span class='ocrx_word' id='word_1_289' title='bbox 1303 4495 1414 4556; x_wconf 85' lang='lat' dir='ltr'>stante</span> 
     </span>
     <span class='ocr_line' id='line_1_37' title="bbox 237 4597 1414 4682; baseline -0.003 -18"><span class='ocrx_word' id='word_1_290' title='bbox 237 4599 294 4665; x_wconf 92' lang='lat' dir='ltr'>illo</span> <span class='ocrx_word' id='word_1_291' title='bbox 308 4619 491 4678; x_wconf 88' lang='lat' dir='ltr'>consensu,</span> <span class='ocrx_word' id='word_1_292' title='bbox 508 4600 672 4666; x_wconf 92' lang='lat' dir='ltr'>revelatio</span> <span class='ocrx_word' id='word_1_293' title='bbox 692 4618 762 4664; x_wconf 89' lang='lat' dir='ltr'>non</span> <span class='ocrx_word' id='word_1_294' title='bbox 780 4603 872 4664; x_wconf 83' lang='lat' dir='ltr'>esset</span> <span class='ocrx_word' id='word_1_295' title='bbox 892 4599 1015 4676; x_wconf 88' lang='lat' dir='ltr'>illicita,</span> <span class='ocrx_word' id='word_1_296' title='bbox 1033 4599 1112 4682; x_wconf 91' lang='lat' dir='ltr'>quia</span> <span class='ocrx_word' id='word_1_297' title='bbox 1125 4598 1181 4663; x_wconf 85' lang='lat' dir='ltr'>lex</span> <span class='ocrx_word' id='word_1_298' title='bbox 1196 4597 1297 4678; x_wconf 89' lang='lat' dir='ltr'>sigilli</span> <span class='ocrx_word' id='word_1_299' title='bbox 1311 4597 1414 4660; x_wconf 90' lang='lat' dir='ltr'>intro-</span> 
     </span>
     <span class='ocr_line' id='line_1_38' title="bbox 226 4704 1413 4794; baseline -0.004 -19"><span class='ocrx_word' id='word_1_300' title='bbox 226 4709 339 4776; x_wconf 87' lang='lat' dir='ltr'>ducta</span> <span class='ocrx_word' id='word_1_301' title='bbox 353 4710 418 4774; x_wconf 88' lang='lat' dir='ltr'>fuit</span> <span class='ocrx_word' id='word_1_302' title='bbox 436 4711 471 4778; x_wconf 88' lang='lat' dir='ltr'>in</span> <span class='ocrx_word' id='word_1_303' title='bbox 490 4710 647 4776; x_wconf 85' lang='lat' dir='ltr'>favorem</span> <span class='ocrx_word' id='word_1_304' title='bbox 658 4709 872 4792; x_wconf 83' lang='lat' dir='ltr'>poenitentis:</span> <span class='ocrx_word' id='word_1_305' title='bbox 891 4725 992 4791; x_wconf 87' lang='lat' dir='ltr'>porro</span> <span class='ocrx_word' id='word_1_306' title='bbox 1009 4707 1151 4794; x_wconf 89' lang='lat' dir='ltr'>quisque</span> <span class='ocrx_word' id='word_1_307' title='bbox 1167 4711 1280 4792; x_wconf 91' lang='lat' dir='ltr'>potest</span> <span class='ocrx_word' id='word_1_308' title='bbox 1293 4704 1413 4771; x_wconf 86' lang='lat' dir='ltr'>cedere</span> 
     </span>
    </p>
   </div>
   <div class='ocr_carea' id='block_1_7' title="bbox 0 0 1754 5552">
    <p class='ocr_par' dir='ltr' id='par_1_13' title="bbox 0 0 1754 5552">
     <span class='ocr_line' id='line_1_39' title="bbox 0 0 1754 5552; baseline 0 1"><span class='ocrx_word' id='word_1_309' title='bbox 0 0 1754 5552; x_wconf 95' lang='lat' dir='ltr'> </span> 
     </span>
    </p>
   </div>
  </div>
 </body>
</html>
