3500 5552
594 540 681 594 tissa
702 547 830 601 orturus
851 547 1072 592 nacasrstruu.
1364 529 1425 592 595

196 745 199 760 ,
256 661 400 728 tolerato
427 661 542 727 nullus
562 663 601 724 fit
623 663 721 727 lavor
744 681 806 746 per
831 663 966 728 constit.
988 662 1046 727 Ad
1063 662 1223 726 evitanda
1239 661 1371 728 Martini
1385 661 1424 740 V;

253 769 343 834 unde
359 769 477 834 fideles
490 774 608 834 contra
623 771 954 852 excommunicatum
968 769 1122 852 excipere
1136 775 1290 852 possunt.

291 869 458 961 slsextus
473 880 615 944 effectus
635 884 687 944 est
704 881 853 963 privatio
877 880 1188 944 communicationis
1210 881 1245 943 in
1261 879 1424 959 civilibus,

253 987 380 1053 scilicet
392 988 428 1052 in
444 989 648 1064 forensibus,
665 989 700 1052 in
712 987 868 1073 politicis,
882 1007 944 1052 seu
957 988 993 1052 in
1008 987 1247 1064 contractibus,
1263 987 1423 1068 negotiis,

252 1096 370 1162 officiis
384 1095 537 1180 publicis,
557 1101 633 1174 etc,
655 1101 690 1162 et
706 1098 742 1160 in
764 1089 918 1162 civilibus
935 1097 1090 1181 specifice
1106 1097 1250 1179 sumptis
1270 1096 1322 1178 (ut
1343 1100 1424 1160 sunt

250 1204 464 1281 cohabitatio,
481 1205 649 1282 convivm
666 1205 755 1287 etc).

290 1311 462 1377 1⁰·0mnes
473 1311 757 1376 excommunicati
767 1311 945 1394 privantur
958 1311 1266 1378 communicatione
1281 1311 1420 1388 lorensi,

194 1403 196 1408 ¹
249 1437 384 1502 nempe,
402 1420 495 1484 omni
510 1423 586 1484 actu
600 1419 792 1502 pertinente
807 1419 1026 1502 adjudicium
1041 1419 1306 1486 ecclesiasticum
1317 1419 1424 1504 quod-

249 1525 342 1603 libat,
352 1525 528 1592 tamcivile
540 1543 643 1611 quam
652 1526 842 1616 criminale3
855 1527 969 1611 itaque
978 1528 1293 1593 excommunicatus
1304 1525 1424 1616 nequit

250 1651 326 1698 esse
348 1633 470 1716 judex,
489 1639 593 1711 actor,
612 1632 813 1710 advocatus,
835 1633 987 1711 tabellio,
1006 1639 1215 1717 procurator,
1232 1633 1289 1699 vel
1311 1633 1420 1698 testis.

249 1740 388 1808 Gonstat
400 1761 443 1809 ex
458 1742 556 1808 dictis
569 1743 605 1807 in
618 1742 676 1807 lib.
693 1743 707 1807 l
722 1749 757 1808 et
771 1742 810 1807 11.
826 1742 903 1808 Haec
920 1743 1036 1808 omnia
1048 1741 1271 1826 intelligenda
1284 1746 1365 1806 sunt
1379 1740 1421 1806 de

248 1851 542 1916 excommunicato
560 1851 716 1929 vitando,
738 1853 837 1934 cujus
857 1857 953 1916 actus
977 1857 1093 1915 essent
1114 1851 1210 1915 irriti.
1226 1850 1293 1917 Sed
1312 1855 1341 1917 si
1363 1873 1422 1920 ex-

246 1958 517 2023 communicatus
532 1956 695 2023 toleratus
710 1963 772 2036 est,
789 1957 920 2024 valeret
934 1963 1039 2036 actus,
1056 1959 1121 2022 nisi
1134 1959 1207 2042 ipse
1221 1959 1416 2044 repellatur,

246 2065 401 2148 opposita
420 2065 630 2149 exceptione.
653 2063 874 2148 Excipiuntur
895 2070 1011 2130 tamen
1030 2071 1123 2132 actus
1145 2067 1201 2152 qui
1218 2068 1419 2151 scripturam
1458 2131 1461 2136 .
1576 2128 1578 2139 .

245 2173 423 2258 requirunt
440 2179 478 2238 ut
496 2173 565 2238 sint
578 2173 681 2239 validi
702 2194 710 2237 :
731 2174 1047 2242 excommunicatus
1061 2175 1180 2258 nequit
1198 2175 1246 2240 eis
1266 2175 1345 2242 dare
1363 2177 1420 2240 ilr-

244 2278 398 2346 mitatem
417 2285 452 2345 et
474 2283 737 2365 perpetuitatem
760 2300 864 2365 quam
885 2277 1113 2366 expostulant.
1137 2282 1232 2348 Unde
1250 2284 1316 2350 hoc
1336 2302 1419 2350 casu

240 2387 372 2470 judices
381 2393 541 2454 tenentur
550 2389 713 2473 repellero
726 2407 797 2455 non
815 2388 927 2455 solum
940 2391 1251 2456 excommunicatos
1261 2391 1419 2457 vitamus

241 2515 365 2563 verum
390 2497 494 2564 etiam
520 2496 698 2575 toleratos,
717 2497 853 2581 quando
877 2497 934 2562 isti
953 2503 1034 2564 sunt
1048 2498 1191 2576 notoni,
1211 2497 1291 2565 licet
1315 2515 1418 2566 nemo
1475 2501 1477 2508 '

242 2611 435 2672 contraeas
451 2605 605 2689 excipiat.

283 2713 350 2780 Sed
367 2733 447 2778 reus
465 2733 536 2780 non
552 2721 686 2780 arcetur
699 2733 720 2780 a
734 2713 873 2799 judicio,
890 2714 1024 2780 etiarnsi
1039 2715 1353 2782 excommunicatus
1367 2717 1419 2783 vi·
1513 2742 1521 2756 ·

242 2825 368 2890 tandus
386 2824 439 2901 slt,
456 2842 499 2888 ex
511 2841 585 2906 cap.
601 2826 630 2900 t,
648 2823 691 2888 de
707 2821 829 2900 indic,
845 2823 925 2906 quia
943 2841 1041 2888 aecus
1059 2823 1132 2906 ipse
1152 2841 1250 2889 asua
1265 2825 1418 2909 nequitia

241 2933 461 2999 commodum
475 2936 682 3016 reportaret;
703 2931 782 2996 binc
795 2935 909 3016 potest
923 2949 959 2998 se
975 2931 1169 3011 defendere,
1187 2951 1248 2997 seu
1263 2936 1368 2998 testas
1383 2937 1418 2998 et

240 3041 468 3106 instromenta
485 3040 684 3124 producere.

280 3150 313 3212 2⁰
340 3149 651 3216 Excommunioatio
670 3149 781 3233 privat
795 3145 915 3215 diliciis
936 3149 1089 3234 publicis,
1106 3169 1185 3216 cum
1198 3150 1311 3236 privet
1323 3165 1416 3216 com-

240 3255 404 3324 munione
417 3258 583 3323 fidelium.
599 3258 665 3322 Sed
678 3259 714 3322 in
727 3258 792 3323 hcc
806 3259 980 3324 nonnullas
995 3264 1076 3323 sunt
1089 3259 1315 3326 difficultates.
1336 3259 1416 3324 Otu-

240 3366 331 3432 cium
345 3367 477 3443 tutoris,
490 3366 665 3443 curatoris,
678 3371 741 3430 etc.
753 3365 961 3450 probabilius
975 3373 1111 3432 exercet
1122 3367 1334 3445 solidanum
1345 3366 1412 3432 tale

3 3561 4 3564 Ἴ
240 3474 390 3540 olsscium
404 3474 640 3552 constituatur,
665 3493 735 3539 non
754 3473 790 3538 in
815 3473 997 3540 utilitatem
1011 3475 1191 3558 publicam,
1213 3475 1328 3542 sedin
1347 3475 1412 3559 pri-

3 3569 5 3610 ³
130 3609 133 3614 ·
240 3589 368 3661 vatam3
389 3601 491 3667 porro
510 3601 586 3668 quae
602 3583 638 3646 in
655 3582 836 3648 utilitatem
848 3583 1017 3666 privatam
1037 3584 1302 3664 constituuntur,
1317 3585 1413 3649 irrita
1497 3641 1500 3646 .

240 3710 310 3757 non
325 3697 415 3768 sunt,
431 3692 497 3757 nisi
512 3692 733 3774 excipiantur.
1266 3686 1269 3694 ’

278 3801 448 3868 Parocbus
473 3801 787 3866 excommunicatus
808 3801 967 3867 vitandus
988 3799 1098 3866 valide
1122 3802 1250 3868 assistit
1273 3801 1309 3866 in
1332 3819 1413 3867 con⁴

239 3916 347 3976 tractu
368 3909 624 3986 matrimoniali,
654 3911 733 3994 qnia
760 3911 833 3975 brec
859 3912 1069 3988 assistentia,
1095 3912 1159 3976 etsi
1182 3913 1242 3976 ssat
1269 3912 1414 3977 auomri-

238 4025 307 4085 tate
321 4020 465 4104 publica,
483 4037 553 4085 non
568 4024 619 4084 est
632 4024 726 4083 actus
736 4019 991 4101 jurisdictionis.
1006 4018 1078 4085 Imo
1091 4019 1167 4085 talis
1180 4020 1413 4084 excommuni-

237 4134 333 4193 catus
360 4133 473 4212 potest
499 4127 578 4193 dare
604 4127 776 4191 licentiam
799 4126 895 4192 alteri
917 4127 1083 4194 sacerdoti
1112 4128 1155 4193 ad
1183 4127 1414 4192 assistendum

237 4236 467 4314 matrimonio,
491 4238 631 4320 propter
649 4235 805 4299 eamdem
825 4235 1010 4312 rationom;
1038 4235 1207 4318 delegatio
1234 4241 1287 4299 est
1317 4240 1413 4300 actus

238 4344 397 4423 dominii,
423 4344 510 4409 sicut
533 4342 942 4427 quaslibet-procuratoris
965 4344 1173 4422 constitutio,
1199 4361 1270 4410 non
1295 4348 1414 4410 autem

237 4458 332 4518 actus
343 4451 599 4536 jurisdictionis.

276 4559 438 4626 Praelatus
461 4559 774 4625 excommunicatus
795 4565 909 4644 potest
927 4560 1039 4626 valide
1055 4559 1207 4644 recipere
1227 4560 1270 4626 ad
1285 4562 1415 4644 proies-

237 4667 370 4736 sionem
383 4667 589 4751 religiosam,
607 4667 686 4751 quia
708 4667 784 4734 talis
807 4669 970 4735 admissio
986 4687 1057 4736 non
1077 4673 1130 4734 est
1146 4673 1241 4736 actus
1260 4669 1415 4752 iurisdic·
