3482 5560
368 593 435 658 'uto
833 615 885 661 rus
906 615 1085 664 cuuonrcuu.

375 725 612 816 paenitentem,
628 751 660 796 v.
686 751 719 816 g.
743 733 886 816 singulis
909 737 1107 820 septimanis
1128 739 1235 804 semel
1254 745 1422 826 jejunare,
1446 745 1542 810 flexis

344 895 348 904 .
374 841 520 922 genibus
533 842 701 906 rosarium
715 843 867 918 recitare,
893 845 1019 922 eto.,in
1040 845 1163 928 quibus
1186 850 1344 914 omnibus
1367 853 1547 934 prudentia

376 951 551 1030 opus-erit,
568 954 607 1014 ut
617 952 837 1016 conformiter
850 953 1035 1018 conditioni
1049 973 1204 1039 personae
1220 970 1324 1042 opera
1338 961 1486 1044 poenalia
1500 963 1548 1027 in·

374 1060 575 1139 jungantur.

416 1163 518 1248 Resp.*
530 1166 559 1229 6.
574 1166 681 1232 Factae
697 1167 958 1252 dispensationis
973 1170 1066 1236 nulla
1078 1173 1204 1237 oratori
1216 1173 1328 1239 danda
1343 1182 1396 1240 est
1409 1182 1546 1242 attesta-

378 1273 506 1350 tio‚scd
514 1273 635 1340 litterae
643 1275 715 1340 Sao.
725 1275 988 1342 Pmnitentiariae
999 1280 1309 1348 statimlaceraudae
1320 1289 1400 1349 sunt
1409 1293 1548 1370 propter

377 1387 586 1467 praeceptum
599 1383 759 1449 clausulae
777 1407 783 1447 :
801 1410 817 1444 α
832 1388 1057 1470 praesentibus
1079 1389 1227 1468 laniatis,
1254 1410 1337 1474 quas
1361 1394 1424 1456 sub
1447 1413 1550 1477 paena

378 1492 738 1557 excommunicationis
752 1493 829 1558 lateo
844 1497 1022 1560 sententiae
1034 1496 1162 1563 laniare
1182 1491 1348 1576 tenearis;
1364 1501 1411 1565 ita
1423 1507 1462 1565 ut
1474 1503 1549 1566 nnl-

378 1599 577 1664 lumearum
591 1599 788 1685 exemplum
801 1606 921 1666 exstet.
940 1604 1064 1669 »Notat
1078 1609 1194 1670 tamen
1208 1607 1306 1671 Rciti.
1329 1615 1363 1673 et
1381 1609 1436 1672 alii
1457 1611 1546 1694 quod

379 1707 607 1772 confessarius
621 1707 710 1773 licite
724 1711 833 1792 possit
842 1713 974 1794 copiam
986 1714 1129 1778 istarum
1137 1713 1327 1780 litterarum
1339 1722 1551 1781 transumere

380 1833 443 1899 pro
463 1833 526 1880 sua
549 1820 584 1880 et
607 1816 751 1881 aliorum
772 1818 1013 1896 instructione;
1037 1821 1116 1904 quia
1139 1825 1244 1888 verba
1272 1823 1368 1888 diotae
1393 1823 1552 1889 clausulae

379 1923 569 2006 procedunt
583 1923 624 1988 de
640 1924 796 2008 exemplo
826 1927 1021 1994 authentico
1044 1931 1235 2014 probationi
1256 1931 1291 1995 in
1316 1933 1389 1996 soro
1411 1937 1552 1997 externo

382 2030 608 2097 deserviente.

688 2279 704 2344 ᾗ
718 2279 751 2334 V.
768 2276 808 2334 De
822 2276 1040 2336 revalidaticne
1052 2281 1251 2341 matrimonii.

428 2469 455 2526 J.
472 2465 627 2527 Quomodo,
644 2465 760 2520 obtenta
776 2467 995 2532 dispensatione,
1017 2469 1165 2523 revalidari
1183 2471 1271 2534 possit
1289 2469 1502 2524 matrimonium

752 2550 838 2603 antee
850 2549 973 2604 invalide
985 2551 1186 2605 contractum?

422 2718 522 2804 Resp.
539 2721 569 2782 i.
585 2719 619 2784 Si
637 2719 920 2805 impedimentum
943 2727 995 2785 est
1016 2722 1200 2798 notorium,
1217 2721 1272 2786 vel
1286 2740 1348 2806 per
1361 2727 1466 2786 testes
1482 2739 1556 2803 pro·
1576 2719 1582 2730 '

384 2827 506 2904 babile,
523 2827 722 2894 revalidatio
737 2829 811 2892 fieri
833 2828 934 2894 debet
950 2828 1082 2914 publice
1105 2830 1141 2893 in
1165 2821 1350 2914 praesentia'
1367 2829 1503 2914 parochi
1525 2833 1558 2891 et

386 2937 524 3001 testium
546 2937 735 3002 secundum
757 2939 903 3003 formam
924 2938 1024 3016 Trid,
1049 2957 1132 3002 sess.
1150 2939 1200 3017 at,
1225 2958 1253 3003 c.
1272 2940 1300 3015 1,
1325 2939 1366 3002 de
1390 2939 1559 3020 Rescrm‚,·

386 3063 468 3109 nam
482 3044 619 3110 nullitas
630 3047 665 3110 in
679 3045 754 3109 ioro
770 3051 913 3110 externo
928 3052 1010 3111 nota
1026 3045 1097 3110 tolli
1113 3065 1184 3116 non
1196 3051 1319 3131 potest,
1335 3065 1446 3130 neque
1464 3061 1559 3108 scau·
1578 3080 1580 3084 ·

387 3152 502 3218 dalum
517 3155 635 3230 averti,
652 3155 718 3218 nisi
732 3173 794 3238 per
807 3174 937 3230 novum
951 3159 1163 3220 contractum
1177 3155 1310 3239 publice
1326 3155 1459 3218 initum.

427 3262 525 3346 Resp.
543 3263 573 3326 i.
591 3262 624 3324 Si
638 3262 922 3345 impedimentum
937 3267 990 3327 est
1003 3261 1174 3328 occultum
1196 3269 1230 3327 et
1249 3261 1483 3345 improbabile,
1510 3278 1560 3324 re-

387 3369 547 3435 validatio
564 3371 639 3434 fleri
652 3374 766 3454 potest
780 3375 911 3436 secreto
935 3372 1024 3435 inter
1047 3373 1160 3454 ipsum
1173 3371 1287 3434 virum
1309 3375 1342 3434 et
1363 3367 1558 3442 mulierem;

389 3481 469 3562 quia
482 3477 629 3543 Trident.
646 3477 821 3561 dispositio
843 3478 996 3544 adhunc
1017 3497 1135 3543 casum
1160 3497 1196 3542 se
1218 3497 1288 3542 non
1311 3476 1473 3552 extendit,
1497 3475 1561 3540 hoo

389 3588 474 3670 ipso,
493 3586 584 3670 quod
606 3587 700 3671 prius
726 3586 981 3650 matrimonium
1006 3587 1042 3650 in
1065 3587 1149 3650 facie
1173 3585 1329 3650 Ecclesiae
1351 3589 1562 3649 contractum

391 3694 510 3775 negari
530 3711 600 3757 non
614 3695 733 3776 possit,
750 3699 784 3757 et
806 3712 946 3777 conseq.
971 3694 1148 3778 adaequate
1168 3693 1205 3756 in
1222 3693 1276 3756 his
1297 3693 1431 3756 casibus
1452 3695 1561 3757 cesset

390 3801 558 3865 motivum
571 3805 605 3863 et
617 3801 806 3883 periculum
819 3801 917 3884 plura
931 3801 1149 3865 matrimonia
1163 3799 1396 3865 contrahendi.

408 3979 413 3986 ,
430 3909 529 3992 Resp.
544 3909 573 3972 3.
588 3907 629 3972 Ut
641 3908 840 3973 revalidatio
855 3908 920 3972 ista
934 3910 993 3973 ssat
1007 3909 1170 3989 legitime,
1194 3909 1377 3992 requiritur
1399 3929 1406 3970 :
1433 3909 1464 3972 1⁰
1487 3924 1564 3970 con-

393 4037 514 4084 sensus
528 4020 641 4082 vorbis
655 4018 711 4082 vel
728 4020 834 4100 signis
851 4018 1066 4082 sensibilibus
1087 4036 1279 4101 expressus,
1303 4017 1353 4081 uti
1372 4018 1411 4081 sst
1433 4018 1469 4080 in
1493 4015 1566 4080 aliis

392 4126 620 4192 contractibus
634 4126 793 4190 humanis
811 4129 846 4190 et
858 4125 893 4189 in
913 4125 1133 4190 sacramentis
1150 4123 1365 4206 novaelegis,
1385 4143 1460 4208 qum
1485 4127 1564 4187 sunt

394 4236 492 4318 signa
518 4234 706 4311 sensibilia;
730 4235 762 4298 Ψ
787 4253 976 4299 consensus
999 4239 1140 4297 mutuus
1167 4233 1343 4316 utriusque
1373 4233 1498 4315 partia,
1531 4234 1567 4292 ui

393 4363 517 4409 comm.
531 4345 639 4420 docet,
656 4345 735 4427 quia
745 4345 836 4426 prior
843 4362 1041 4418 consensus
1055 4344 1211 4407 obstante
1222 4341 1480 4423 impedimento,
1496 4355 1564 4403 non

393 4454 457 4518 fuit
471 4453 538 4535 legi
544 4454 644 4516 timus
658 4457 692 4515 et
702 4453 822 4516 habilis
836 4451 879 4517 ad
892 4451 1169 4516 constituendum
1181 4449 1448 4525 matrimonium,
1466 4446 1567 4511 adeo·

395 4582 460 4646 que
473 4580 692 4645 perseverare
706 4578 776 4625 non
790 4566 913 4643 potest,
930 4560 986 4624 vel
1001 4561 1156 4623 suissoere
1172 4559 1216 4623 ad
1228 4557 1310 4622 illud
1320 4557 1362 4620 de
1380 4575 1471 4620 novo
1491 4573 1568 4619 oon-

395 4669 608 4734 trabendum.
618 4671 650 4732 3ο
658 4668 1026 4752 Requiriturutsaltem
1034 4668 1147 4750 aliquo
1160 4667 1262 4731 modo
1278 4666 1412 4753 utrique
1428 4663 1567 4746 conjugi

395 4778 584 4842 innotescat
598 4775 735 4840 nullitas
757 4775 878 4860 prioris
893 4775 1116 4851 matrimonii;
1132 4793 1202 4838 non
1218 4779 1333 4838 tamen
1347 4791 1450 4838 causa
1470 4769 1568 4837 nulli-
