3500 5552
563 603 651 650 urrrn
672 605 799 658 colurus
819 607 1040 653 uucnnrnnuu.
1333 595 1392 658 503

217 726 325 790 cietur
348 725 463 790 animo
492 723 686 806 injuriandi,
719 724 779 790 sed
801 725 940 810 praecise
963 727 1077 792 auimo
1109 747 1145 792 se
1174 727 1390 793 defendendi.

217 833 359 919 Semper
369 836 599 916 praecensetur
611 833 746 899 animus
763 834 959 917 injuriandi,
971 835 1108 918 quando
1119 837 1223 902 verbe
1235 839 1295 902 aut
1306 837 1394 902 facta

216 941 383 1025 injuriosa
397 945 585 1025 ponuntur.

256 1049 291 1132 d)
305 1048 387 1130 Quis
401 1057 434 1114 et
448 1051 504 1114 cui
515 1049 679 1131 injuriam
695 1051 822 1134 inserte
837 1053 971 1136 possit?
989 1054 1021 1117 1⁰
1039 1053 1066 1118 Α
1081 1056 1170 1137 quo?
1185 1053 1302 1117 Omnis
1327 1053 1393 1117 doli

215 1175 333 1241 ceper,
355 1159 412 1242 qui
434 1162 548 1241 potest
569 1159 695 1234 hebere
710 1159 864 1224 animum
879 1159 1073 1243 injuriandi,
1090 1160 1251 1244 injuriam
1267 1162 1392 1227 inferre

193 1336 198 1345 ,
215 1272 338 1350 potest.
355 1267 414 1333 llic
429 1269 632 1352 supponitur
642 1267 847 1350 generaliter
862 1267 971 1343 dolus,
986 1267 1051 1332 nisi
1066 1287 1172 1350 agens
1184 1271 1392 1336 contrarium
1478 1353 1483 1364 ⁸

215 1377 353 1459 probet;
370 1393 451 1441 nem
465 1376 579 1458 agitur
592 1375 634 1440 de
649 1375 794 1440 materia
807 1375 1013 1460 pencrcliter
1023 1376 1203 1460 prohibita.

256 1484 415 1568 Sequitur
428 1484 520 1568 quod
533 1484 692 1560 infantes,
708 1483 838 1559 furiosi,
855 1489 1021 1560 ementes,
1039 1486 1187 1568 perfecte
1202 1486 1297 1563 ebrii,
1313 1505 1392 1552 cum

215 1591 284 1658 doli
297 1609 438 1677 capaces
452 1610 522 1657 uon
538 1593 615 1667 sint,
629 1609 699 1657 non
709 1597 855 1675 possunt
872 1593 1033 1675 injuriam
1046 1593 1182 1658 inferre.
1202 1593 1388 1670 Semichrii,

215 1700 271 1764 vel
286 1700 343 1785 qui
358 1719 394 1765 se
409 1700 621 1765 inebriarunt
634 1718 702 1784 quo
719 1700 916 1766 audaciores
932 1705 1048 1766 essent
1061 1702 1104 1766 ed
1118 1702 1388 1779 conviciandum,

215 1828 285 1875 non
300 1812 507 1874 excusantur
518 1807 561 1872 eb
574 1808 700 1891 injuria
714 1807 816 1885 illata,
834 1809 884 1872 uti
895 1826 958 1872 nec
972 1809 1124 1874 iracundi
1136 1811 1205 1892 (jus
1220 1810 1341 1893 Rom).

254 1917 349 1994 Item,
367 1917 425 2001 qui
436 1916 654 1982 correctionis
668 1934 771 1982 cause
785 1912 946 1982 adhibent
964 1919 1069 1983 verba
1082 1917 1339 1996 contumeliose,
1355 1923 1393 1982 ut

214 2029 373 2110 parentes
386 2025 612 2107 ergaliheros,
626 2025 818 2108 superiores
829 2029 986 2109 respectu
1002 2026 1226 2103 subditorum,
1238 2026 1392 2108 magistri

213 2136 370 2217 respectu
401 2131 654 2217 discipulorum,
685 2135 747 2197 etc.
774 2132 906 2197 Etenim
926 2133 1061 2217 quaudo
1085 2134 1141 2198 isti
1166 2138 1393 2218 prorumpunt

214 2244 249 2308 in
267 2243 372 2307 verba
394 2247 453 2307 aut
471 2242 560 2306 facta
581 2238 829 2306 contumeliosa
844 2245 964 2306 contra
985 2259 1077 2319 suos,
1101 2241 1303 2323 regulariter
1321 2261 1391 2308 nou

212 2355 468 2436 presumuntur
479 2351 778 2434 jacere-injuriam
794 2351 873 2435 quia
887 2350 968 2416 talia
983 2355 1090 2433 agunt
1100 2369 1390 2418 excausecorrec·

214 2461 317 2525 tionis
333 2465 367 2524 et
379 2461 452 2524 sine
467 2461 581 2525 animo
596 2460 781 2544 injuriandi
796 2462 863 2543 (jus
878 2461 1000 2543 Rom).

252 2571 285 2634 2⁰
314 2570 392 2634 Cui?
420 2570 548 2652 lujurie
574 2571 691 2635 inferri
716 2575 830 2654 potest
857 2571 1059 2655 cuicumque
1085 2588 1252 2654 personae,
1287 2571 1390 2634 etiem
1427 2634 1430 2641 ,

211 2679 341 2743 amenti
362 2679 429 2760 (jus
452 2678 573 2756 Rom).
599 2679 725 2744 Temen
749 2678 843 2742 nullo
865 2678 972 2742 servis
995 2677 1247 2761 ssehatinjurie,
1272 2677 1307 2742 iu
1326 2678 1390 2744 hoc

213 2805 317 2852 sensu
333 2787 425 2871 quod
441 2789 499 2870 jus
514 2788 610 2852 Rom.
628 2806 698 2852 non
718 2786 926 2852 concedebat
948 2788 1055 2850 servis
1070 2787 1239 2851 actionem
1253 2787 1390 2870 injurie-

212 2913 299 2959 rum.
322 2895 364 2957 At
387 2895 422 2958 in
441 2895 516 2960 foro
535 2895 683 2972 interno,
705 2893 882 2959 evidenter
895 2894 968 2958 lleri
983 2897 1097 2974 potest
1116 2898 1234 2958 contro
1252 2911 1391 2959 servum

211 3021 294 3067 vera
307 3007 343 3066 ct
353 3001 507 3067 mortalis
520 3003 656 3085 injuria.

250 3109 434 3193 Dupliciter
451 3111 569 3175 inferri
584 3115 698 3194 potest
714 3131 721 3174 :
739 3111 864 3178 directe
878 3111 962 3176 etin
977 3129 1024 3187 se,
1043 3115 1077 3174 et
1092 3111 1251 3175 indirecte
1266 3112 1301 3176 in
1317 3131 1389 3194 per·

212 3237 296 3284 sone
307 3221 502 3302 conjuncte,
519 3219 607 3282 sicut
621 3219 747 3302 injuria
767 3218 859 3284 illata
872 3218 1034 3303 prolibus,
1052 3218 1230 3299 religiosis,
1246 3218 1387 3296 clericis,

211 3328 321 3406 uxori,
343 3331 420 3404 etc,
442 3326 610 3391 redundat
631 3325 668 3389 in
690 3329 834 3408 patrem,
860 3325 1074 3408 religionem,
1094 3324 1265 3399 clericum,
1287 3327 1388 3392 meri-

211 3439 295 3509 tum,
313 3439 375 3499 etc.
393 3435 471 3518 (jus.
489 3434 609 3516 Rom).

250 3542 293 3605 At
305 3543 430 3625 injurie
448 3544 536 3608 lacte
556 3543 678 3608 marito
693 3543 750 3609 vel
763 3544 858 3608 fratri
872 3561 943 3608 nou
957 3543 1127 3609 redundet
1139 3545 1175 3608 iu
1190 3562 1333 3610 uxorem
1352 3550 1386 3610 et

210 3651 361 3728 fratrem,
378 3669 456 3716 cum
471 3669 570 3718 casus
583 3651 638 3716 isti
652 3671 722 3718 nou
739 3653 808 3717 sint
821 3653 945 3736 injure
960 3652 1056 3717 Rom.
1074 3653 1236 3735 expressi.

251 3759 279 3840 e)
295 3758 376 3840 Quae
387 3759 473 3823 ectio
486 3761 617 3826 orietur
628 3780 670 3824 cr
680 3760 833 3842 injiciat
846 3759 884 3823 ln
894 3762 972 3842 jure
983 3758 1079 3823 Rom.
1092 3760 1195 3824 variae
1209 3761 1360 3827 actiones
1375 3783 1382 3826 :

211 3870 242 3933 1ο
258 3869 344 3934 ectio
359 3868 473 3948 civilis,
493 3871 587 3933 mota
602 3873 674 3932 tum
689 3867 841 3949 civiliter,
859 3887 919 3934 seu
938 3867 981 3932 ed
996 3886 1134 3951 pinnam
1152 3870 1330 3951 privatam,
1347 3876 1385 3934 ut

211 3977 315 4042 actori
330 3994 467 4059 proauo
482 3976 647 4040 iuteresse
663 3975 860 4059 applicetur,
878 3981 952 4040 tum
966 3977 1186 4042 criminaliter
1203 3976 1246 4042 ed
1259 3977 1384 4042 vindie-

154 4154 158 4163 ,
212 4085 460 4170 tempublicam
473 4104 480 4147 :
491 4085 684 4169 poenasssco
699 4085 896 4168 applicatur.
908 4085 946 4148 ln
956 4088 1034 4168 jure
1046 4085 1181 4162 Gallico,
1197 4086 1234 4149 in
1248 4090 1310 4150 art.
1326 4088 1384 4150 139

212 4194 290 4259 (lod.
307 4195 402 4259 instr.
419 4196 528 4270 crim,
548 4195 683 4277 quando
700 4193 825 4277 injuria
843 4199 896 4260 est
913 4213 996 4278 pure
1009 4194 1156 4259 verbalis
1176 4199 1210 4258 et
1227 4213 1297 4259 non
1311 4213 1385 4276 gra·

211 4305 362 4382 vissima,
378 4304 411 4368 id
427 4308 489 4379 est,
501 4321 571 4369 non
585 4303 720 4386 publice
732 4324 796 4370 nec
805 4303 1221 4386 gravitercontumeliose,
1231 4304 1386 4368 nccirro-
1474 4305 1477 4312 '

211 4411 558 4514 gateymagistratibus
573 4413 626 4496 (l),
643 4431 746 4478 causa
759 4414 872 4494 agitur
884 4432 999 4479 coram
1010 4412 1124 4496 judice
1139 4412 1241 4494 pacis.
1258 4411 1384 4477 Tamen

212 4525 251 4585 ut
267 4519 366 4586 detur
380 4520 478 4596 ectio,
496 4539 636 4587 necesse
652 4525 704 4587 est
718 4527 756 4586 ut
770 4522 815 4586 sit
831 4521 957 4605 injuria
971 4520 1105 4618 proprie
1127 4520 1224 4596 dicta,
1243 4537 1301 4588 seu
1319 4541 1385 4606 qua

243 4757 278 4822 (l)
292 4757 356 4810 Vide
371 4758 442 4826 leges
458 4757 485 4812 lt
501 4758 553 4812 mul
571 4758 639 4826 lero,
654 4760 684 4812 25
699 4759 775 4812 mart.
791 4760 859 4812 1822.
