3500 5552
570 583 658 660 mnan
680 615 807 670 acturus
828 617 1049 663 nncnnrauus.
1339 605 1399 668 cta

167 806 169 810 Ι
193 750 195 757 ·
225 747 309 798 sess.
325 729 376 808 ct,
392 748 420 796 c.
436 731 468 808 c,
484 730 526 795 dc
536 731 624 815 Res,
640 734 697 797 ubi
707 734 907 800 conceditur
919 735 1085 819 episcopis
1099 693 1251 821 potestas
1266 739 1400 822 dispen-

226 839 322 904 sandi
344 839 381 903 in
397 840 556 905 omnibus
580 842 884 924 irregularitatibus
904 864 947 910 ex
970 845 1094 912 delicto
1121 848 1252 912 occulto
1279 866 1401 932 provo-

225 947 407 1012 nientibus.
424 948 483 1013 Hic
498 949 668 1016 occultum
682 954 865 1036 opponitur
874 956 1019 1031 notorio,
1035 974 1105 1020 non
1118 961 1234 1021 autem
1245 961 1398 1022 externo.

264 1055 475 1122 3⁰Delictum
498 1057 581 1122 illud
602 1059 703 1125 debet
726 1079 812 1138 esse,
834 1062 955 1128 saltem
975 1081 1018 1127 ex
1037 1065 1171 1148 objecto
1193 1071 1227 1131 et
1246 1065 1399 1140 materia,

226 1183 340 1248 praec.
366 1166 461 1232 Ratio
485 1171 547 1244 est,
569 1169 649 1252 quie
669 1169 900 1252 irregularitas
923 1176 977 1236 est
997 1171 1126 1238 malum
1147 1173 1400 1256 gravissimum,

227 1277 346 1364 utpote
365 1276 503 1358 privans
518 1277 647 1342 ordinis
668 1279 884 1362 susceptione
902 1286 936 1346 et
949 1280 1039 1344 illius
1056 1299 1119 1346 usu
1136 1282 1401 1366 inperpetuum.

229 1379 295 1446 Sed
309 1383 481 1465 quaeritur,

269 1490 300 1572 b)
320 1489 387 1570 Aa,
411 1493 443 1556 st
461 1511 503 1556 ea
525 1495 778 1559 circumstantia
797 1497 915 1580 aliqua
931 1496 1129 1581 delinquens
1146 1508 1363 1564 accusaretur
1383 1519 1405 1563 a

225 1606 361 1682 peccata
386 1601 534 1680 mortali,
559 1621 596 1666 eo
617 1603 686 1686 abac
711 1611 928 1669 excusaretur
948 1606 990 1668 ab
1013 1605 1290 1689 irregularitate?
1313 1606 1404 1671 Multi

230 1711 372 1786 negant;
388 1708 449 1772 sed
463 1711 678 1774 communior
692 1712 872 1788 sententia,
889 1729 968 1776 cum
982 1711 1116 1790 Suarez,
1132 1713 1309 1788 Scbmalz.,
1327 1717 1403 1790 etc,

230 1815 489 1900 alfi1·mat,quia
512 1836 610 1882 secus
633 1839 736 1902 poena
759 1821 939 1886 excederet
959 1821 1066 1905 culpae
1089 1822 1304 1903 gravitatem.
1335 1823 1406 1888 lmo

231 1921 334 2007 aliqui
350 1924 466 1990 dolum
486 1947 547 1993 seu
568 1934 804 2013 contemptum
822 1931 1001 2014 requirunt
1015 1929 1058 1996 ad
1072 1931 1259 2015 quamlibet
1277 1932 1408 2012 irregu-

231 2031 400 2098 laritatem
418 2053 461 2098 ex
481 2035 601 2102 delicto
620 2038 890 2121 provenientem.
908 2038 974 2104 Sed
993 2039 1050 2104 illa
1064 2041 1208 2123 quaestio
1224 2041 1408 2106 connexio

112 2191 114 2196 ,
233 2159 313 2204 nem
327 2140 484 2206 intimam
497 2127 600 2208 habet
611 2163 690 2208 cum
705 2146 872 2228 sequenti,
890 2146 931 2211 de
947 2148 1058 2212 causis
1074 2148 1324 2212 excusantibus.

296 2340 405 2402 Quam.
418 2341 461 2393 tlt.
477 2343 516 2394 De
531 2342 623 2395 causis
641 2343 840 2472 excnsqntibus
854 2345 1069 2474 dglinquentem
1086 2345 1122 2399 ab
1137 2345 1346 2412 irregularitate

741 2432 864 2475 ncurren
886 2433 910 2475 a.

275 2572 404 2656 Duplex
421 2592 524 2643 causa
541 2595 708 2644 excusans
727 2579 872 2644 inveniri
890 2585 1015 2664 potest,
1031 2597 1154 2664 nempe
1169 2581 1363 2662 ignorantia
1377 2587 1412 2645 et

235 2678 387 2743 dubium.

352 2785 354 2790 ·
723 2765 742 2817 l.
757 2765 919 2830 Ignorantia.

275 2899 374 2980 a).An
395 2899 555 2982 ignorans
574 2889 682 2962 abaci*
695 2899 815 2964 delicto
832 2917 1003 2966 annexam
1023 2918 1098 2965 esse
1114 2877 1410 2982 irregularitatem,

236 3007 457 3071 nibilominus
486 3007 732 3072 committendo
764 3007 937 3086 delictum,
972 3009 1121 3074 incurrat
1154 3009 1267 3073 illam?
1303 3008 1415 3073 Prima

237 3113 406 3180 sententia
424 3115 581 3190 altlrmat,
607 3120 745 3199 propter
767 3121 950 3200 sequentes
973 3117 1124 3182 rationes
1143 3138 1151 3179 :
1167 3118 1199 3180 l·
1214 3116 1410 3181 inhabilitas

236 3220 355 3304 legalis
374 3223 558 3288 incurritur
581 3225 623 3288 ab
645 3224 892 3306 ignorantibus,
919 3232 958 3289 ut
981 3229 1074 3308 patet
1099 3225 1134 3288 in
1158 3223 1414 3307 impedimentis

237 3331 456 3409 matrimonii,
474 3337 556 3407 etc.;
580 3332 641 3396 sed
656 3332 887 3414 irregularitas
906 3353 949 3397 ex
969 3333 1090 3397 delicto
1110 3337 1163 3396 est
1180 3332 1290 3415 primo
1306 3335 1341 3395 et
1355 3350 1416 3414 per

239 3457 275 3502 se
290 3439 494 3515 inhabilitas,
511 3441 591 3524 quia
605 3440 732 3504 scilicet
742 3439 902 3504 indecens
918 3445 971 3503 est
984 3439 1141 3508 homines
1163 3439 1264 3502 certis
1281 3439 1416 3504 delecti-

239 3549 303 3612 bus
318 3553 352 3613 et
367 3548 496 3614 delictis
504 3553 639 3614 notatos
648 3548 691 3613 ad
706 3553 833 3613 statum
845 3547 1034 3613 clericalem
1045 3546 1187 3611 admitti.
1197 3549 1229 3611 2⁰
1238 3546 1414 3623 Praeterea

240 3658 373 3721 etiamsi
394 3658 625 3740 irregularitas
650 3678 693 3724 ex
715 3658 837 3724 delicto
863 3662 954 3722 esset
977 3657 1137 3740 primario
1160 3674 1273 3740 poena,
1300 3660 1415 3720 tamen

240 3764 469 3830 incurreretur
483 3767 525 3829 ab
539 3766 737 3846 ignorante:
753 3771 828 3829 tum
842 3767 921 3849 quia
935 3765 1128 3846 ignorantia
1143 3781 1254 3848 poenae
1272 3762 1417 3828 vindica·

241 3871 318 3935 tivae
343 3871 437 3936 nullo
456 3874 533 3956 jure
553 3871 809 3957 delinquentem
836 3877 975 3938 excusat
1000 3890 1020 3936 a
1045 3871 1103 3935 tali
1127 3889 1239 3954 prena,
1266 3869 1417 3953 alioquin

241 3977 352 4044 clerici
367 3984 401 4042 et
413 3978 489 4044 laici
502 3979 740 4064 delinquentes
754 3980 926 4045 immunes
942 3985 1057 4044 essent
1069 3980 1110 4043 ab
1127 3980 1285 4042 omnibus
1306 3978 1417 4062 paenis

243 4106 325 4172 quas
349 4087 553 4168 ignorabant
581 4087 702 4154 delicto
727 4107 802 4152 esse
826 4106 994 4166 annexes;
1020 4095 1094 4153 tum
1123 4088 1202 4171 quia
1228 4086 1418 4151 voluntarie

242 4195 460 4261 consentiens
489 4197 524 4260 in
549 4197 694 4279 culpam,
726 4195 916 4261 virtualiter
941 4201 975 4260 et
999 4195 1161 4280 implicite
1188 4194 1358 4259 consentit
1383 4193 1419 4257 in

243 4321 382 4368 omnem
395 4322 534 4386 poenam
549 4304 788 4368 vindicativam
805 4302 861 4368 tali
877 4304 998 4369 delicto
1013 4304 1173 4379 debitam,
1192 4302 1255 4367 etsi
1267 4301 1420 4385 peracci-

244 4411 328 4476 dens
338 4412 473 4494 ignoret
483 4431 550 4496 qua
559 4431 661 4496 prena
670 4414 831 4496 puniatur
844 4413 1021 4489 delictum;
1036 4431 1134 4476 secus
1144 4412 1203 4476 vix
1214 4411 1303 4475 ullus
1316 4409 1421 4473 male·
1499 4397 1502 4402 ’

243 4521 328 4586 ficus
339 4524 433 4604 juste
450 4523 562 4606 puniri
577 4527 704 4606 posset.

285 4635 441 4699 Secunde
462 4635 642 4712 sententia,
660 4650 763 4718 quam
785 4637 903 4698 tenent
923 4632 1056 4707 Sumen,
1078 4632 1237 4706 Sanchez,
1255 4628 1422 4694 Scbmalz-

245 4745 416 4828 grueber,
437 4749 513 4820 etc,
531 4743 572 4810 ab
586 4742 834 4824 irregularitate
850 4745 989 4806 excusat
1008 4741 1206 4822 ignorantes
1225 4760 1232 4802 ε
1253 4745 1326 4804 tum
1342 4739 1421 4822 quic
1484 4725 1487 4734 ’
