3508 5568
371 503 391 568 t
828 525 880 570 ms
901 524 1081 570 carosiana.

372 646 450 702 tuor
462 643 575 721 partes
591 639 762 720 digestum
778 643 811 702 et
833 640 936 703 variis
957 641 1308 706 animadversionibus
1328 648 1466 706 auctum
1489 644 1543 707 hic

372 741 556 810 cademus.
572 746 677 828 Igitur
689 749 803 830 prima
817 765 895 830 pars
911 749 974 811 erit
995 747 1036 812 de
1051 748 1125 832 ipso
1142 749 1352 832 sponsalium
1378 755 1412 814 et
1430 751 1545 814 matri-
1576 817 1579 825 ,

370 856 477 918 rnonii
503 860 698 932 contractu;
727 857 874 920 secunda
895 856 1105 939 sponsalium
1120 862 1155 921 et
1177 858 1384 922 matrimonii
1403 857 1545 942 impedi-

371 965 635 1040 mentareleret,
656 983 730 1048 quse
744 983 951 1030 consensum
972 967 1014 1030 ad
1038 967 1101 1030 hos
1127 971 1320 1032 contractus
1341 967 1544 1050 requisitum
1593 1013 1601 1032 ,

374 1071 542 1148 atllciunt3
559 1073 659 1136 tertio
685 1073 923 1158 expendetilla
937 1074 1181 1156 impedimenta
1202 1093 1277 1159 quea
1298 1077 1389 1158 ipsos
1413 1079 1544 1139 contra-

374 1179 528 1243 hentium
543 1199 706 1264 personas
720 1182 925 1265 1·espioinnt;
942 1181 1080 1246 tandem
1095 1193 1219 1266 petar-to
1242 1183 1396 1248 tractabit
1408 1182 1450 1246 de
1465 1179 1546 1262 legi·

371 1287 531 1351 timarum
547 1289 744 1371 nuptiarum
761 1276 894 1365 ellectu,
911 1289 1033 1353 harum
1049 1287 1271 1354 dissolutione
1292 1296 1326 1353 et
1344 1289 1386 1354 de
1407 1291 1448 1354 iis
1469 1309 1545 1372 quae

373 1393 556 1460 divortium
570 1401 835 1480 consequuntur.
851 1397 907 1460 His
918 1397 1080 1479 partibus,
1098 1415 1172 1481 quaa
1184 1403 1292 1462 totam
1304 1399 1338 1460 B.
1352 1399 1545 1481 Raymundi

372 1504 647 1587 compilationem
673 1505 953 1588 complectuntur,
982 1511 1143 1571 tractatus
1171 1509 1212 1572 de
1235 1507 1544 1590 dispensationibus

372 1612 677 1677 matrimonialibus
693 1613 837 1690 additur,
855 1615 912 1696 qui
928 1618 1039 1678 totum
1055 1615 1180 1678 tibrum
1199 1614 1363 1680 absolvet.

774 2059 961 2150 rarus
1000 2060 1149 2150 raas

448 2283 504 2332 DE
530 2283 789 2333 CONTRACTU
814 2285 1092 2333 SPONSALIUM
1118 2286 1171 2333 ΕΤ
1197 2285 1469 2333 MATRIMONH

730 2681 942 2756 risurus
978 2643 1185 2759 carnos,

624 2877 666 2922 DE
700 2877 939 2922 SPONSALIBUS
973 2878 1014 2920 ET
1046 2877 1293 2922 antarbodus.

414 3193 565 3259 Praeseus
594 3192 726 3258 rubrica
753 3191 837 3256 duas
866 3192 969 3256 habet
995 3198 1108 3274 partes
1138 3211 1145 3253 :
1174 3189 1316 3256 alteram
1343 3189 1384 3256 de
1410 3209 1549 3274 sponsa-

373 3303 462 3366 libus
476 3302 589 3365 stricte
603 3301 758 3384 sumptis,
776 3305 878 3382 prout
903 3299 1104 3364 ordinantur
1119 3299 1161 3363 ad
1176 3299 1432 3363 matrimonium
1445 3319 1452 3374 ;
1469 3299 1548 3364 alte-

375 3415 482 3475 teram
497 3411 538 3474 de
553 3411 626 3493 ipso
640 3410 858 3473 matrimonio
875 3429 881 3471 :
898 3427 1010 3492 neque
1026 3414 1141 3472 tamen
1155 3408 1288 3472 rubrica
1304 3406 1369 3472 ista
1391 3407 1549 3490 adaequat

374 3519 521 3600 nigrum,
538 3536 616 3581 cum
631 3518 666 3581 in
679 3518 743 3582 hoe
761 3517 864 3581 etiam
885 3523 1007 3598 agatur
1020 3517 1060 3580 de
1076 3514 1279 3599 quibusdam
1293 3515 1546 3598 impedimentis

375 3626 592 3690 matrimonii.
616 3624 710 3689 Unde
735 3623 892 3706 expediet
914 3630 992 3706 post
1015 3622 1251 3686 tractationem
1275 3621 1548 3705 desponsalibus

377 3738 412 3796 et
426 3733 642 3798 matrimonio
657 3731 853 3813 generalem
869 3731 1057 3794 doctrinam
1069 3731 1275 3812 praemittere
1297 3729 1338 3793 de
1352 3729 1474 3793 iisdem
1488 3729 1550 3790 im-

377 3841 591 3926 pedimentis,
609 3841 688 3903 etin
705 3840 816 3924 specie
835 3857 876 3902 ea
891 3838 1096 3914 examinare,
1122 3856 1198 3922 quae
1221 3840 1255 3901 in
1280 3839 1344 3902 hoc
1366 3836 1452 3902 libro
1473 3855 1549 3920 pro-

379 3951 460 4032 priis
476 3948 581 4012 titulis
596 3953 722 4013 carent.

818 4133 953 4196 seculo
974 4133 1108 4196 PRIMA.

786 4287 837 4340 Da
870 4285 1143 4352 sponsalibus.

416 4437 501 4502 Nota
518 4453 645 4501 nomen
665 4435 872 4521 spoliantium
894 4433 1039 4500 derivari
1059 4452 1079 4498 a
1096 4432 1289 4516 spondendo
1310 4451 1321 4496 .·
1345 4451 1425 4496 nam
1441 4392 1546 4497 moris

375 4545 439 4609 luit
464 4537 636 4610 ueteribus
651 4543 802 4627 stipulari
823 4548 857 4606 et
879 4543 1046 4624 spondere
1068 4541 1131 4604 sibi
1149 4555 1273 4604 uxores
1291 4541 1434 4616 futuras,
1458 4542 1548 4605 unde

379 4661 413 4720 et
427 4655 541 4740 sponsi
563 4671 756 4737 sponsaeque
777 4651 957 4735 appellatio
973 4657 1051 4715 nata
1074 4655 1125 4714 est
1139 4649 1171 4732 (l.
1190 4649 1227 4726 ll,
1245 4649 1298 4725 111,
1315 4649 1351 4714 ff.
1372 4649 1405 4712 lr.
1426 4651 1481 4732 t.);
1502 4647 1550 4712 illi
