3412 5570
330 661 391 728 lid
790 679 841 726 sus
861 680 1041 727 enuomcuu.

331 797 482 861 interest.
500 795 565 860 DI).
579 802 781 862 enumerant
797 798 831 861 in
846 798 957 881 speeie
973 798 1048 863 illos
1064 798 1255 882 omnesqui
1275 813 1403 862 novum
1419 813 1505 880 opus

332 906 532 970 denuntiare
548 910 702 987 possunt.
718 905 768 967 Fit
778 924 859 987 ergo
874 907 946 970 haeo
960 906 1172 970 denuntiatio
1182 905 1238 970 vel
1251 906 1506 970 adeonservan-

333 1013 414 1077 dum
422 1015 479 1096 jus
488 1016 655 1088 nostrum,
667 1012 722 1077 vel
732 1012 773 1076 ad
782 1014 1246 1098 avertendumpraejudieium
1259 1019 1318 1078 aut
1328 1014 1502 1088 damnum,

304 1133 307 1146 '
331 1121 386 1187 vel
400 1121 443 1187 ad
450 1122 722 1188 conservandum
735 1125 792 1206 jus
804 1123 986 1206 puhlioum.
1002 1123 1066 1188 Sed
1076 1143 1155 1188 eum
1169 1123 1226 1188 illa
1244 1124 1387 1207 quaestio
1402 1123 1504 1187 hodie

331 1230 389 1293 vix
398 1229 442 1294 ad
454 1230 586 1313 praxim
601 1235 739 1313 spectet,
752 1231 1041 1314 praetermittimue
1052 1228 1127 1296 illas
1143 1231 1430 1296 enumerationes.
1444 1231 1506 1294 Fa-

331 1335 394 1400 oile
411 1342 463 1400 est
477 1336 668 1401 diseeruero
683 1356 702 1402 a
717 1356 784 1421 quo
804 1339 877 1402 iteri
901 1338 1035 1414 debeat,
1052 1339 1079 1402 si
1102 1357 1172 1423 prae
1188 1338 1294 1404 oeulis
1317 1340 1506 1408 habeantur

332 1461 443 1508 eausae
457 1445 500 1509 ob
516 1463 600 1528 quas
621 1445 681 1510 liat
699 1446 866 1510 nuntiatio
887 1465 894 1509 :
915 1451 952 1510 ut
966 1447 1094 1511 dietum
1112 1450 1174 1521 est,
1192 1450 1273 1509 sunt
1293 1451 1374 1525 tres,
1392 1464 1453 1510 seu
1467 1446 1506 1508 tlt

332 1550 388 1616 vel
401 1551 444 1616 ad
464 1553 737 1617 conservandum
756 1557 812 1636 jue
828 1558 995 1630 nostrum,
1011 1553 1066 1618 vel
1080 1553 1122 1618 ad
1139 1553 1364 1618 avertendum
1383 1555 1507 1637 praeju-

334 1659 458 1723 dioium
475 1678 536 1723 seu
552 1660 715 1724 damnum
730 1679 772 1724 ex
786 1678 877 1725 novo
893 1679 996 1744 opere
1012 1661 1190 1735 oriturum,
1206 1660 1261 1724 vel
1275 1659 1318 1724 ad
1339 1659 1507 1726 tuendum

331 1770 388 1850 jus
403 1767 585 1850 puhlioum.

375 1877 400 1957 c)
422 1875 536 1940 Potest
553 1875 746 1940 denuntiari
774 1880 893 1942 eontra
915 1895 1174 1961 quemeumque,
1202 1877 1305 1940 eliam
1331 1876 1508 1960 proprium

335 1985 556 2066 superiorem,
579 1985 615 2046 in
638 1984 873 2067 praejudieinm
894 1984 1032 2049 alterins
1049 2003 1177 2050 novum
1198 2003 1284 2067 opus
1309 1984 1508 2049 molientem

334 2093 456 2166 lesere,
479 2091 581 2175 idque
603 2092 750 2156 mediate
775 2091 831 2156 vel
856 2092 1063 2168 immediate,
1091 2098 1192 2177 atque
1217 2093 1258 2158 de
1282 2093 1403 2176 quovis
1429 2091 1509 2154 edt-

335 2198 411 2262 delo
426 2205 556 2280 agatur,
571 2199 642 2264 sive
658 2199 726 2283 pio,
739 2199 810 2263 sive
824 2199 978 2283 protono.
995 2201 1068 2265 Non
1083 2202 1187 2265 reteri
1201 2201 1314 2276 eliam,
1329 2219 1374 2264 an
1388 2218 1508 2282 reapse

136 2371 137 2378 ,
200 2325 204 2336 ·
261 2343 263 2349 -
332 2306 1096 2390 jushabeetaedisseandivelnon‚dummedo
1109 2309 1506 2392 jusnonsilnotorium.

653 2494 684 2544 11.
698 2492 842 2553 Quomodo
858 2492 907 2544 tiat
919 2493 948 2545 et
962 2491 1030 2558 quid
1044 2493 1197 2556 operetur?

377 2638 411 2719 a)
424 2637 510 2700 Fieri
526 2635 657 2700 solebat
669 2637 742 2700 haee
763 2637 931 2701 nuntiatio
951 2636 1059 2699 tribus
1079 2635 1189 2700 modis
1209 2635 1287 2699 :vel
1309 2635 1382 2700 solo
1404 2637 1510 2700 verbo

338 2749 434 2810 extra
444 2744 621 2828 judicium,
634 2745 829 2809 adversario
844 2745 879 2808 id
892 2743 1046 2808 molienti
1061 2742 1310 2820 denuntiando;
1322 2743 1377 2809 vel
1393 2747 1513 2827 perju-

338 2853 447 2916 dieem
463 2871 524 2916 sou
534 2856 727 2936 praetorem,
744 2851 892 2937 petendo
908 2852 950 2916 ab
965 2853 1030 2916 isto
1046 2855 1084 2915 ut
1099 2870 1229 2916 novum
1243 2869 1330 2934 opus
1345 2851 1418 2914 lieri
1435 2869 1512 2933 pro-

336 2962 466 3036 hibeat;
482 2961 536 3025 vel
551 2981 612 3044 per
624 2963 753 3044 jactum
768 2960 889 3043 lapidis
904 2959 1067 3023 inlocum
1083 2960 1140 3023 ubi
1163 2978 1249 3042 opus
1263 2959 1312 3035 sn,
1330 2977 1409 3022 eum
1427 2959 1513 3023 iudi-

337 3069 469 3132 oatione
491 3069 689 3133 intentionis
705 3069 752 3134 sie
770 3067 971 3153 prohibendi
994 3086 1122 3132 novum
1137 3085 1234 3152 opus.
1255 3065 1305 3132 lta
1320 3070 1377 3150 jus
1392 3068 1513 3132 Roma·

338 3194 432 3250 num,
450 3175 542 3259 quod
554 3177 627 3240 haee
642 3177 706 3241 tria
725 3177 839 3240 media
860 3175 995 3240 indicat.
1013 3174 1051 3240 ln
1064 3177 1173 3259 primo
1195 3181 1228 3241 et
1247 3174 1400 3240 seeundo
1418 3193 1510 3254 oasu,

338 3284 505 3349 nuntiatio
520 3285 593 3349 lieri
609 3285 710 3350 debet
722 3303 837 3349 eoram
848 3285 1001 3350 testibus.

379 3394 407 3477 b)
416 3395 499 3459 Novi
511 3395 621 3478 operis
632 3395 800 3461 nuntiatio
813 3395 904 3472 feeit,
916 3397 948 3458 t⁰
957 3401 995 3458 ut
1009 3396 1106 3480 isqui
1119 3399 1250 3460 struere
1265 3394 1349 3459 illud
1360 3393 1510 3476 inooepit,

339 3504 381 3568 ab
401 3522 442 3568 eo
459 3503 581 3567 debeat
601 3504 776 3580 desistere,
793 3502 913 3579 donee,
930 3523 967 3567 re
994 3503 1200 3580 examinata,
1218 3502 1259 3567 de
1280 3502 1512 3566 aedificationis

337 3615 414 3694 jure
433 3615 576 3675 constet.
592 3610 625 3674 Si
641 3628 739 3674 seona
758 3610 886 3687 feeerit,
904 3610 1067 3694 quidquid
1085 3615 1206 3692 postea
1220 3609 1425 3674 aedificatum
1446 3613 1509 3684 est,

338 3720 499 3802 expensis
513 3719 619 3804 ipsius
633 3719 830 3783 aedisseanlis
845 3719 1100 3806 demoliendum
1114 3722 1257 3783 estante
1271 3736 1411 3782 omnem
1424 3717 1512 3800 judi-

340 3828 460 3894 eialem
475 3830 704 3910 cognitionem
720 3848 764 3893 an
775 3833 832 3912 jus
846 3829 970 3894 habeat
983 3828 1038 3893 vel
1050 3846 1131 3893 non.
1150 3827 1226 3892 Haee
1241 3827 1416 3920 dispositio
1427 3827 1514 3908 juris

341 3937 484 4000 Romani
498 3936 610 4000 ionum
623 3938 726 4002 habet
739 3937 774 4000 in
788 3938 862 4002 iore
878 3935 1116 4012 eeclesiastico,
1134 3940 1168 4000 et
1182 3935 1294 4018 quoad
1306 3934 1464 4000 ecelesias
1478 3939 1516 3996 et

341 4043 407 4108 alia
418 4043 559 4109 aedisseia
575 4045 630 4128 pia
640 4049 699 4108 aut
712 4044 881 4126 religiosa.

381 4153 413 4215 2⁰
426 4151 552 4216 Temen
567 4153 703 4236 quando
720 4155 778 4235 jus
799 4152 988 4217 aeditleandi
1010 4156 1062 4216 est
1089 4151 1262 4216 notorium
1286 4155 1321 4214 et
1346 4149 1514 4215 nuntiatio

342 4263 474 4327 notorie
490 4262 627 4344 injusta,
645 4263 718 4344 ipsa
731 4263 899 4326 nuntiatio
911 4262 983 4324 vim
997 4279 1068 4326 non
1080 4261 1193 4325 habet.
1205 4259 1300 4334 Item,
1313 4259 1342 4322 si
1352 4259 1515 4322 nuntians

343 4373 431 4435 intra
445 4371 615 4435 trimestre
635 4387 705 4434 non
719 4370 914 4452 probaverit
939 4369 1001 4432 sibi
1023 4371 1217 4451 competere
1238 4371 1295 4450 jus
1314 4364 1512 4449 prohibendi

343 4479 398 4542 vel
413 4480 440 4541 si
452 4482 544 4542 esset
556 4475 745 4559 perieulum
757 4477 792 4540 in
808 4494 915 4552 mora,
933 4481 967 4540 et
980 4474 1095 4540 dilatio
1113 4474 1245 4538 aedisseii
1265 4491 1405 4540 cessura
1423 4475 1515 4537 esset

345 4587 381 4650 in
396 4605 500 4667 grave
516 4586 679 4650 damnum
695 4584 840 4650 volentis
854 4584 1031 4649 aedilieare.

384 4695 416 4756 3⁰
431 4693 464 4756 Si
479 4694 555 4776 quis
574 4694 755 4758 aedillearet
774 4693 810 4755 in
829 4691 936 4756 fundo
956 4710 1028 4768 suo,
1049 4711 1119 4756 non
1132 4695 1249 4775 posset
1263 4709 1349 4774 opus
1364 4709 1384 4754 a
1401 4689 1514 4753 vieino

344 4801 525 4887 prohiberi,
540 4801 670 4865 lieetex
683 4801 738 4866 tali
753 4800 895 4865 aeditloio
909 4800 1040 4864 vicinus
1055 4799 1239 4883 quamdam
1260 4795 1515 4864 incommodita-
