3412 5570
517 459 604 508 ursan
627 459 755 516 ournrus
776 455 998 508 nncnamnun.
1292 439 1353 510 did

173 575 321 645 ablatam
342 597 412 645 non
433 581 549 646 fuisse.
571 581 676 647 Datur
695 586 814 647 contra
833 598 913 645 eum
929 581 985 664 qui
1000 581 1130 645 furtum
1143 581 1224 646 iecit
1238 581 1293 647 vel
1307 584 1350 648 ad

172 687 218 764 id,
236 688 362 753 auxilio
377 689 434 754 vel
449 689 589 754 oonsilio
611 708 685 766 suo,
703 690 884 754 efficaciter
902 694 1104 772 cooperatus
1121 694 1189 766 est;
1205 691 1351 759 sednon
1382 769 1384 774 ¹

175 797 274 861 datur
288 801 407 862 contre
419 797 591 862 haeredem
609 798 704 875 iuris,
722 798 802 881 quia
814 815 909 862 mere
923 795 1068 880 poenalis
1082 803 1143 862 est.
1158 798 1352 864 Generatim

176 905 279 968 etiam
298 923 369 970 non
388 904 487 970 datur
509 905 708 988 parentibus
727 909 846 971 contra
867 903 1003 980 liberos,
1025 910 1085 970 aut
1104 905 1220 970 liberis
1234 912 1353 972 contra

174 1017 345 1096 parentes,
363 1012 495 1076 autuni
509 1014 696 1095 conjugum
712 1017 831 1077 contra
850 1012 1006 1087 alterum,
1028 1015 1056 1076 si
1075 1013 1201 1098 aliquid
1220 1015 1283 1078 sibi
1303 1015 1355 1077 in-

175 1120 286 1185 vicem
303 1122 459 1185 auferant
477 1140 484 1184 :
501 1122 588 1186 ratio
605 1126 667 1198 est,
686 1122 766 1205 quia
782 1123 856 1186 haec
876 1123 963 1186 actio
985 1127 1037 1186 est
1051 1123 1193 1187 famosa.
1217 1123 1265 1186 Ex
1275 1125 1353 1206 juro

178 1227 257 1293 Gall.
276 1229 349 1312 (art.
365 1229 425 1293 380
440 1228 519 1294 Cod.
534 1231 651 1312 pren),
668 1229 866 1294 conceditur
881 1229 930 1292 rei
942 1229 1135 1306 vindicatio,
1153 1230 1355 1295 sodsuhtra·

174 1336 297 1402 hentes
311 1341 392 1401 tunc
405 1355 476 1402 non
491 1336 706 1402 declarantur
716 1337 767 1400 rei
780 1337 871 1402 furti.
884 1326 889 1338 “

216 1445 247 1508 3⁰
263 1445 339 1510 Haec
359 1447 445 1510 actio
459 1463 530 1511 non
548 1445 635 1510 solet
652 1447 784 1512 moveri
800 1447 843 1512 cb
861 1465 934 1510 rem
955 1446 1143 1524 minimam,
1162 1446 1240 1531 quia
1253 1445 1354 1529 arqui-

176 1553 238 1618 tati
252 1553 452 1618 adversatur
468 1558 506 1618 ut
521 1554 564 1618 ob
579 1555 710 1618 furtum
725 1554 775 1618 rei
793 1553 944 1618 minimae
960 1555 1052 1619 fama
1067 1555 1255 1636 sugillatur,
1280 1559 1354 1619 tum

176 1663 255 1746 quia
270 1663 357 1727 actio
373 1663 440 1726 doli
457 1663 588 1728 obrem
602 1661 780 1738 minimam
796 1680 866 1727 non
881 1662 1097 1740 conceditur;
1114 1667 1240 1740 tamen,
1256 1663 1355 1726 ahso-

173 1770 244 1835 lute
254 1771 437 1854 loquendo,
450 1771 582 1836 moveri
592 1775 720 1854 posset,
734 1772 813 1855 quia
828 1789 927 1836 mens
939 1771 1083 1836 furantis
1100 1771 1229 1836 attendi
1240 1769 1351 1835 debet.

212 1879 246 1942 4ο
259 1879 407 1944 Effectus
419 1879 561 1944 actionis
575 1880 657 1944 furti
672 1884 735 1956 ost,
750 1885 876 1963 praeter
890 1879 1134 1961 obligationem
1152 1879 1353 1943 restituendi

174 2006 248 2054 rem
272 1990 363 2054 furto
386 1988 535 2054 ablatam
556 1988 613 2053 vel
635 1991 711 2072 eJus
741 1989 1022 2065 estimationem,
1049 1987 1204 2062 infamia,
1230 1986 1352 2052 saltem

173 2096 309 2179 quando
324 2115 379 2162 res
393 2097 506 2162 ablata
520 2097 679 2164 notabilis
694 2101 783 2174 erat;
800 2115 881 2162 nam
895 2097 967 2162 sola
979 2096 1066 2162 actio
1080 2094 1207 2161 furtiva
1220 2113 1289 2160 non
1302 2096 1353 2159 in-

171 2207 288 2270 famat.
305 2205 400 2270 Unde
414 2205 555 2271 infamia
569 2205 755 2270 incurritur
767 2207 881 2291 potius
890 2205 1021 2271 ratione
1035 2206 1085 2269 rei
1100 2203 1232 2280 ablatae,
1248 2221 1352 2287 quam

172 2313 306 2379 ratione
321 2313 429 2396 ipsius
444 2314 587 2380 actionis
601 2315 746 2410 turtivae.

562 2496 605 2548 lv.
623 2496 663 2548 Do
681 2494 793 2549 actione
810 2493 959 2548 criminali.

213 2641 245 2725 a)
256 2639 303 2706 De
313 2637 393 2722 jore
409 2643 578 2718 cenorum,
595 2641 627 2705 Ιο
640 2641 783 2706 ctericus
796 2641 852 2706 fur
862 2640 1019 2706 notorius
1032 2644 1092 2706 aut
1100 2635 1180 2706 furti
1195 2638 1354 2705 condem·

172 2756 284 2828 natus,
299 2751 339 2813 iit
354 2750 504 2832 infamio,
523 2751 610 2814 sicut
623 2750 759 2815 infamis
779 2750 818 2812 iit
836 2751 891 2813 fur
910 2749 1016 2813 laicus
1035 2748 1283 2813 condemnatus
1305 2747 1347 2812 de

171 2861 262 2924 furto
273 2859 308 2922 in
324 2859 399 2923 toro
412 2859 565 2924 saeculari
577 2879 585 2935 ;
598 2857 690 2928 idern
708 2857 801 2922 enim
812 2858 954 2922 effectus
968 2857 1004 2920 in
1017 2859 1162 2939 utroque
1177 2858 1252 2920 soro
1262 2858 1347 2935 (can.

171 2965 382 3048 infamati
387 2984 505 3044 ,causa
513 2967 542 3042 6,
556 2985 587 3049 q.
602 2965 643 3050 Ι).
656 2965 753 3030 Ratio
769 2965 924 3049 estquis
943 2963 1147 3048 quicumque
1158 2964 1349 3029 secundum

174 3073 285 3155 tegern
298 3073 433 3138 civilem
451 3073 588 3148 infamis
606 3078 668 3149 est,
689 3072 880 3154 generatim
891 3071 1029 3136 infamis
1050 3076 1102 3134 est
1116 3073 1218 3136 etiam
1233 3089 1353 3135 secun·

172 3181 255 3245 dum
278 3200 438 3260 canones,
455 3201 516 3246 seu
535 3181 600 3246 nisi
620 3181 810 3264 reperiatur
830 3180 1024 3263 oppositum
1045 3183 1229 3254 statutum;
1249 3196 1351 3262 porro
1410 3217 1414 3227 ·

171 3290 258 3354 ectio
269 3284 454 3355 criminalis
466 3289 546 3354 furti
557 3308 619 3373 por
627 3288 722 3370 leges
730 3288 847 3353 civiles
859 3289 1011 3353 infamat.
1025 3287 1184 3371 Sequitur
1195 3287 1285 3371 quod
1297 3289 1353 3352 fur

172 3398 325 3462 notonus
349 3402 408 3462 ant
428 3398 511 3462 furti
533 3397 781 3462 condemnatus
804 3397 864 3461 flat
885 3394 1094 3477 irregularis,
1111 3399 1150 3459 ut
1171 3413 1283 3478 neque
1308 3396 1351 3460 ad

172 3505 308 3572 ordines
324 3507 530 3590 promoveri,
547 3506 660 3572 necin
681 3506 847 3588 susceptis
862 3505 1055 3569 ministrare
1068 3504 1187 3587 possit.

210 3615 243 3678 ΙΙ
252 3615 429 3693 Praeterea,
439 3615 467 3679 si
479 3615 621 3680 clericus
628 3615 662 3705 iu
672 3612 930 3679 furtonotabilis
940 3612 1149 3696 quantitatis,
1159 3616 1219 3676 aut
1228 3611 1350 3678 iterato

137 3725 138 3730 ’
173 3721 405 3804 deprehensus
419 3721 476 3789 vel
488 3723 663 3788 convictus
678 3721 731 3800 sit,
749 3721 791 3786 ab
813 3720 931 3785 ordino
947 3723 982 3784 et
998 3720 1110 3784 officio
1132 3719 1276 3785 clericati
1293 3720 1350 3785 de-

170 3831 351 3916 ponendus
364 3835 417 3895 est
431 3831 515 3912 (can.
531 3829 720 3912 Presbyter,
736 3829 785 3904 tt,
803 3828 880 3892 dist.
895 3828 945 3910 81)
958 3847 965 3904 ;
984 3827 1012 3890 si
1026 3846 1110 3893 vero
1124 3847 1195 3894 non
1215 3829 1351 3912 resipis-

170 3944 235 4017 cat,
260 3937 603 4004 excommunicandus
621 3941 673 4000 est
695 3941 812 4020 (const.
835 3935 939 4000 Glem.
959 3934 1012 4012 ΙΙΙ,
1029 3953 1059 3999 c.
1084 3937 1133 4012 to,
1154 3935 1348 4018 deludio).

169 4047 493 4113 Excommunicandi
512 4051 593 4110 sunt
607 4047 710 4111 etiarn
727 4045 814 4121 laici,
836 4044 971 4129 quando
988 4045 1081 4109 tures
1099 4048 1180 4108 sunt
1202 4047 1262 4109 eut
1276 4061 1351 4108 rem

170 4157 332 4222 furtivam
348 4158 476 4240 injuste
492 4157 655 4234 detinent,
672 4175 715 4220 ex
729 4173 803 4240 cap.
818 4155 848 4218 Ι.

208 4268 241 4330 3⁰
267 4265 579 4333 Exccmmunicatio
600 4266 709 4330 fertur
727 4263 910 4348 aliquando
930 4263 973 4328 ad
991 4265 1098 4328 finam
1116 4261 1348 4341 revelationis,
1462 4245 1465 4252 ¹

170 4381 219 4454 ut,
240 4377 268 4440 si
285 4367 374 4440 intra'
387 4380 519 4440 certum
542 4379 677 4458 tempus
695 4391 765 4440 non
782 4373 975 4447 restituant,
991 4370 1047 4435 vel
1063 4371 1119 4453 qui
1142 4369 1267 4435 scirent
1281 4389 1351 4436 non

169 4484 324 4551 revelent
342 4485 465 4560 furem,
482 4484 550 4548 sint
570 4483 645 4566 ipso
659 4483 749 4547 facto
764 4478 1050 4547 excommunicati
1062 4481 1168 4562 (cono.
1187 4477 1349 4559 Trident,

170 4612 253 4660 sess.
268 4595 318 4674 25,
336 4613 409 4676 cap.
420 4595 450 4670 3,
462 4593 503 4657 dc
516 4591 628 4674 dest).
646 4590 722 4655 Haec
733 4590 838 4670 igitur
848 4587 1155 4655 excommunicatio
1166 4589 1275 4653 tortor
1290 4605 1351 4672 per
