3412 5570
517 537 604 585 cisun
624 527 991 593 cururususcnsrsnuu.
1084 512 1087 526 ⁴
1282 515 1339 583 tet

171 653 263 738 quod
282 654 485 719 heneficium
501 673 572 722 uon
587 655 710 722 debeat
730 676 805 721 esse
826 656 956 721 auctori
975 656 1191 729 damnosum,
1211 657 1246 717 et
1259 652 1342 717 alies

169 761 243 844 ipsu
255 761 397 844 aequitss
412 763 553 846 requirit
566 767 604 830 ut
619 764 663 827 sit
676 764 852 848 equalitas
867 766 901 828 in
916 767 1102 829 contractu.

209 868 335 933 Tamen
349 887 488 934 necesse
505 874 566 946 est,
575 873 674 954 juxte
686 873 823 951 multos,
836 877 875 937 ut
885 889 988 956 super
999 870 1056 934 teli
1069 869 1193 934 domno
1207 872 1344 951 pactum

169 975 315 1042 liberum
328 978 555 1060 precesserit,
572 997 611 1044 ue
625 980 766 1062 proinde
787 981 934 1045 creditor
947 977 1192 1062 praemonuerit
1211 981 1344 1040 mutua-

171 1086 309 1152 tarium:
330 1089 457 1152 etenim
477 1089 550 1153 sine
578 1107 749 1155 consensu
768 1089 965 1154 mutuatorii
980 1107 1050 1153 non
1068 1089 1252 1152 haberetur
1266 1104 1346 1150 con-

171 1198 297 1261 tractus
321 1197 409 1262 circu
430 1200 745 1283 compensationem
770 1200 887 1265 damni
913 1198 1130 1280 emergentis.
1157 1197 1200 1260 At
1224 1213 1345 1260 omnes

170 1306 358 1388 requirunt,
375 1310 413 1370 ut
426 1313 585 1371 mutuum
598 1327 678 1373 vere
690 1309 733 1372 sit
745 1327 849 1374 causa
859 1307 985 1384 damni,
996 1311 1030 1371 et
1040 1311 1078 1370 ut
1092 1305 1175 1369 nihil
1188 1304 1345 1384 exigetur

172 1417 295 1494 praeter
317 1416 647 1499 compensationem
671 1435 770 1483 secus
794 1434 864 1483 non
890 1420 983 1481 esset
1005 1413 1181 1502 aequalitas
1207 1414 1243 1476 in
1266 1415 1347 1476 con-

172 1526 292 1589 tractu.

212 1630 1344 1715 OlimScotusneguvittitulumdumniemergentisesselegitimum‚

172 1743 207 1802 et
221 1707 484 1822 eliquffitor
503 1741 736 1806 recentissime
753 1741 961 1805 exsuscitare
981 1739 1090 1806 voluit
1103 1739 1197 1804 ilium
1211 1742 1348 1802 senten·

174 1847 274 1924 tiem3
300 1849 360 1914 sed
382 1853 585 1930 argumente
606 1849 696 1915 Secti
716 1855 750 1914 et
770 1850 807 1912 Ι).
823 1848 901 1913 Julii
914 1848 1018 1916 Morel
1037 1847 1163 1913 nullius
1179 1853 1260 1912 sunt
1277 1864 1347 1910 mo-

171 1957 290 2032 menti,
307 1976 385 2022 cum
399 1959 585 2040 procedent
599 1977 638 2022 ex
652 1958 738 2022 falso
753 1957 916 2040 principio
930 1977 937 2033 ;
958 1961 1165 2040 quapropter
1179 1957 1350 2021 sententio

173 2067 347 2134 eitinnuns
362 2087 423 2133 seu
438 2071 630 2152 approbans
645 2067 741 2133 illum
758 2067 904 2143 titulum,
922 2066 1101 2130 retinenda
1116 2071 1177 2140 est,
1196 2071 1233 2129 ut
1247 2065 1348 2131 hodie

173 2178 365 2241 communis
380 2183 415 2241 et
428 2177 463 2242 in
478 2196 514 2243 se
529 2183 631 2242 certe.

214 2285 243 2367 d)
257 2285 305 2348 Ex
319 2285 417 2351 titulo
432 2286 518 2350 lucri
530 2288 688 2351 cessantis
702 2287 806 2351 etium
817 2285 908 2350 licitu
923 2289 976 2349 est
986 2302 1100 2360 usuro,
1117 2282 1238 2346 saltem
1250 2284 1350 2365 Juxta

173 2393 397 2474 quantitatem
413 2393 485 2477 spei
500 2394 731 2478 consequendi
742 2393 887 2458 luorum.
904 2393 1000 2457 Lucri
1023 2391 1189 2456 cessantis
1210 2391 1349 2454 nomine

171 2499 372 2582 intelligitur
390 2503 639 2568 incrementum
661 2504 830 2567 honorum
846 2501 938 2585 quod
953 2501 1029 2584 quis
1047 2500 1199 2564 tacturus
1215 2497 1347 2572 fuisset,

172 2609 201 2670 si
216 2609 396 2690 pecuniam
418 2615 539 2675 mutuo
558 2627 629 2674 non
649 2609 810 2674 dedisset.
835 2609 1016 2673 Creditoris
1032 2608 1124 2672 enim
1143 2607 1286 2671 interest
1306 2623 1349 2668 ne

173 2719 326 2800 tempore
341 2715 399 2780 illo
414 2735 476 2800 pro
491 2736 558 2801 quo
579 2723 739 2782 mutuum
755 2717 857 2792 dedit,
882 2735 944 2781 suo
959 2715 1054 2781 lucro
1072 2713 1225 2794 legitimo
1242 2714 1350 2796 prive-

172 2828 248 2888 tur:
263 2842 361 2890 seous
373 2831 547 2908 poteretur
561 2845 682 2891 verum
701 2826 875 2891 domnum.
897 2825 947 2890 lte
960 2823 1152 2890 communis
1168 2821 1348 2896 sententie,
1456 2913 1459 2920 ¹

173 2937 292 2996 contre
315 2931 498 2997 nonnullus
514 2934 570 3016 qui
593 2939 737 3015 negent3
757 2934 862 2998 iidem
880 2933 992 3016 ipsum
1012 2928 1126 2996 damni
1143 2929 1350 3010 emergentis

80 3063 83 3068 ¹
176 3037 311 3103 titulum
325 3046 494 3105 recusent.

214 3145 384 3230 Excipitur
397 3165 496 3212 ossus
511 3167 578 3231 quu
594 3148 669 3232 quis
690 3167 751 3231 per
769 3148 851 3224 vim,
867 3152 999 3212 metum
1016 3146 1071 3212 vel
1082 3145 1200 3211 dolum
1223 3146 1351 3238 iniuste

176 3258 356 3334 cogeretur
368 3256 411 3320 ud
425 3256 664 3321 mutuandum.

215 3361 257 3425 nt
271 3363 454 3447 requiritur
470 3381 606 3446 semper
620 3363 795 3446 aequalitas
808 3362 843 3427 in
857 3366 1044 3438 contractu,
1062 3379 1101 3426 uc
1116 3361 1259 3444 proinde
1270 3360 1302 3424 t·
1315 3366 1354 3424 ut

176 3469 233 3534 iliu
257 3489 334 3555 spes
352 3470 437 3537 lucri
456 3473 500 3536 sit
520 3477 613 3538 certo
631 3477 690 3536 cut
713 3472 834 3536 saltem
850 3470 1043 3554 probabilis,
1063 3476 1098 3534 et
1122 3469 1199 3534 ideo
1222 3469 1352 3554 petenti

176 3577 308 3642 lucrum
324 3579 489 3644 incumbit
507 3598 595 3645 onus
618 3579 793 3663 probandi.
811 3579 1006 3664 Requiritur
1022 3580 1055 3644 θ’
1079 3584 1116 3642 ut
1135 3581 1295 3641 mutuum
1310 3577 1354 3641 sit

176 3705 258 3752 veru
276 3705 378 3754 ceusu
397 3709 457 3754 cur
479 3694 591 3754 cesset
611 3688 744 3752 lucrum
767 3707 773 3750 :
793 3707 825 3752 v.
841 3707 888 3769 g,
906 3689 933 3751 si
953 3688 1098 3772 pecunie
1118 3686 1162 3750 sit
1184 3685 1353 3751 destincte

178 3796 342 3878 emptioni
354 3798 404 3862 rei
418 3798 600 3879 frugiferae.

217 3904 249 3967 3ο
271 3905 323 3968 An
347 3925 486 3972 necesse
511 3908 555 3972 sit
577 3911 616 3971 ut
638 3925 716 3990 spes
743 3906 828 3971 lucri
856 3905 1095 3970 manifestetur
1121 3903 1353 3969 mutuatario?

177 4012 276 4077 Redit
295 4015 415 4080 eadem
433 4015 580 4080 varietus
599 4017 846 4082 sententiarum
867 4033 907 4079 ec
920 4033 983 4098 pru
1002 4015 1127 4079 damno
1142 4017 1351 4095 emergente.

179 4119 376 4187 Communis
391 4124 548 4189 oissrmet.
1208 4183 1210 4186 .

219 4231 246 4312 c)
258 4230 388 4296 Titulus
406 4233 602 4298 amittendae
618 4235 716 4298 sortis
737 4251 799 4298 seu
813 4232 954 4316 periculi
977 4231 1088 4296 sortis.
1109 4231 1144 4294 Si
1165 4229 1354 4314 periculum

178 4336 262 4402 illud
276 4339 320 4402 sit
334 4341 640 4405 extraordinarium
651 4347 685 4404 et
694 4341 900 4424 proximum,
911 4339 1089 4404 constituit
1098 4336 1235 4401 titulum
1245 4336 1356 4418 legiti-
1482 4425 1486 4432 Δ

181 4470 277 4515 mum
291 4469 404 4516 usurae
417 4449 592 4530 exigendae
610 4469 617 4512 :
633 4449 698 4513 tale
711 4451 802 4515 enim
817 4449 1006 4531 periculum
1020 4453 1071 4512 est
1085 4447 1195 4530 pretio
1210 4446 1356 4510 aestime-

182 4555 350 4636 bile‚cu1'n
365 4577 420 4622 res
434 4559 471 4620 in
488 4561 558 4622 tuto
574 4556 679 4640 pl‘uris
690 4557 888 4632 aestimetur,
903 4574 1005 4640 quam
1022 4555 1057 4618 in
1068 4551 1220 4635 periculo
1233 4552 1354 4637 posite.

183 4665 360 4740 Praeterea,
373 4666 399 4728 si
412 4665 566 4730 abdicata
575 4663 618 4728 sit
630 4681 708 4746 spes
717 4663 917 4748 lucripretio
928 4660 1147 4736 estimoniis,
1159 4660 1356 4726 aestimabile
