3500 5552
574 633 662 678 arasa
683 633 809 687 culmus
831 633 1050 680 oneraremus.
1343 617 1401 683 sot

227 758 306 833 levi,
332 757 403 822 sive
428 754 611 831 levissima,
629 757 687 838 jus
702 755 798 820 Rom.
821 771 891 820 non
912 755 1084 838 obligabat
1109 756 1152 821 ad
1174 757 1402 839 reparandum
1505 813 1511 826 ,

228 871 306 934 ante
331 865 537 932 sententiam
558 864 892 940 condemnatoriam;
915 883 995 929 cum
1014 863 1072 929 illo
1087 865 1298 930 conveniunt
1312 883 1401 930 com-

227 976 366 1038 munius
381 973 438 1038 CC.
457 977 491 1038 et
504 973 576 1050 ΤΤ.,
603 973 682 1056 quia
696 972 856 1054 obligatio
875 972 940 1037 ista
963 971 1000 1036 in
1021 973 1228 1038 conscientia
1242 991 1312 1037 non
1328 973 1401 1038 des-

227 1083 341 1148 cendit
350 1102 371 1148 a
377 1087 454 1167 jure
467 1082 627 1148 naturali:
639 1083 694 1147 hic
704 1081 873 1148 enimnon
883 1082 1054 1148 concurrit
1063 1101 1175 1168 neque
1186 1100 1242 1148 res
1252 1087 1400 1167 accepta,

228 1193 473 1278 nequainjusta
481 1190 671 1274 laesio,quae
681 1191 843 1274 supponit
851 1190 987 1275 culpam
996 1189 1290 1271 theologicamllx
1298 1190 1404 1266 altera

229 1306 334 1387 parte,
348 1304 405 1385 jus
419 1301 622 1367 canonicum
637 1300 740 1366 talem
755 1299 999 1382 obligationem
1012 1318 1083 1364 non
1096 1299 1251 1382 imponit.

267 1411 310 1475 lt
323 1414 402 1495 post
418 1410 543 1493 judicis
559 1409 775 1486 sententiam,
796 1408 862 1472 bb.
883 1407 1111 1474 communiter
1125 1407 1278 1488 obligant
1291 1406 1334 1472 ad
1352 1427 1404 1472 rc-

228 1519 440 1602 parationem
465 1517 580 1582 damni
603 1517 702 1599 culpa
719 1515 865 1599 juridica
880 1515 959 1592 dati,
979 1519 1053 1580 tum
1071 1515 1150 1600 quia
1164 1516 1333 1580 sententia
1348 1515 1405 1580 illa

229 1647 299 1694 non
313 1632 454 1711 apparet
467 1627 605 1711 injusta,
622 1631 695 1689 tum
716 1626 795 1709 quia
808 1625 881 1690 haec
895 1623 1058 1690 tundatur
1071 1625 1108 1688 in
1123 1624 1206 1688 bono
1223 1625 1402 1700 communi,

229 1741 398 1822 quatenus
407 1737 565 1801 homines
579 1732 690 1800 reddit
703 1739 863 1814 attentos,
876 1737 914 1797 ut
924 1752 1036 1818 neque
1049 1733 1185 1810 directe,
1198 1743 1309 1817 neque
1319 1732 1405 1797 indi-

228 1839 319 1912 reot'e
336 1845 499 1910 damnum
512 1844 667 1928 proximo
681 1845 816 1908 faciant.

267 1956 315 2019 Ex
326 1956 390 2020 hoc
406 1959 606 2039 sequeretur
620 1952 713 2037 quod
723 1952 958 2017 damnificatus
972 1971 1042 2018 non
1052 1955 1170 2035 posset
1179 1955 1258 2015 ante
1269 1952 1404 2015 senten-

224 2066 311 2134 tiam
332 2063 455 2148 judicis
481 2063 545 2127 sibi
568 2065 678 2128 iacere
703 2063 870 2129 occultam
893 2063 1007 2128 damni
1029 2061 1343 2145 compensationem
1369 2059 1405 2124 in

229 2173 327 2238 bonis
342 2173 606 2250 damnificantis;
622 2173 695 2238 haec
714 2173 806 2238 enim
819 2173 1051 2256 compensatio
1063 2171 1098 2236 in
1115 2169 1322 2236 conscientia
1335 2186 1404 2233 non

231 2282 373 2346 debetur
387 2285 465 2346 ante
479 2281 695 2346 sententiam.
961 2363 965 2371 Ι

269 2389 335 2455 Sed
351 2391 462 2474 quoad
477 2391 720 2473 obligationem
734 2393 770 2456 in
784 2392 859 2457 loro
870 2391 1096 2466 conscientie,
1111 2388 1188 2455 vide
1200 2386 1402 2461 moralietas,

231 2497 288 2582 qui
300 2499 363 2564 heo
378 2499 420 2564 de
435 2517 471 2564 re
486 2499 622 2584 copiose
639 2499 822 2584 disputant.

600 2951 840 3060 culam
888 2949 1037 3040 rins
1141 3075 1143 3078 Ι

492 3155 556 3202 DE
592 3152 758 3200 POENIS
794 3150 1143 3200 DELICTORUM.

272 3479 441 3544 Hactenus
463 3482 576 3542 actum
591 3481 644 3542 eet
658 3477 699 3541 de
713 3475 926 3554 criminibus;
940 3494 1042 3554 nunc,
1062 3477 1098 3541 in
1113 3477 1334 3560 sequentibus
1351 3476 1407 3540 tri-

233 3589 296 3651 bus
316 3585 432 3662 titulis,
449 3603 591 3667 agemus
612 3585 653 3649 de
667 3585 790 3669 prunis,
807 3588 881 3648 tum
895 3584 1109 3650 vindicativis
1125 3585 1161 3648 in
1175 3585 1249 3650 foro
1264 3589 1406 3650 externo

233 3713 294 3760 seu
305 3693 467 3778 judiciali,
482 3697 517 3759 et
530 3693 664 3758 interno
681 3711 740 3758 scu
756 3693 992 3776 poenitentiali,
1008 3697 1082 3761 tum
1096 3692 1363 3759 medicinalibus.
