3404 6584
380 471 440 537 582
837 487 888 534 rus
908 485 1088 534 cuaourcuu.

384 607 495 691 Temp.
517 606 614 688 ord),
629 603 771 670 facultas
782 602 977 670 Tridentino
996 621 1067 669 non
1080 603 1245 685 competit
1267 600 1493 670 cardinalibus
1515 602 1551 667 in

384 716 455 780 suis
470 711 586 778 titulis.

422 824 454 886 2·
469 820 619 906 Simplex
632 820 858 886 confessarius
873 838 943 885 non
954 822 1066 904 potest
1079 819 1255 886 absolvere
1270 835 1291 884 a
1304 819 1457 884 censuris
1468 837 1552 903 quo-

385 931 436 996 vis
453 931 555 996 modo
570 930 752 995 reservatis
769 951 775 991 :
794 929 977 1014 requiritur
994 929 1162 1012 delegatio
1184 929 1255 994 sive
1271 927 1402 994 Summi
1416 927 1553 994 Pontid-

383 1040 442 1116 cis,
459 1040 530 1102 sive
551 1037 698 1123 episcopi
717 1037 830 1122 quoad
851 1055 985 1102 casusa
1004 1038 1126 1121 quihus
1141 1037 1206 1102 iste
1227 1041 1340 1120 potest
1353 1035 1531 1104 absolvere
1544 1031 1570 1108 ;'

384 1148 454 1212 imo
464 1145 801 1232 quilibetabsolvens‚
814 1145 885 1210 sive
901 1145 946 1210 sit
956 1145 1100 1228 simplex
1111 1144 1350 1222 confessarius,
1365 1144 1436 1210 sive
1448 1144 1552 1210 etiam

385 1255 573 1339 episcopus,
590 1253 663 1318 siue
677 1253 791 1318 debita
803 1253 939 1318 licentia
950 1272 971 1320 a
982 1253 1136 1318 censuris
1147 1253 1178 1318 S.
1192 1253 1345 1318 Pontifici
1355 1253 1552 1326 reservatis,

385 1361 548 1428 insideret
573 1362 609 1426 in
636 1360 1034 1440 excommunicationem,
1060 1367 1097 1426 ut
1122 1379 1281 1446 expresse
1306 1361 1498 1428 declaratur
1520 1361 1554 1424 in

323 1471 325 1479 '
385 1475 492 1538 const.
510 1469 708 1555 Apostolice
728 1469 836 1536 Sedis.
854 1469 1045 1536 Notandum
1061 1475 1123 1548 est,
1140 1468 1230 1554 quod
1247 1471 1425 1555 episcopus
1442 1472 1556 1554 potest

386 1581 489 1648 etiam
502 1578 654 1663 generali
667 1579 770 1646 modo
784 1578 940 1662 delegare
955 1578 1151 1644 facultatem
1165 1578 1363 1645 absolvendi
1373 1595 1556 1644 areserva-
1653 1621 1654 1628 κ

385 1690 438 1764 tis,
456 1687 566 1773 quoad
579 1705 699 1754 omnes
713 1705 812 1754 casus
826 1705 847 1752 a
861 1687 983 1772 quibus
997 1687 1069 1770 ipse
1079 1686 1303 1774 personaliter
1313 1691 1431 1772 posset
1447 1685 1556 1750 absol-

386 1814 478 1862 vere.
508 1797 550 1860 At
569 1793 713 1881 simplex
734 1795 962 1862 confessarius
980 1799 1097 1879 posset
1112 1795 1293 1879 impeditos
1312 1793 1406 1859 adire
1425 1793 1499 1858 sive
1523 1797 1552 1856 S.

388 1905 522 1982 Pontia,
539 1905 610 1971 sive
626 1905 833 1990 episcopum,
848 1904 1025 1970 absolvere
1040 1905 1082 1970 ab
1101 1903 1260 1971 omnibus
1275 1903 1428 1968 censuris
1450 1920 1556 1967 reser-

388 2013 485 2089 vatis,
501 2013 572 2094 {sub
596 2012 800 2096 quibusdam
823 2017 938 2079 umen
959 2012 1220 2078 limitationibus
1242 2017 1277 2076 et
1293 2009 1553 2077 conditionibus.

389 2119 516 2205 Imquo'
712 2203 754 2254 111.
769 2204 808 2254 ne
824 2200 1000 2256 absolutione
1016 2200 1229 2266 impeditorum.

428 2341 460 2422 a)
485 2339 522 2403 ln
536 2357 617 2404 casu
640 2339 848 2422 impotentia
870 2339 926 2403 vel
946 2338 1181 2424 impedimenti
1201 2354 1268 2422 quo
1284 2343 1488 2404 consumtus
1503 2357 1557 2402 ne·

390 2451 492 2532 queat
505 2445 644 2511 adires
661 2446 782 2511 Pontii
794 2445 851 2510 vel
859 2447 963 2511 alium
974 2464 1184 2530 superiorem
1195 2466 1252 2531 qur
1261 2465 1442 2512 censuram
1453 2463 1557 2512 roser
1653 2489 1654 2518 i

390 2559 504 2621 vatam
521 2553 607 2631 tulit,
620 2553 712 2619 adire
730 2553 831 2619 debet
845 2555 1041 2640 episcopum
1055 2553 1112 2620 vel
1127 2572 1375 2640 quemcumque
1389 2556 1557 2620 contessa-

390 2663 490 2738 rium,
503 2679 531 2726 er
540 2679 612 2746 ipse
625 2679 804 2747 episcopus
814 2662 897 2727 adun
908 2667 1108 2746 nonposset
1119 2661 1258 2728 Constat
1266 2681 1310 2727 ex
1319 2662 1495 2728 innocent
1504 2661 1554 2734 lll,

390 2771 508 2836 cfflttlh
528 2776 571 2834 t:
589 2795 605 2830 α
615 2771 739 2836 Verum
752 2771 922 2836 srddsscrle
937 2771 991 2848 sit,
1008 2790 1051 2836 ex
1064 2770 1399 2856 aliquaJustacausa
1413 2771 1505 2857 quod
1518 2769 1556 2834 ad
1653 2759 1654 2834 i

391 2880 503 2964 ipsum
527 2879 894 2944 excommunicatorem
919 2877 1148 2943 absolvendus
1172 2878 1319 2955 accedat,
1342 2879 1556 2944 concedimus
1653 2877 1654 2954 l

391 2985 599 3068 indulgendo
609 2991 757 3052 utasuo
768 2985 963 3051 absolvatur
972 2987 1129 3071 episcopo
1139 2986 1194 3052 vel
1204 2987 1340 3071 proprio
1349 2987 1555 3053 sacerdote.»

392 3095 640 3162 Constatetiam
654 3113 697 3158 ex
710 3112 738 3159 c.
755 3094 794 3158 ta
810 3094 843 3158 h.
861 3097 884 3157 t.
902 3099 937 3159 et
950 3112 979 3160 c.
995 3094 1035 3158 ti
1049 3093 1123 3159 eod.
1140 3095 1176 3159 in
1190 3094 1232 3158 θ’.
1250 3093 1342 3160 Circa
1353 3096 1442 3160 hanc
1460 3095 1558 3161 lacul—

392 3207 497 3269 tatem
511 3202 708 3268 absolvendi
718 3202 910 3287 impeditos,
928 3201 1010 3267 olim
1026 3207 1123 3268 erant
1136 3203 1251 3287 plures
1276 3203 1454 3268 sententiae
1473 3202 1556 3287 apud
1653 3231 1654 3268 l

393 3309 463 3387 CC„
480 3315 518 3375 ut
531 3312 635 3379 refert
649 3309 681 3374 S.
692 3310 761 3391 Lig.
773 3309 804 3390 (l.
818 3308 884 3386 v11,
898 3327 931 3373 11.
948 3309 1011 3392 84);
1023 3310 1083 3376 sed
1091 3311 1268 3376 sententiae
1280 3316 1447 3394 negantes
1461 3309 1557 3378 hodie

394 3423 474 3483 suut
488 3419 659 3484 obsoletae.

1653 3575 1654 3618 l

392 3545 393 3550 ¹
432 3527 508 3592 uec
521 3527 764 3611 impedimenta
779 3533 1023 3594 enumerantur
1034 3529 1069 3593 in
1083 3531 1239 3595 versibus
1250 3529 1492 3613 sequentibus:

547 3693 660 3759 Regula,
676 3705 762 3760 mors,
777 3707 868 3760 sexus,
883 3695 981 3756 hostis.
999 3707 1080 3760 puer,
1097 3695 1233 3758 officialis,

548 3774 712 3836 deliciosus,
726 3775 817 3840 inope,
831 3787 971 3841 agerque,
985 3787 1137 3841 senexque,
1153 3775 1267 3840 sodalis,

547 3855 664 3918 lauitor,
679 3855 838 3918 adstrictus,
855 3855 958 3910 dubius
972 3869 1074 3920 causa,
1090 3857 1252 3920 levaretur.

549 3936 661 3998 nocuis,
671 3935 782 3989 absolvi
797 3937 859 3990 sine
872 3939 989 3992 summa
999 3937 1070 3991 sede
1084 3938 1240 3991 merentur.

434 4083 625 4148 Notandum
636 4089 699 4160 est,
715 4083 806 4168 quod
818 4085 854 4149 in
867 4085 920 4149 his
931 4085 1087 4150 versibus
1097 4088 1351 4161 enumerantur,
1366 4102 1446 4150 cum
1461 4086 1557 4169 impe
1653 4051 1654 4132 Ῑ

394 4192 553 4259 dimentis
568 4193 714 4258 adcundi
728 4195 950 4277 superiorem,
970 4195 1125 4277 quaedam
1140 4213 1251 4259 causae
1273 4199 1475 4260 excusantes
1491 4195 1555 4258 sive

395 4301 659 4367 areservatione
676 4302 748 4366 sive
772 4303 875 4368 etiam
896 4322 916 4368 a
936 4321 1090 4370 censum.
1113 4303 1145 4366 1⁰
1168 4303 1221 4368 Sic
1250 4328 1265 4362 «
1284 4292 1437 4368 officialis
1455 4328 1482 4378 ι),
1506 4299 1555 4385 qui
1653 4285 1654 4368 l

395 4425 521 4472 munus
540 4409 642 4474 hahet
669 4409 870 4493 disponendi
899 4411 1063 4495 populum
1086 4415 1121 4475 et
1145 4410 1349 4496 quandoque
1371 4411 1500 4475 clerum
1524 4410 1555 4470 in
1653 4373 1654 4416 ¹

396 4519 606 4582 caeremoniis
616 4519 769 4602 publicis,
783 4525 817 4584 et
829 4521 862 4584 ἓ·
877 4523 1063 4604 «janitor»,
1081 4521 1138 4606 qui
1150 4501 1436 4604 aperitetclaudit
1439 4523 1554 4605 januas

397 4623 557 4700 ecclesiae,
574 4632 812 4692 excusantura
828 4630 1058 4694 reservatione
1073 4629 1108 4694 in
1126 4647 1207 4694 casu
1224 4628 1452 4710 percussionis
1469 4624 1555 4693 cleri·
1653 4619 1654 4666 l
