3388 5582
366 552 425 616 660
828 567 877 613 rus
898 565 1076 614 canonican.

366 696 395 747 et
419 686 463 747 sic
486 684 613 746 ordinati
635 685 671 743 ab
697 683 892 742 exsecutione
918 685 1068 754 ordinum,
1094 683 1156 742 sint
1178 684 1246 756 ipso
1265 683 1334 756 jure
1359 682 1546 754 suspensi.»

401 779 483 836 Sess.
499 779 544 847 23,
560 791 597 833 ex
610 770 637 832 c'.
653 778 697 844 lb,
709 773 816 847 dulles.
830 792 839 833 ;
853 793 868 827 a
882 774 1047 834 nubalibus
1058 790 1093 834 ac
1101 773 1169 832 aliis
1179 773 1434 847 quibuscumque,
1444 787 1546 844 quan-

364 866 477 927 tumvis
491 865 645 938 exemptis,
661 879 721 922 non
737 864 823 923 liceat
841 864 1041 937 inposterum
1061 865 1140 922 intra
1153 863 1230 922 sines
1252 862 1381 936 alicujus
1399 861 1544 921 dioecesis

342 956 612 1031 ,consistentibus
636 955 755 1014 etiamsi
778 954 893 1013 nullius
915 955 1055 1014 dioecesis
1078 955 1124 1012 vel
1149 954 1277 1028 exempti
1301 968 1368 1012 esse
1391 953 1543 1021 dicantur,

364 1047 515 1119 cuiquam,
530 1045 583 1118 qui
604 1043 752 1118 regularis
772 1042 914 1102 subditus
930 1043 988 1102 sibi
1010 1059 1070 1103 non
1093 1044 1146 1114 sit,
1168 1048 1325 1102 tonsuram
1345 1041 1391 1099 vel
1407 1041 1542 1100 minores

362 1129 484 1196 ordines
507 1135 642 1193 conterre
650 1155 665 1219 ;¹
679 1148 734 1192 nec
754 1132 814 1206 ipsi
838 1133 961 1192 abbates
983 1139 1012 1192 et
1032 1133 1082 1192 alii
1102 1134 1242 1208 exempti,
1268 1139 1321 1191 aut
1344 1131 1471 1206 collegia
1491 1131 1542 1190 vel

362 1225 493 1300 capitula
507 1237 715 1300 quacumque,
737 1223 827 1283 etiam
848 1223 1042 1284 ecclesiarum
1057 1223 1282 1293 cathedralium,
1300 1222 1416 1283 litteras
1436 1223 1542 1281 dimis-

363 1317 459 1376 sorias
473 1315 626 1388 aliquibus
638 1315 972 1387 clericissaecularibus,
988 1321 1021 1375 ut
1036 1316 1074 1374 ab
1083 1315 1151 1376 aliis
1161 1315 1348 1387 ordinentur,
1363 1316 1538 1375 concedant.

362 1406 417 1464 Sed
432 1404 540 1464 borum
555 1407 690 1465 omniurn
706 1407 865 1478 ordinatio,
882 1406 1008 1465 servatis
1024 1405 1165 1465 omnibus
1185 1419 1253 1479 quae
1273 1404 1411 1478 inhujus
1427 1409 1538 1463 sanotae

360 1497 469 1570 synodi
486 1496 615 1556 decretis
631 1498 836 1568 continentur,
850 1497 887 1556 ad
899 1497 1057 1571 episcopos
1072 1496 1151 1554 intra
1163 1510 1292 1570 quorum
1307 1494 1446 1554 dioecesis
1462 1493 1539 1552 fines

359 1585 676 1659 existant,pertlneat;
689 1585 955 1648 nonobstantibus
968 1586 1128 1659 quibusvis
1142 1585 1320 1660 privilegiis,
1337 1583 1536 1658 prascriptio-

361 1675 451 1733 nibus
474 1681 527 1734 aut
541 1677 826 1747 consuetudinibus,
848 1677 937 1734 etiam
957 1675 1254 1734 immemorabilibus.
1277 1677 1397 1734 Poenam
1416 1689 1535 1750 quoque

360 1764 531 1837 impositam
547 1767 586 1826 iis
610 1768 662 1840 qui
684 1775 788 1827 contra
808 1769 900 1841 hujus
922 1773 1033 1826 sanctae
1055 1767 1162 1842 synodi
1182 1768 1240 1825 sub
1262 1768 1354 1826 Paulo
1374 1770 1409 1825 lll
1437 1767 1535 1825 decre

360 1861 424 1914 tum
451 1856 505 1930 (t),
532 1871 549 1916 a
574 1858 704 1931 capitulo
733 1857 913 1932 episcopali,
944 1858 1015 1917 sede
1040 1863 1179 1928 vacante,
1206 1857 1320 1915 litteras
1347 1856 1534 1915 dimissorias

360 1947 531 2021 impetrant,
559 1951 596 2008 ad
620 1949 690 2009 illus
713 1951 765 2023 qui
785 1949 905 2008 easdem
926 1949 1039 2009 litteras
1061 1965 1121 2008 non
1141 1948 1314 2020 aconitum,
1340 1948 1392 2006 sed
1415 1947 1451 2005 ab
1466 1945 1535 2004 aliis

360 2037 517 2109 quibusvis
535 2039 567 2097 in
583 2040 793 2112 jurisdictione
809 2039 955 2113 episcopi,
972 2039 1038 2098 loco
1052 2039 1185 2114 capituli,
1199 2039 1269 2112 sede
1284 2042 1418 2108 vacante,
1434 2052 1535 2096 succe

359 2126 499 2186 dentibus
517 2127 696 2200 obtinerent,
719 2129 840 2188 mandat
861 2129 990 2188 extendi.
1010 2130 1213 2188 concedentes
1230 2135 1330 2188 autem
1344 2127 1534 2186 dimissorias

359 2222 462 2274 contra
475 2217 602 2276 sormam
616 2218 737 2290 decreti,
750 2219 787 2277 ab
806 2219 906 2278 officio
917 2223 947 2278 et
960 2219 1107 2278 beneficio
1119 2234 1172 2292 per
1188 2233 1302 2277 annum
1317 2216 1378 2278 sint
1389 2218 1455 2291 ipso
1466 2216 1534 2290 juro

359 2307 515 2378 suspensi.
532 2328 547 2358 s

395 2397 476 2454 Sess.
495 2400 538 2468 rt,
555 2413 590 2456 ex
604 2413 669 2472 cap.
686 2403 712 2470 2,
729 2397 764 2458 dc
777 2399 841 2472 lies.
854 2418 863 2458 :
875 2400 1210 2474 «Nemoepiscoporum
1221 2398 1534 2473 quititularesvocan-

358 2491 418 2558 tur,
435 2487 554 2546 etiamsi
577 2489 609 2548 in
629 2490 695 2548 loco
715 2489 829 2549 nullius
847 2489 997 2561 dioecesis,
1013 2489 1103 2548 etiam
1123 2495 1269 2563 exempto,
1291 2495 1343 2547 aut
1358 2489 1457 2568 aliquo
1475 2503 1537 2546 mo·

358 2578 490 2635 nestorio
505 2578 642 2652 cuiusvis
653 2579 768 2638 ordinis
779 2580 948 2652 residerint,
962 2585 1014 2638 aut
1028 2594 1143 2638 moram
1156 2579 1309 2649 traxerint,
1320 2579 1423 2652 vigore
1434 2579 1535 2653 quus-
1563 2572 1568 2584 '

358 2667 403 2725 vis
428 2667 578 2742 privilegii
601 2669 659 2728 sibi
685 2669 721 2728 de
740 2670 943 2742 promovendo
962 2682 1171 2742 quoscumque
1192 2669 1228 2726 ad
1252 2683 1285 2726 se
1303 2670 1456 2727 venientes
1479 2684 1534 2741 pro

358 2763 491 2831 tempore
518 2759 666 2830 concessi,
694 2759 818 2819 alterius
845 2759 1011 2830 subditum,
1035 2760 1125 2824 etiam
1152 2763 1296 2832 praetentu
1325 2757 1535 2816 familiaritatis

357 2846 797 2906 continuae'commensalitatis
817 2862 892 2919 suae,
913 2848 1029 2920 absque
1047 2849 1096 2906 sui
1121 2847 1234 2921 proprii
1257 2846 1371 2919 praelati
1390 2859 1534 2918 expresso

356 2949 508 2996 consensu
523 2943 575 2996 aut
585 2937 693 2997 littoris
706 2938 900 3009 dimissoriis,
913 2938 950 2997 ad
959 2938 1077 3011 aliquos
1088 2952 1192 2996 sacros
1206 2943 1257 2996 aut
1268 2938 1400 2996 minores
1413 2935 1534 2994 ordines

355 3025 402 3084 vel
414 3028 540 3100 primam
561 3033 716 3086 tonsuram
737 3043 913 3100 promovere
932 3042 987 3086 seu
1007 3028 1145 3086 ordinare
1166 3028 1272 3085 ualeat.
1293 3028 1401 3086 Contra
1419 3025 1534 3084 iaciens

355 3117 496 3174 exercitio
508 3118 725 3191 pontilloalium
736 3133 923 3191 perannum,
936 3118 1035 3176 taliter
1044 3133 1114 3176 nero
1127 3124 1284 3190 promotus
1295 3117 1333 3174 ab
1342 3116 1535 3176 exsecutione

355 3205 496 3264 ordinum
520 3208 565 3265 sic
587 3215 810 3280 susceptorum,
830 3209 926 3267 donec
941 3222 998 3266 suo
1013 3208 1136 3280 praelato
1153 3207 1255 3266 risum
1269 3207 1369 3278 suerit,
1385 3207 1451 3280 ipso
1464 3206 1533 3279 jure

356 3294 419 3352 sint
433 3295 588 3368 suspensi.
604 3319 618 3348 n

354 3493 525 3546 interdicantur
537 3494 644 3562 episcopi
657 3496 817 3548 concubinarii
829 3502 853 3549 et
867 3498 907 3562 qni
922 3509 968 3550 non
981 3495 1122 3549 denunciant
1135 3497 1260 3562 episcopos
1275 3495 1399 3561 illegitime
1413 3495 1531 3549 absentes.

391 3648 504 3719 Sessd,
517 3663 627 3722 excep.
641 3649 768 3722 dallei:
783 3672 797 3702 a
814 3651 971 3710 Crescente
980 3667 1050 3710 vero
1065 3651 1252 3710 contumacia
1262 3651 1406 3725 (episcopi
1421 3649 1529 3710 absen-

355 3736 393 3794 tis
407 3735 485 3795 ultra
506 3737 673 3796 secundum
693 3745 838 3798 semestre
860 3740 1000 3815 tempus),
1021 3746 1055 3798 ut
1071 3741 1212 3800 severiori
1229 3743 1281 3799 SS.¹
1294 3755 1444 3800 canonum
1459 3755 1528 3797 cen-

353 3841 432 3885 surae
463 3826 656 3899 subjiciatur,
683 3829 930 3902 metropolitanus
957 3830 1167 3904 suffraganeos
1193 3831 1352 3905 episcopos
1378 3831 1528 3900 absentes,

352 3917 616 3990 metropolitanum
630 3933 701 3978 vero
719 3919 876 3980 absentem
888 3921 1099 3996 suffraganeus
1114 3923 1276 3996 episcopus
1290 3923 1443 3996 antiquior
1453 3921 1527 3978 resi-

351 4008 439 4080 dens,
454 4009 512 4068 sub
527 4024 616 4083 poena
628 4011 778 4070 interdicti
791 4012 951 4086 ingressus
966 4013 1101 4073 eeclesia
1119 4029 1154 4072 eo
1165 4015 1231 4086 ipso
1243 4013 1436 4084 incurrendo,
1450 4011 1530 4072 infra

350 4105 412 4158 tres
437 4113 558 4158 menses
578 4114 630 4172 per
654 4099 768 4159 litteras
790 4115 843 4162 seu
864 4103 1009 4162 nuncium
1035 4105 1169 4162 Romano
1189 4103 1324 4163 Pontifici
1352 4102 1528 4163 denuntiare

351 4193 500 4248 teneatur.
516 4212 531 4240 n

386 4281 467 4337 Sess.
481 4281 527 4350 23,
542 4294 580 4338 ex
592 4295 657 4353 cap.
675 4283 719 4350 14,
731 4281 766 4340 de
777 4282 840 4354 iles.
851 4300 860 4341 :
873 4283 1034 4356 «Episcopi
1049 4299 1181 4357 quoque,
1194 4283 1274 4356 quod
1287 4281 1375 4354 absit,
1391 4283 1465 4342 siab
1475 4282 1529 4342 bu·

347 4367 481 4440 jusmodi
503 4369 628 4438 crimine
651 4370 886 4447 (concubinatus)
911 4387 971 4430 non
991 4373 1208 4444 abstinuerint,
1232 4379 1261 4431 et
1283 4388 1302 4430 a
1328 4373 1443 4448 synodo
1459 4389 1527 4446 pru·

349 4457 470 4516 vinciali
480 4459 635 4531 admoniti,
650 4474 683 4519 se
698 4475 758 4518 non
774 4463 1008 4534 emendaverint,
1023 4462 1091 4536 ipso
1107 4462 1185 4523 iacto
1198 4464 1261 4523 sint
1274 4463 1426 4536 suspensi.
1443 4486 1457 4514 a

380 4643 414 4705 (1)
434 4644 488 4694 lloc
502 4643 638 4696 decretum
652 4648 692 4696 ost
704 4644 770 4696 illud
782 4647 907 4700 sessionis
922 4651 945 4709 7,
960 4662 1018 4713 esp.
1034 4649 1072 4713 lt,
1087 4649 1167 4702 modo
1178 4649 1304 4702 relatum.
