3418 5566
359 553 418 622 301
817 570 868 617 rus
888 570 1067 618 cruourcuu.

364 685 1528 773 Ecclesienonhabetjurisdiotioneminextraneosseuineoeqninon

360 803 440 863 sunt
455 798 623 880 baptizati.
642 797 758 881 ltaque
773 798 934 862 Summus
951 798 1106 862 Pontifex
1120 797 1239 881 nequit
1252 814 1375 878 cogere
1392 796 1527 880 judaeos

254 943 259 951 ·
360 911 394 972 et
414 906 569 972 infideles
588 906 632 972 ad
646 907 895 990 suscipiendam
908 906 1012 972 fldem
1026 907 1244 972 christianam
1259 911 1294 970 et
1307 907 1524 989 baptismum.

399 1015 430 1098 b)
445 1015 993 1099 ttindirecteinvitaripossuntad
1006 1016 1120 1092 fldem,
1138 1017 1169 1079 1ο
1183 1015 1364 1098 propositis
1379 1015 1528 1097 praemiis

360 1123 613 1207 temporalibus,
629 1123 827 1199 honoribus,
845 1123 1053 1188 relaxatione
1070 1123 1285 1188 tributorum.
1302 1121 1374 1186 lmo
1384 1125 1530 1204 possunt

359 1231 513 1315 compelli
530 1231 572 1296 ad
585 1231 771 1296 audiendas
786 1233 968 1298 conciones
985 1231 1143 1322 derebus
1158 1231 1252 1296 fidei:
1271 1230 1389 1294 statuit
1404 1229 1528 1310 erogo-

359 1339 429 1402 rius
443 1339 516 1402 lllll
528 1345 567 1404 ut
579 1345 672 1404 certo
687 1339 741 1404 die
757 1341 875 1404 concio
892 1341 934 1404 ad
947 1341 1080 1423 jndaeos
1093 1357 1154 1422 pro
1169 1357 1290 1404 eorum
1303 1337 1529 1402 conversione

358 1433 590 1524 habeatur‚⁴et
610 1448 681 1512 baec
700 1448 907 1532 praescriptio
931 1449 1111 1514 obseruata
1130 1447 1195 1512 fuit
1215 1448 1331 1512 Romae
1355 1463 1464 1528 usque
1485 1443 1529 1509 ad

358 1553 523 1620 hodierna
542 1557 706 1638 tempora.

398 1665 431 1726 2⁰
441 1663 600 1748 Princeps
611 1664 945 1751 christianus'possct
955 1665 1057 1730 etiarn
1073 1665 1252 1748 probibere
1265 1662 1394 1728 cultum
1412 1679 1530 1744 super-

322 1777 328 1796 ’
360 1772 531 1836 stitiosum
544 1776 579 1836 et
590 1773 638 1837 sic
649 1773 812 1838 indirecte
824 1775 967 1840 invitare
981 1773 1135 1838 infideles
1147 1772 1188 1838 ad
1203 1791 1320 1838 veram
1335 1771 1438 1836 fidem
1455 1787 1529 1834 sus-

359 1877 560 1960 cipiendam.

399 1986 431 2049 3⁰
445 1987 581 2052 Minime
597 1988 737 2054 dubium
756 1995 808 2054 est
820 1991 901 2074 quin
913 1990 1069 2056 infideles
1084 1995 1118 2054 et
1132 1990 1238 2074 judaei
1252 1989 1385 2072 possint
1405 1988 1530 2052 directe

359 2096 477 2178 impeti
492 2100 526 2159 et
537 2096 660 2178 puniri,
675 2097 703 2159 si
717 2095 842 2163 laedant
852 2102 932 2181 jura
944 2099 1109 2175 Ecclesia,
1125 2118 1157 2163 v.
1169 2117 1201 2180 g.
1211 2097 1429 2181 impediendo
1449 2095 1531 2159 libe-

359 2220 433 2267 ram
447 2204 723 2285 praedicationem
737 2205 814 2270 fidei
829 2205 1031 2280 christiana,
1043 2223 1113 2270 non
1127 2204 1357 2288 permittendo
1367 2207 1441 2288 ejus
1453 2221 1531 2286 pro-

359 2309 556 2406 fessionem,
571 2313 808 2394 quovismodo
823 2311 980 2378 vexando
995 2312 1207 2376 christianos.

420 2507 462 2559 111.
479 2509 521 2561 An
536 2508 688 2574 aliquando
702 2509 787 2562 liceat
800 2507 934 2574 baptizari
951 2508 1076 2562 infantes
1087 2508 1116 2561 et
1130 2507 1292 2573 impuberes
1303 2507 1462 2572 ludaeorum

700 2591 728 2642 et
741 2589 908 2653 infidelium,
922 2590 1018 2643 inritis
1029 2588 1204 2654 parentibus.

400 2749 432 2831 o)
449 2749 641 2817 Generatim
654 2771 724 2818 non
737 2754 816 2818 licet
827 2753 996 2837 baptizare
1010 2751 1169 2826 infantes,
1182 2749 1298 2814 insitis
1318 2748 1527 2831 parentibus,

360 2857 441 2938 quia
453 2857 638 2923 violaretur
648 2863 705 2943 jus
721 2863 874 2926 naturale
895 2863 1086 2945 parentum,
1105 2862 1140 2923 et
1154 2861 1407 2923 sacramentum
1426 2869 1530 2936 expo

361 2968 502 3028 neretur
521 2967 672 3048 periculo
691 2969 936 3050 profanationis
955 2967 990 3031 in
1011 2966 1100 3029 filiis.
1123 2964 1188 3028 Sed
1211 2983 1253 3028 ex
1268 2962 1411 3046 epistola
1426 2961 1532 3024 Bene·

360 3071 438 3135 dicti
453 3072 522 3137 lllV
541 3072 583 3138 ad
602 3075 893 3159 archiepiscopum
905 3076 1105 3140 Tarsensem
1117 3073 1208 3136 uices
1226 3075 1405 3152 gerentem
1420 3067 1529 3142 Urbis,

358 3177 398 3242 18
412 3181 496 3244 febr.
513 3182 600 3258 llll,
619 3187 653 3247 et
667 3184 769 3248 variis
785 3183 1066 3248 declarationibus
1082 3181 1113 3244 S.
1126 3179 1260 3262 Gorga,
1273 3178 1451 3263 sequentia
1464 3181 1532 3240 sta·

359 3287 446 3351 biliri
461 3293 604 3371 possunt
618 3290 652 3354 in
669 3291 779 3374 specie
797 3312 804 3354 :

399 3396 430 3459 1ο
445 3395 515 3459 Filii
529 3398 677 3463 infantes
697 3404 731 3463 et
744 3400 938 3484 impuberes
950 3377 1144 3480 judaeorum
1159 3401 1193 3460 et
1205 3392 1404 3486 infidelium,
1415 3393 1529 3458 inuitis

358 3505 569 3586 parentibus,
591 3507 751 3591 baptizari
769 3511 929 3591 possunt,
953 3506 1036 3569 siin
1056 3509 1210 3568 extremo
1235 3502 1355 3566 mortis
1380 3501 1530 3584 periculo
1613 3507 1616 3512 ’

358 3612 612 3678 constituuntur
626 3615 670 3696 (S.
685 3615 806 3698 congr.
822 3616 892 3699 lnq.
908 3615 927 3678 i
942 3632 1020 3680 nor.
1041 3613 1129 3688 1678,
1147 3613 1186 3676 18
1200 3612 1284 3675 febr.
1301 3608 1402 3691 1706).

398 3719 512 3784 lnhoc
525 3739 604 3786 casu
623 3729 753 3788 secreto
768 3725 994 3807 baptizantur,
1019 3721 1080 3786 sed
1096 3719 1287 3786 cavendum
1310 3722 1424 3784 estne
1445 3715 1530 3781 exci·
1652 3754 1656 3764 .

359 3831 449 3890 tetur
462 3829 682 3909 perturbatio,
696 3850 755 3897 seu
771 3831 937 3905 clamores
949 3828 1165 3912 blasphemia
1175 3846 1218 3892 ex
1227 3831 1322 3910 parte
1336 3829 1528 3908 parentum.
1640 3915 1643 3922 Δ
1683 3917 1690 3931 ·

358 3933 455 4000 Ratio
467 3939 528 4013 est,
547 3937 626 4020 quia
641 3957 683 4001 ex
697 3958 766 4003 una
781 3943 877 4021 parte
892 3937 986 4002 nulla
999 3937 1039 4000 fit
1052 3935 1177 4017 injuria
1199 3937 1392 4016 parentum,
1409 3932 1531 4016 quibus

359 4059 429 4104 non
442 4043 643 4108 auferuntur
656 4043 716 4108 lilii
730 4063 812 4109 mox
825 4045 1007 4120 decessuri,
1025 4049 1059 4108 et
1079 4061 1121 4106 ex
1138 4040 1244 4105 altera
1269 4045 1369 4121 urget
1387 4057 1532 4122 praecep

359 4151 625 4227 tumcheritatis,
642 4157 677 4216 et
688 4151 820 4216 nullum
836 4143 974 4217 timetur
989 4148 1178 4234 periculum
1192 4147 1437 4230 profanationis
1453 4148 1532 4229 bap-

360 4257 461 4321 tismi.
476 4258 592 4342 ltaque
604 4264 805 4343 procuratur
818 4260 947 4324 bonum
959 4257 1141 4322 infantium
1155 4256 1228 4318 sine
1241 4253 1444 4338 nllainjuria
1458 4255 1531 4318 sive

359 4367 556 4446 parentibus
570 4367 641 4431 sive
655 4367 824 4450 baptismo
838 4368 937 4432 iacta.

398 4474 498 4538 Juxta
510 4474 635 4558 plnres,
653 4475 784 4559 possint
796 4477 899 4541 etiarn
919 4474 1080 4558 baptizari
1096 4478 1263 4550 amentes,
1277 4471 1413 4557 quando
1437 4470 1532 4536 nulla

361 4587 413 4646 est
436 4601 513 4664 spes
535 4582 578 4646 ad
597 4583 738 4648 rationis
760 4603 860 4648 usum
885 4602 944 4648 eos
965 4583 1144 4666 pervenire
1166 4599 1267 4665 posse
1290 4601 1297 4643 :
1323 4599 1404 4646 narn
1423 4579 1531 4645 maxi·

360 4709 455 4754 nrum
470 4693 518 4756 eis
531 4693 659 4756 bonum
673 4697 881 4774 procuratur,
901 4693 973 4756 sine
989 4691 1058 4756 ullo
1070 4689 1220 4774 periculo
1234 4689 1473 4774 perversionis.
