3418 5566
532 591 618 678 rrum
638 629 767 687 cunnos
785 631 1009 680 osonumnuu.
1293 615 1355 682 359

185 769 264 818 sum
282 750 433 834 diligere,
449 755 523 816 turn
534 751 674 835 justitiae
692 768 759 835 qua
771 751 876 817 homo
903 750 1015 836 quoad
1028 751 1136 820 sitam
1149 757 1185 818 et
1198 753 1354 820 membra

185 864 238 926 est
252 861 316 934 sub
330 858 480 925 dominio
493 857 620 936 divino,
636 863 671 922 et
684 861 934 943 consequenter
947 859 1132 926 occidendo
1142 879 1179 926 se
1192 860 1286 925 laedit
1295 864 1356 944 jus

185 968 256 1034 Dei.
271 967 399 1034 Deinde
421 967 536 1045 homo,
560 965 728 1050 quateuirs
752 959 895 1051 estpars
913 969 1178 1047 communitatis,
1204 969 1356 1058 seipsum

187 1077 383 1154 occidendo,
396 1077 524 1142 iaceret
534 1076 696 1162 injuriam
708 1077 955 1143 communitati.
969 1077 1064 1156 Hinc,

226 1183 257 1268 b)
271 1185 344 1250 Non
357 1184 436 1251 licet
446 1202 574 1268 ponere
589 1185 758 1250 actionem
772 1189 865 1252 certo
877 1186 931 1250 sui
945 1187 1053 1270 ipsine
1067 1187 1353 1272 interemptivam,

185 1293 266 1360 licet
278 1292 365 1359 ectio
379 1293 445 1357 ista
460 1291 506 1356 sit
517 1292 608 1358 hosti
622 1292 755 1369 nociva,
770 1309 852 1358 nam
871 1294 937 1360 hoc
950 1299 1043 1360 esset
1059 1294 1185 1362 directe
1202 1296 1356 1364 occidere

187 1401 348 1484 seipsum.
363 1402 500 1477 Verum,
515 1401 543 1464 si
556 1399 633 1466 talis
646 1401 733 1468 actio
749 1401 931 1483 eligeretur
947 1420 1009 1485 per
1030 1402 1172 1469 modum
1184 1404 1289 1470 medii
1307 1403 1358 1470 ul„

188 1507 263 1572 timi
275 1508 443 1592 desperati
454 1507 498 1574 ad
512 1507 724 1594 eradendam
737 1512 866 1574 certam
886 1513 1034 1574 mortem
1058 1509 1195 1576 aliunde
1209 1511 1357 1577 inferen-

189 1615 279 1694 dam,
293 1633 364 1682 non
378 1620 469 1682 esset
479 1615 604 1692 illicite,
620 1616 700 1700 quie
710 1634 773 1700 per
795 1615 889 1682 iliam
904 1617 1075 1684 actionem
1098 1623 1308 1703 quereretur
1322 1622 1358 1684 et

135 1753 136 1756 ¹
189 1717 424 1792 intenderetur
434 1722 603 1806 generalis
614 1741 691 1806 spes
706 1723 873 1790 euadendi
887 1729 1019 1791 certam
1032 1731 1191 1792 mortem.

229 1832 399 1918 Sequitur,
414 1833 446 1896 1ο
461 1850 532 1898 non
545 1830 646 1898 licere
661 1834 778 1898 navim
795 1833 1012 1912 succendere,
1034 1853 1078 1900 ne
1091 1835 1157 1901 ista
1176 1835 1220 1900 ad
1240 1833 1357 1900 hostes

188 1941 376 2024 perveniat,
393 1942 422 2007 si
441 1960 485 2008 ex
506 1941 664 2007 incendio
681 1941 747 2006 isto
768 1941 946 2007 immineat
966 1941 1031 2006 sibi
1053 1947 1145 2008 certo
1164 1960 1269 2020 mors,
1289 1943 1357 2034 nisi

186 2054 280 2114 certo
290 2048 494 2116 occidendus
510 2049 556 2113 sis
569 2049 610 2114 ab
621 2049 731 2115 hoste.
748 2047 864 2114 Plures
878 2053 994 2116 tamen
1014 2054 1134 2116 teuent
1155 2050 1361 2116 contrariam

187 2159 402 2224 senientiam.
418 2159 451 2224 9⁰
462 2159 535 2225 Nou
548 2158 649 2223 licere
664 2160 706 2223 ab
720 2157 789 2224 alte
798 2158 883 2223 turri
897 2176 934 2224 se
948 2158 1158 2243 precipitare
1168 2157 1224 2224 vel
1239 2157 1362 2222 turrim

187 2265 380 2350 explodere,
397 2265 562 2332 trahendo
576 2283 693 2332 aecum
711 2285 773 2332 seu
787 2265 972 2332 occidendo
994 2265 1130 2332 hostem
1152 2267 1223 2333 sive
1239 2265 1362 2332 ducem

187 2374 367 2452 exercitus,
377 2375 457 2440 licet
470 2374 593 2440 exinde
609 2379 702 2440 certe
715 2375 857 2440 victoria
871 2379 1083 2459 sequeretur.

224 2482 253 2564 c)
266 2482 408 2549 Licitum
435 2488 488 2549 est
509 2501 546 2548 se
570 2501 739 2567 exponere
754 2481 904 2566 periculo
924 2482 1045 2548 mortis
1068 2483 1112 2549 ob
1125 2499 1268 2565 gravem
1284 2500 1362 2550 ceu-

185 2609 272 2660 sam.
284 2592 354 2658 Hoc
367 2593 517 2658 maxime
531 2611 653 2658 verum
668 2597 731 2669 est,
748 2592 883 2676 quaudo
904 2595 1000 2657 actus
1015 2596 1068 2656 est
1086 2591 1286 2664 exercitium
1295 2591 1363 2658 vir-

186 2699 280 2778 tutis,
297 2699 368 2766 sive
383 2701 528 2784 positive
542 2699 669 2786 aliquid
683 2703 814 2782 agetur,
832 2699 904 2764 sive
915 2699 1073 2782 negative
1084 2698 1211 2783 aliquid
1224 2699 1360 2765 omitta-

186 2814 242 2874 tur
254 2826 299 2874 ex
312 2809 549 2892 quoiudirecte
557 2826 650 2874 mors
665 2811 876 2893 sequeretur.
885 2807 983 2873 Retio
993 2813 1056 2883 est,
1071 2807 1150 2892 quie
1158 2807 1196 2872 in
1207 2807 1265 2874 teli
1276 2825 1358 2874 cusu

186 2933 257 2983 non
266 2915 388 2982 occidit
400 2915 475 3000 quis
489 2917 652 2998 seipsum,
664 2915 725 2980 sed
734 2919 882 2980 mortem
891 2915 1027 2997 petitur.
1039 2913 1133 2980 Unde
1143 2920 1259 2998 pastor
1271 2914 1362 2981 licite

188 3023 450 3092 etlaudebiliter
470 3025 577 3090 vitam
597 3042 697 3090 suam
717 3023 867 3108 periculo
893 3022 1034 3112 exponit
1055 3027 1095 3087 ut
1115 3027 1210 3107 peste
1227 3023 1362 3088 iniectis

187 3138 400 3198 sacramenta
412 3132 593 3208 ministret,
608 3132 707 3197 miles
721 3136 852 3215 pugnet
874 3136 909 3196 et
922 3131 958 3194 in
980 3147 1043 3196 sua
1062 3131 1212 3195 statione
1228 3145 1363 3214 perma-

186 3243 257 3317 net,
273 3239 475 3306 christianus
484 3257 547 3323 pro
556 3239 671 3324 palma
683 3240 915 3322 martyriinon
931 3257 967 3306 se
983 3237 1144 3316 defendit,
1155 3239 1362 3320 nannagaus

126 3341 128 3346 '
188 3347 285 3416 alteri
298 3348 449 3414 tabulam
461 3347 562 3425 cedit,
579 3351 643 3414 ete.

227 3456 293 3524 Sed
308 3459 482 3543 queritur,
497 3475 542 3522 an
555 3456 804 3523 condemnatus
816 3456 859 3521 ad
874 3454 1229 3532 nihilcomedendum‚
1241 3454 1298 3520 vel
1317 3455 1362 3520 ed

188 3567 394 3634 sumendum
416 3586 605 3645 venenum,
631 3568 741 3652 possit
767 3566 857 3633 licite
884 3586 921 3632 se
944 3567 1158 3632 conformare
1181 3565 1360 3632 sententiae

184 3676 328 3760 judicis?
342 3677 561 3744 Communior
574 3678 744 3745 sententie
756 3693 836 3742 cum
849 3677 886 3739 Ι).
903 3675 1032 3742 'liroma
1044 3681 1157 3758 negat.
1173 3675 1271 3742 Ratio
1295 3679 1359 3752 est,

189 3787 268 3869 quie
293 3789 412 3852 contre
437 3792 596 3853 naturam
619 3791 683 3864 est,
711 3790 750 3850 ut
772 3786 849 3870 quis
874 3786 1082 3852 sententiam
1106 3783 1230 3850 mortis
1256 3785 1293 3849 iu
1321 3801 1358 3848 se

188 3880 404 3979 exsequatur,
418 3913 498 3961 curn
520 3895 807 3984 condamnarifflsit
829 3894 912 3980 pati,
936 3911 1007 3960 non
1020 3912 1103 3960 vero
1125 3899 1273 3960 mortem
1296 3891 1360 3956 sibi

187 4003 322 4070 inferre.

659 4173 702 4226 111.
719 4175 759 4226 Da
773 4171 884 4225 abortu.

229 4329 263 4412 a)
275 4327 349 4395 Non
362 4327 441 4394 licet
454 4345 635 4413 procurare
644 4330 813 4407 ebenum,
827 4331 899 4394 sive
913 4329 1017 4394 iratus
1032 4330 1076 4393 sit
1089 4321 1277 4404 animatus,¹
1288 4327 1361 4392 sive

190 4436 294 4503 etiam
306 4436 523 4512 inanimatus,
538 4437 729 4518 presertim
742 4454 821 4502 cum
836 4437 1006 4502 distinctio
1020 4435 1079 4501 iila
1090 4435 1192 4500 hodie
1207 4452 1360 4500 commn-

189 4544 267 4610 nius
280 4543 462 4628 rejiciatur.
472 4542 569 4608 Ratio
580 4546 642 4620 est,
659 4543 739 4626 quie
751 4545 944 4628 procuratio
959 4543 1098 4609 abortus
1113 4547 1166 4608 est
1177 4541 1360 4608 intrinsece

190 4649 280 4718 mala
295 4655 331 4716 et
342 4653 462 4717 contre
473 4650 579 4715 tinem
590 4651 820 4731 generationis
836 4657 871 4716 et
883 4652 1014 4716 bonum
1034 4650 1157 4734 speciei
1177 4647 1358 4716 humanm:

191 4759 220 4824 si
230 4761 334 4826 ioetus
345 4761 400 4825 est
408 4759 590 4834 animatus,
602 4761 655 4823 est
661 4759 796 4842 proprie
802 4757 1034 4836 homicidium,
1045 4775 1125 4826 cum
1137 4758 1361 4843 perahortnm
