3514 5564
371 581 431 646 154
828 601 881 648 rus
901 599 1083 648 aaronem.

368 716 499 801 copulae
518 735 526 778 ε
542 715 602 780 sed
618 717 646 780 si
655 721 735 781 tunc
748 717 966 792 constitisset,
979 716 1204 799 legitimasset
1215 719 1378 799 nepotem
1387 717 1543 797 respectu

369 828 446 903 avi;
463 843 545 907 ergo
563 829 598 889 et
611 825 713 890 modo
728 825 824 890 illum
838 824 1017 908 legitimat,
1034 826 1190 910 quamvis
1212 841 1275 907 per
1295 823 1451 888 assidens
1473 837 1544 886 non
1590 853 1595 862 ·

369 935 538 1018 legitimet
551 933 670 1010 tilium,
687 940 804 1019 utpote
826 939 899 1019 jam
924 941 1171 1019 praemortuum
1187 954 1195 997 :
1214 940 1288 998 tum
1307 931 1387 1016 quia
1408 921 1549 1012 adoptio

370 1045 450 1110 lacit
466 1045 665 1129 adoptatum
686 1045 827 1110 fratrem
849 1044 1000 1110 defuncti
1021 1043 1081 1108 filli
1102 1044 1170 1120 (lib.
1187 1045 1225 1120 V,
1242 1043 1278 1106 ll'.
1297 1042 1339 1106 (Ic
1356 1037 1495 1108 Gradib.
1512 1045 1545 1102 et

370 1152 536 1234 affinium
557 1169 639 1234 ergo
659 1152 762 1217 etiam
781 1152 1038 1218 matrimonium
1052 1151 1106 1217 avi
1122 1151 1203 1216 iacit
1222 1155 1383 1234 nepotem
1407 1167 1451 1212 ex
1474 1145 1544 1210 fllio

369 1266 576 1344 praemortuo
597 1260 789 1343 legitimum
816 1278 897 1337 avo;
919 1266 954 1324 et
972 1277 1110 1344 conseq.
1131 1262 1210 1342 jure
1233 1253 1545 1342 repraesentationis

371 1385 477 1452 nepos
495 1368 644 1433 succedit
658 1369 694 1433 in
712 1369 804 1434 bona
818 1371 884 1433 avi.

406 1535 493 1593 ilices
509 1553 516 1592 :
535 1541 561 1592 l⁰
575 1539 637 1594 lton
655 1540 753 1608 potest
773 1549 868 1609 nepos
887 1535 1065 1610 legitimari,
1081 1534 1141 1594 nisi
1159 1534 1244 1607 prius
1262 1532 1445 1608 legitimatur
1462 1528 1545 1588 lilius

371 1618 532 1704 naturalis,
555 1625 607 1683 sed
630 1626 660 1683 in
682 1625 738 1684 hoc
759 1641 832 1684 casu
855 1625 936 1685 itlius
957 1625 1114 1694 naturalis,
1130 1629 1232 1697 utpote
1253 1627 1464 1696 praemortuus
1484 1634 1544 1676 non

371 1719 469 1788 potest
484 1713 658 1788 legitimam
673 1729 745 1788 ergo
761 1729 858 1788 neque
874 1731 980 1788 nepos.
995 1718 1025 1770 2⁰
1039 1714 1176 1774 llaeredes
1194 1712 1291 1771 liberti
1306 1727 1365 1770 non
1376 1710 1546 1790 ‚liberantur

370 1819 388 1862 a
406 1803 585 1876 praestandis
605 1803 727 1861 domino
754 1803 871 1876 operis,
896 1803 966 1862 licet
985 1802 1162 1862 liberaretur
1181 1807 1275 1875 peter,
1295 1801 1322 1858 si
1341 1800 1446 1857 urens
1467 1797 1545 1856 duos

369 1894 415 1952 vel
438 1894 540 1966 plures
560 1893 683 1952 haberet
702 1893 797 1964 lilios,
814 1893 865 1952 lib.
888 1897 1025 1964 lllllltlll,
1044 1896 1059 1964 ἓ
1076 1899 1104 1963 7,
1123 1893 1155 1952 ll.
1177 1893 1213 1952 de
1235 1891 1322 1964 oper.
1342 1889 1455 1960 libcrt.,·
1474 1903 1545 1961 ergo

370 1983 459 2042 etiam
475 1997 534 2040 non
550 1982 733 2058 legitimatur
746 1999 852 2056 napea,
869 1983 927 2042 etsi
941 1989 1024 2056 pater
1039 1982 1133 2052 illius,
1149 1982 1175 2040 si
1196 1981 1317 2048 viveret,
1329 1979 1546 2054 legitimaretur

369 2077 400 2131 et
413 2073 454 2130 ita
468 2071 714 2144 legitimationem
729 2073 953 2131 transfunderet
967 2073 997 2130 in
1013 2076 1162 2145 nepotem.
1180 2073 1268 2142 itesp.
1285 2073 1356 2142 dag.
1373 2068 1459 2141 maj.;
1475 2080 1545 2124 nam

370 2161 417 2219 vis
441 2159 627 2234 legitimandi
653 2175 712 2218 non
736 2167 783 2219 est
806 2161 949 2220 attributa
972 2161 1057 2232 filiis,
1082 2159 1135 2219 sed
1160 2159 1218 2233 ipsi
1244 2157 1449 2230 matrimoni03
1473 2169 1545 2230 ergo

371 2247 606 2319 matrimonium,
621 2248 872 2323 quandocumque
889 2248 1092 2318 contrahatur,
1108 2248 1254 2322 legitimat
1268 2261 1356 2304 omne
1368 2245 1448 2320 quod
1463 2259 1545 2316 repe·

344 2391 350 2402 .
371 2340 410 2397 rit
428 2337 636 2414 legitimahile;
658 2352 730 2412 ergo
745 2353 825 2408 cum,
846 2344 1030 2410 premortuo
1051 2339 1124 2409 tilio,
1145 2339 1273 2411 reperiat
1295 2343 1434 2410 nepotem
1449 2335 1546 2409 legiti-

371 2427 525 2500 mabilem,
538 2427 627 2486 etiem
644 2427 730 2486 illum
747 2426 909 2502 legitimat‚
925 2435 955 2487 et
970 2429 1115 2488 idoneum
1129 2429 1201 2488 lacit
1218 2429 1254 2488 ad
1269 2429 1471 2488 haereditatem
1487 2425 1545 2484 avi.

370 2521 488 2590 Exque
508 2521 589 2589 patet
605 2517 765 2590 disparitas
785 2518 823 2576 ed
839 2523 866 2589 2,
882 2519 954 2591 quia
971 2518 1108 2578 liberatio
1123 2519 1160 2577 ab
1181 2518 1281 2592 operis
1297 2517 1445 2590 proficisci
1460 2515 1548 2574 debet

371 2605 407 2664 ab
423 2605 489 2678 ipso
506 2611 587 2678 patre
599 2605 706 2664 liberto
721 2621 757 2664 ex
771 2606 1072 2682 dispositionejuris;
1085 2613 1213 2667 econtra
1223 2606 1469 2682 legitimationon
1479 2619 1546 2676 pro-

373 2696 450 2755 cedit
468 2711 486 2753 a
504 2695 565 2754 lrlio
584 2695 728 2766 naturali,
744 2698 796 2756 sed
815 2712 835 2755 a
854 2697 919 2756 solo
940 2697 1140 2756 matrimonio.
1159 2698 1207 2756 Sic
1227 2698 1316 2756 etiam
1336 2695 1462 2755 solvitur
1481 2707 1545 2767 arg.

373 2799 409 2843 ex
424 2784 443 2842 l.
460 2787 519 2854 Vll,
533 2787 548 2854 5
564 2790 588 2855 t,
606 2785 637 2842 ll.
652 2784 687 2844 dc
701 2786 731 2846 S.
747 2787 779 2844 P.
794 2787 840 2857 lt,
857 2786 877 2844 l.
893 2789 986 2859 llLlV,
1001 2786 1033 2846 ff.
1052 2787 1087 2846 de
1100 2787 1274 2862 Adoptioae.

412 2967 511 3052 Resp.
534 2967 564 3032 4.
594 2967 737 3052 Spurius
767 2971 826 3053 qui
851 2975 952 3034 natus
984 2989 1027 3035 ex
1050 2971 1249 3054 parentibus
1276 2969 1481 3036 inhabilihus
1504 2970 1547 3036 ad

372 3076 639 3152 matrimonium,
656 3075 839 3159 legitimari
862 3083 976 3160 potest
996 3097 1058 3162 per
1081 3079 1369 3162 dispensationem
1393 3078 1490 3161 rape
1512 3078 1547 3142 iu

372 3182 483 3248 radice
507 3183 728 3261 matrimonii,
755 3184 940 3250 dummodo
961 3186 1247 3270 impedimentum
1269 3187 1313 3250 sit
1334 3186 1440 3251 solius
1460 3185 1547 3268 juris

373 3289 589 3355 ecclesiastici
607 3311 614 3352 :
631 3291 1180 3370 itanbh.,10sn.‚Andr.‚covar.,
1197 3293 1372 3370 Schmier.,
1383 3293 1544 3359 Schmalz.

373 3402 407 3462 et
430 3398 485 3464 alii
509 3403 629 3463 contra
652 3399 784 3474 Navar.,
801 3399 915 3477 Peren,
940 3399 1115 3477 Goniuck,
1141 3406 1203 3468 etc.
1234 3403 1330 3466 Prob.
1357 3401 1390 3465 Si
1413 3401 1503 3485 Papa
1528 3421 1548 3466 a

373 3505 536 3590 principio
552 3506 784 3590 dispensasset
797 3509 832 3572 in
846 3509 1091 3592 impedimento
1107 3510 1298 3586 dirimente,
1310 3529 1343 3574 v.
1356 3528 1389 3592 g.
1402 3525 1547 3574 consan-

373 3614 559 3694 guinitatis,
578 3617 833 3682 matrimonium
846 3618 1106 3702 luissetjustum
1121 3621 1210 3684 inter
1221 3619 1549 3700 consanguineos,et

374 3720 486 3804 proles
502 3739 544 3786 ex
559 3741 600 3787 eo
614 3723 739 3804 genitas
755 3724 902 3790 luissent
913 3727 1095 3809 legitimae3
1112 3747 1194 3810 ergo
1210 3729 1313 3792 etiam
1328 3727 1355 3791 si
1373 3733 1451 3811 post
1465 3725 1549 3791 illud

374 3831 586 3894 contractum
606 3830 780 3916 dispenset
802 3835 837 3899 iu
861 3834 919 3899 tali
940 3836 1197 3920 impedimento,
1218 3836 1355 3920 spurius
1375 3840 1454 3900 ante
1483 3836 1548 3900 dis

374 3937 611 4018 pensationem
625 3939 761 4019 genitus
780 3941 1037 4032 lletlegitimus,
1054 3945 1136 4008 acsi
1154 3963 1197 4008 ex
1216 3943 1433 4008 matrimonio
1453 3945 1548 4026 justo

375 4048 475 4109 natus
488 4045 611 4110 luisset
627 4067 634 4109 z
652 4053 725 4113 tum
744 4050 826 4133 quia
840 4053 915 4117 talis
933 4052 1138 4136 dispensatio
1153 4053 1392 4118 retrotrahitur
1406 4053 1449 4117 ad
1461 4051 1548 4116 radi-

374 4168 450 4216 cem
478 4157 512 4216 et
538 4155 687 4237 primum
702 4162 851 4243 ,tempus
877 4161 1096 4238 matrimonii,
1125 4179 1205 4226 cum
1237 4161 1289 4224 vis
1314 4161 1549 4226 retrotractiva

376 4257 473 4343 Papae
495 4260 656 4345 denegari
671 4284 741 4332 nou
763 4269 872 4352 possit
891 4269 927 4332 in
948 4267 1081 4351 legibus
1098 4269 1308 4335 irritantibus
1328 4273 1363 4332 et
1377 4269 1548 4352 dispensa-

377 4367 536 4445 tionibus,
552 4372 601 4434 uti
615 4372 811 4457 frequenter
823 4376 979 4440 videmus
996 4377 1031 4441 in
1044 4377 1145 4442 bullis
1159 4377 1340 4460 pontificiis
1353 4397 1361 4452 ;
1381 4381 1454 4440 tum
1470 4375 1549 4458 quia

379 4473 467 4558 Papa
482 4475 598 4544 tollere
618 4487 730 4562 potest
749 4502 869 4550 omues
891 4485 1033 4551 allectus
1060 4491 1310 4571 consequentes
1326 4504 1369 4550 ex
1392 4489 1468 4550 actu
1491 4484 1548 4566 qui

375 4581 452 4664 jure
474 4586 647 4666 pontificio
667 4589 732 4654 luit
752 4591 920 4658 invalidus
946 4593 1061 4677 (dem.
1096 4595 1185 4662 unic.
1214 4595 1256 4659 de
1282 4593 1455 4658 immulsit.
1484 4589 1549 4655 Ec-

379 4687 482 4773 cles.);
505 4711 586 4776 ergo
611 4697 714 4762 etiam
735 4698 851 4766 tollere
875 4705 988 4786 potest
1011 4701 1286 4787 illegitimitatem
1308 4700 1413 4785 spurii
1428 4717 1549 4764 conse·
