3418 5566
383 521 444 590 386
842 542 892 594 ms
913 541 1093 594 caueamur.

383 681 480 739 vans,
498 668 532 728 et
548 669 641 730 tauto
661 665 730 728 sint
753 666 910 747 graviora
925 667 1067 732 crimina
1081 670 1208 752 quanto
1223 667 1348 732 diutius
1372 668 1507 734 durant.
1523 665 1562 734 ln

382 771 523 837 clericos
533 775 791 840 concubinarios
802 775 849 840 sic
864 776 1069 859 proceditur,
1076 779 1176 859 juxta
1184 777 1559 844 modnmaconc.Trid.

382 879 478 961 (sess.
492 881 542 957 ll,
559 899 587 945 c.
605 883 635 958 6,
653 901 737 946 sess.
754 883 804 959 id,
820 901 848 947 c.
867 883 917 960 ll,
933 883 1078 966 dedas.)
1103 887 1288 948 statutum:
1305 885 1431 950 debent
1443 887 1561 970 impri-

382 988 447 1051 mis
468 989 600 1053 moneri
621 989 809 1054 monitione
832 990 977 1074 speciali,
999 1009 1063 1054 nec
1081 991 1206 1055 sufficit
1225 991 1407 1072 generalis,
1424 993 1559 1057 etiamsi

381 1096 511 1159 iactum
524 1097 772 1161 concubinatus
791 1097 834 1161 sit
848 1098 1032 1163 notorium.
1053 1097 1087 1161 Si
1102 1098 1149 1162 ita
1168 1099 1289 1163 moniti
1305 1116 1375 1164 non
1387 1101 1559 1165 abstinue-

380 1203 459 1280 rint,
481 1203 554 1288 ipso
571 1207 661 1270 iacto
680 1205 858 1289 privantur
872 1206 972 1271 tertie
987 1211 1082 1290 parte
1097 1207 1270 1271 fructuum
1281 1211 1315 1271 et
1327 1213 1559 1290 proventuum

381 1311 626 1377 beneficiorum
641 1331 783 1378 suorum
799 1330 1092 1398 quorumcumque
1108 1318 1143 1379 et
1153 1315 1370 1396 pensionum.

392 1455 396 1464 ·
420 1421 452 1484 3⁰
467 1421 501 1484 Si
516 1421 686 1488 indelicta
710 1423 832 1488 eodem
849 1427 1083 1505 perseverent,
1104 1441 1168 1488 nec
1193 1424 1351 1489 secundae
1375 1425 1557 1489 monitioni

379 1533 565 1614 paruerint,
581 1552 622 1597 co
636 1533 711 1617 ipso
727 1534 888 1598 amittunt
899 1536 1029 1599 fructus
1044 1537 1078 1597 et
1091 1537 1279 1617 proventus
1290 1551 1426 1610 omnes;
1441 1539 1559 1599 tamen

379 1639 587 1721 probabilius
601 1659 671 1706 non
686 1645 848 1706 tenentur
865 1641 995 1706 fructus
1015 1643 1160 1707 amissos
1180 1642 1359 1707 restituere
1382 1647 1461 1707 ante
1481 1661 1559 1707 sen-

379 1748 522 1812 tentiam
542 1747 798 1815 declaratoriam
819 1749 985 1826 criminis;
1009 1750 1150 1834 iusuper
1175 1751 1337 1835 suspendi
1360 1751 1486 1817 debent
1512 1751 1558 1814 ab

378 1855 671 1924 administratione
686 1857 931 1958 bencdciomm
947 1877 1098 1924 snorum.
1113 1859 1179 1924 Sed
1194 1859 1384 1926 notandum
1402 1860 1559 1944 estquod

377 1948 515 2031 crimen'
522 1969 766 2034 concubinatus
781 1969 881 2032 debet
895 1987 970 2033 esse
982 1973 1042 2032 aut
1054 1968 1229 2052 publicum
1246 1968 1451 2034 notorietate
1463 1969 1555 2044 iacti,

378 2077 438 2137 ant
447 2075 655 2142 sufficienter
663 2078 844 2161 probatum
855 2097 918 2162 per
927 2080 1043 2155 testes,
1057 2083 1094 2142 ut
1102 2078 1145 2143 ad
1156 2078 1417 2162 suspensionem
1427 2077 1559 2142 abene-

377 2181 461 2246 ssciis
482 2187 516 2246 et
533 2183 575 2248 ad
591 2185 792 2250 eorumdem
810 2185 1038 2270 privationem
1057 2185 1268 2270 procedetur.
1285 2186 1382 2252 Ratio
1397 2189 1459 2263 est,
1476 2186 1560 2269 quia

378 2290 617 2356 universaliter
631 2293 767 2376 quando
779 2294 888 2377 judex
903 2293 1056 2378 procedit
1068 2313 1111 2360 ex
1132 2294 1465 2378 praesumptionibus,
1488 2294 1557 2357 nisi

287 2487 289 2492 ι
376 2396 443 2462 illae
457 2399 526 2462 sint
545 2401 796 2482 urgentissimae
820 2405 917 2466 etex
940 2403 1071 2467 actibus
1093 2401 1192 2467 valde
1213 2401 1412 2486 propinquis
1431 2401 1557 2466 delicto

376 2509 502 2590 petitae,
519 2528 637 2592 poenas
651 2510 807 2592 mitigare
821 2510 931 2576 debet.
1362 2503 1366 2512 '

339 2665 341 2671 ,
416 2617 448 2680 4⁰
462 2617 495 2680 Si
510 2617 558 2682 ita
572 2619 729 2701 suspensi
740 2619 947 2684 concubinas
963 2637 1034 2685 non
1050 2619 1221 2704 expellent
1241 2624 1301 2684 eut
1318 2618 1460 2684 cumeis
1481 2637 1557 2683 ver-

377 2730 507 2803 sentur,
523 2731 688 2810 perpetuo
703 2729 881 2811 privantur
896 2729 1081 2806 beneflciis,
1097 2729 1319 2813 pensionibus
1331 2732 1365 2792 et
1375 2728 1558 2793 officiisec-

376 2815 572 2900 clesiesticis
592 2836 875 2919 quibuscumque,
891 2841 925 2902 et
938 2837 1079 2921 insuper
1101 2838 1143 2902 ad
1157 2837 1307 2902 honores
1330 2855 1483 2921 quosque
1503 2836 1557 2898 in-

375 2941 505 3008 habiles
526 2944 729 3021 efficiuntur,
751 2945 818 3008 nisi
830 2949 911 3028 post
934 2945 1152 3011 manifestam
1170 2947 1249 3010 vitae
1277 2946 1557 3011 emendationem

377 3052 532 3134 superior
547 3071 589 3116 ex
597 3055 697 3135 juxta
710 3070 814 3118 cause
826 3051 1010 3137 dispenset.
1027 3054 1188 3130 Tandem,
1206 3054 1324 3138 sipost
1346 3052 1420 3117 illas
1434 3071 1556 3136 pinnas

376 3176 396 3223 a
411 3158 617 3225 scandalosis
632 3160 830 3243 hujusmodi
846 3161 1059 3226 commerciis
1074 3179 1144 3226 non
1159 3161 1361 3238 destiterint,
1378 3180 1481 3245 poena
1495 3179 1555 3224 ex-

372 3268 690 3333 communicationis
702 3267 803 3351 plecti
819 3269 954 3333 debent.
1243 3309 1245 3312 -

416 3375 449 3457 b)
462 3375 580 3452 Quoad
595 3376 707 3456 laicos,
723 3377 815 3440 idem
829 3394 923 3442 conc.
939 3379 1034 3459 (sess.
1051 3379 1100 3455 id,
1113 3398 1141 3444 c.
1158 3381 1188 3456 8,
1206 3381 1247 3445 de
1259 3381 1347 3463 Res.)
1357 3379 1474 3445 statuit
1490 3378 1554 3442 bu·

373 3481 525 3565 jusmodi
539 3481 809 3563 concubinarios,
826 3489 897 3550 tem
912 3485 1042 3551 solutos
1058 3506 1162 3571 quam
1174 3495 1347 3564 uxoratos,
1360 3491 1552 3572 cujuscum-

376 3591 1549 3674 questetusetconditionisexistant,termonendoaesseabordinario;

377 3702 411 3761 et
426 3697 454 3760 si
469 3701 547 3781 post
567 3697 661 3762 illam
681 3700 806 3763 trinam
819 3701 1045 3766 monitionem
1064 3704 1270 3768 concubinas
1284 3721 1355 3769 nou
1375 3705 1548 3788 ejecerint,

376 3807 664 3872 excommunicari
683 3809 818 3886 debent,
842 3815 877 3874 et
896 3811 1093 3876 absolvendi
1114 3830 1185 3877 non
1205 3817 1294 3889 sunt,
1317 3811 1425 3878 donec
1438 3813 1551 3896 reipsa

375 3917 600 3982 admonitioni
612 3919 709 3982 factae
721 3921 905 4001 paruerint.
918 3919 951 3984 Si
959 3938 1042 3986 vero
1052 3922 1088 3984 in
1096 3921 1323 3987 concubinatu
1334 3940 1396 4006 per
1406 3939 1547 3997 annum,

374 4026 717 4108 censurisneglectis,
731 4029 993 4111 permanserint,
1007 4034 1197 4097 contraeas
1218 4029 1409 4096 ordinarius
1428 4029 1548 4094 saevire

374 4135 537 4216 procedat
552 4153 614 4218 pro
635 4134 796 4219 qualitate
810 4137 972 4214 criminis,
992 4141 1027 4201 et
1048 4136 1209 4202 mulieres
1228 4123 1426 4204 concubine
1453 4141 1550 4200 extra

375 4243 538 4326 oppidum
551 4241 608 4307 vel
623 4243 797 4308 dioecesim
823 4244 1011 4326 ejiciantur,
1029 4243 1132 4309 etiam
1146 4245 1313 4322 invocato,
1332 4245 1360 4309 si
1375 4263 1460 4329 opus
1472 4244 1548 4309 fue-

372 4351 427 4429 rit,
439 4351 576 4415 bracbio
592 4349 755 4416 saeculari.
769 4349 835 4416 Sed
843 4350 945 4416 hodie
958 4352 1135 4436 episcopus
1145 4371 1216 4418 non
1225 4358 1340 4436 potest
1350 4351 1546 4438 procedere,

372 4459 439 4523 nisi
454 4459 497 4523 ad
511 4476 632 4543 poenas
648 4458 850 4540 spirituales.

414 4567 476 4643 An,
493 4568 536 4632 ad
551 4567 761 4633 dotationem
774 4567 830 4632 vel
844 4568 1101 4634 matrimonium
1114 4575 1272 4636 teneatur
1288 4570 1487 4637 fornicarius
1504 4569 1549 4635 ob

373 4676 633 4742 fornicationem
660 4674 847 4759 simplicem
874 4678 947 4741 sine
974 4676 1135 4760 qualitate
1164 4677 1270 4762 stupri
1301 4679 1550 4744 commissam?
