3418 5566
538 587 627 632 arasa
647 585 775 642 omarus
795 586 1015 634 nacaursuuu.
1305 565 1365 632 329

194 707 236 772 de
250 706 322 772 sola
337 705 524 791 quaestione
538 706 639 771 iacti:
658 707 712 771 ,ita
727 705 849 773 docent
863 704 1090 773 communiter
1101 703 1166 768 ou.
1184 703 1250 769 Sed
1262 703 1364 770 hodie

190 814 340 897 cognitio
363 813 466 896 hujus
484 813 646 890 criminis,
677 814 748 878 sive
773 814 1002 897 principaliter
1023 813 1099 877 sive
1122 813 1312 878 incidenter
1328 814 1364 878 in

188 924 356 1008 judicium
369 920 565 998 deducatur,
582 922 654 987 sive
671 927 793 1004 agatur
807 922 848 988 de
863 923 935 987 solo
949 924 1049 998 tacto,
1066 922 1138 986 sive
1150 922 1191 986 de
1207 924 1296 1004 jure,
1313 927 1366 986 est

190 1032 256 1097 fori
270 1017 644 1096 ecclesiastici'tantum.
656 1030 795 1096 Constat
808 1049 851 1096 ex
865 1031 968 1096 variis
982 1035 1089 1096 coust.
1107 1029 1161 1095 SS.
1179 1029 1251 1106 PP.,
1276 1031 1366 1095 inter

192 1139 275 1204 alias
289 1144 396 1205 const.
422 1139 510 1220 Quia
525 1138 608 1202 alios
630 1139 726 1221 Greg.
748 1137 828 1203 XIV.
850 1140 946 1204 Ratio
971 1144 1034 1216 est,
1057 1140 1137 1222 quia
1156 1139 1221 1204 hoo
1235 1138 1364 1202 crimen

193 1265 286 1314 mere
303 1247 566 1313 ecclesiasticum
581 1252 643 1324 est,
661 1247 752 1332 quod
764 1248 897 1313 definiri
912 1249 1014 1313 debet
1024 1250 1123 1331 juxta
1136 1246 1272 1327 regulas
1287 1246 1365 1311 doc

194 1357 291 1420 trinae
307 1373 421 1432 sacram
434 1373 536 1439 porro
550 1355 592 1420 de
607 1374 643 1420 re
658 1374 753 1420 mere
770 1355 995 1423 ecclesiastica
1005 1355 1237 1439 pronuntiare,
1254 1359 1366 1438 potes·

193 1465 271 1530 tatis
284 1463 517 1530 ecclesiasticae
531 1469 594 1543 est,
607 1469 641 1530 et
653 1483 724 1530 non
738 1465 920 1531 saecularis.

205 1559 209 1579 ⁴
232 1574 264 1637 2⁰
278 1571 347 1637 Hoc
358 1572 510 1655 procedit
525 1573 659 1638 etiamsi
672 1574 752 1638 iacti
768 1573 812 1637 sit
824 1572 978 1656 quaestio,
993 1573 1073 1656 quia
1087 1571 1163 1637 talis
1178 1571 1322 1656 quaestio
1345 1587 1366 1636 a

94 1720 97 1728 ·
195 1680 1363 1766 quaestionejurisvixsepararipotest.Deinde‚juxtasacroscanones,

191 1791 359 1875 judicium
385 1793 493 1854 fertur
513 1789 554 1856 de
578 1791 778 1869 intentione,
800 1791 1007 1872 ignorantie,
1029 1789 1213 1874 pertinacia
1232 1793 1267 1854 et
1291 1787 1366 1852 aliis

194 1898 455 1974 conditionibus,
479 1917 554 1982 quae
576 1900 743 1964 verificari
763 1899 897 1975 dehent,
920 1904 961 1962 ut
977 1899 1133 1963 videatur
1156 1879 1300 1980 anquis
1324 1896 1368 1959 sit

195 2007 363 2074 obnoxius
376 2008 487 2091 posuis
502 2007 746 2073 ecclesiasticis.
776 2007 934 2091 Sequitur
961 2006 1053 2090 quod
1073 2007 1181 2090 judex
1195 2006 1366 2072 saecularis

197 2119 346 2197 nequeat
365 2115 560 2199 examinare
579 2133 623 2179 an
637 2115 787 2180 haeretici
800 2109 1017 2180 condemnati
1033 2115 1091 2198 qui
1108 2113 1155 2177 illi
1172 2113 1364 2192 traduntur,

195 2223 322 2287 fuerint
352 2223 414 2288 rite
441 2223 603 2288 damnati.
636 2221 763 2288 Tamen
790 2223 819 2286 si
848 2222 1020 2287 damnatio
1043 2222 1165 2286 suisset
1191 2221 1367 2287 evidenter

195 2331 337 2413 injusta,
357 2336 472 2414 posset
492 2336 527 2396 et
545 2330 685 2396 deberet
702 2331 838 2396 differre
858 2330 1112 2396 exsecutionem
1135 2331 1313 2394 sententiae
1333 2335 1368 2394 et

194 2437 344 2522 judicem
356 2433 822 2504 ecclesiasticum'iniormare
837 2437 878 2502 de
895 2438 1062 2522 injustitia
1076 2437 1264 2503 sententiae.
1287 2437 1364 2511 Sed,

202 2531 203 2537 ἵ
235 2546 268 2609 3⁰
282 2546 397 2611 Potest
409 2564 530 2630 capere
547 2551 581 2612 et
593 2547 801 2611 incarcerare
815 2546 857 2610 de
879 2545 1001 2612 haeresi
1029 2544 1233 2623 diffamatos,
1253 2549 1292 2610 ut
1305 2563 1364 2610 eos

195 2654 347 2720 remittat
352 2653 479 2738 judicio
487 2653 611 2737 judicis
623 2653 851 2720 ecclesiastici.

684 2848 818 2942 suono
839 2850 878 2912 v.

456 2993 508 3046 De
537 2991 789 3045 absolutione
817 2992 1106 3046 haereticorum.

525 3149 545 3200 1.
560 3145 677 3208 Quando
693 3145 801 3200 crimen
816 3145 859 3198 ast
874 3145 1027 3198 notorium.

239 3301 679 3387 o)Grimenhaeresispotest
690 3318 765 3366 esse
774 3301 806 3364 1ο
821 3299 991 3364 occultum
1000 3298 1246 3382 velpublicum.
1256 3299 1369 3363 Occul-

199 3422 282 3490 tum,
304 3416 471 3494 quatenus
488 3409 679 3492 generatim
697 3409 880 3493 opponitur
900 3407 1048 3490 publico,
1070 3406 1191 3471 dicitur
1211 3405 1366 3489 quando,

197 3521 276 3586 licet
288 3520 329 3585 ab
341 3518 509 3602 eiiquihus
526 3517 650 3582 sciatur
664 3520 698 3582 et
711 3511 847 3600 p'robari
862 3517 982 3600 possit,
997 3533 1067 3581 non
1085 3514 1189 3579 scitur
1204 3532 1225 3578 a
1247 3513 1369 3597 majori

199 3634 293 3712 parte
305 3625 677 3710 viciniaeautparochiae
687 3623 743 3688 vel
753 3623 886 3706 collegii
896 3642 958 3688 seu
968 3623 1233 3718 communitatis,
1251 3621 1287 3685 in
1302 3639 1370 3705 qua

200 3736 321 3801 saltem
335 3735 453 3799 decem
466 3751 621 3818 personae
635 3731 718 3808 sint3
736 3749 796 3796 seu
816 3730 1096 3816 quotiescumque
1110 3747 1180 3795 non
1197 3734 1250 3794 est
1260 3727 1371 3814 putta·-

200 3863 287 3920 cum,
299 3843 332 3907 id
348 3846 410 3918 est,
426 3841 599 3907 notorium
613 3843 647 3905 et
659 3841 840 3905 famosum.
858 3838 891 3902 Si
906 3858 927 3904 a
940 3840 1077 3903 nemine
1093 3842 1367 3920 cognosceretur,

202 3951 369 4016 diceretur
392 3969 476 4032 pure
500 3948 689 4024 occultum;
712 3947 773 4011 sed
793 3947 848 4011 hic
867 3947 980 4028 agitur
1004 3950 1138 4010 tantum
1154 3946 1202 4010 de
1227 3945 1368 4010 crimine

200 4059 345 4124 notorio.
363 4058 429 4124 Sed
444 4075 487 4122 ex
499 4076 568 4123 non
583 4057 717 4122 notorio
729 4055 804 4120 fleri
817 4058 931 4139 potest
941 4055 1129 4131 notorium;
1146 4071 1237 4130 nam,

240 4167 272 4230 Ψ
288 4165 420 4230 Crimen
434 4165 574 4230 haeresis
589 4170 641 4228 est
660 4165 843 4229 deductum
857 4163 900 4227 ad
918 4164 1032 4226 forum
1046 4161 1290 4227 ecclesiaticum
1313 4162 1370 4225 vel

202 4293 282 4339 uon.
298 4273 460 4338 Censetur
472 4273 519 4336 sic
535 4271 725 4348 deductum,
741 4275 840 4353 juxta
852 4269 979 4353 piures,
990 4270 1125 4353 quando
1135 4269 1304 4333 accusatio
1314 4268 1370 4332 vel

203 4381 412 4449 denuntiatio
422 4398 537 4444 coram
543 4379 695 4460 legitimo
703 4379 817 4461 judice
826 4378 915 4442 facta
925 4381 977 4442 cst
986 4381 1086 4441 atreo
1095 4377 1259 4452 intimata,
1272 4377 1369 4460 isque

202 4493 324 4557 citatus
340 4491 413 4565 fuit,
432 4489 511 4573 quia
528 4487 641 4553 citatio
656 4491 709 4552 est
730 4487 860 4571 primus
879 4490 974 4550 actus
992 4485 1133 4567 judicis;
1151 4487 1251 4567 juxta
1271 4483 1366 4558 alios,

203 4620 272 4666 non
282 4603 441 4665 censetur
449 4596 640 4674 deductum,
652 4597 715 4660 nisi
724 4600 803 4680 post
815 4595 883 4659 litis
894 4595 1189 4677 contestationem,
1203 4611 1281 4658 cum
1290 4599 1368 4658 ante

202 4713 289 4779 hanc
311 4728 380 4776 non
400 4709 529 4774 dicatur
549 4708 684 4793 proprie
704 4712 856 4789 caeptum
872 4705 1050 4789 judicium.
1075 4702 1216 4794 Quando
1237 4703 1370 4769 haereti-
1470 4783 1475 4792 ⁴
