3508 5568
529 543 616 590 nasn
637 511 774 598 butorus
794 541 1018 590 prenarratur.
1326 528 1362 594 31

188 657 356 724 moiaflde
370 661 549 737 contraxit,
570 665 692 725 neuter
712 663 829 743 potere
844 665 879 728 et
897 659 1042 726 reddere
1062 665 1178 745 potest
1200 662 1364 739 debitum,

187 768 230 832 ob
245 769 402 833 eamdem
419 769 603 844 rationem;
620 785 689 851 quo
705 785 809 832 sensu
825 767 978 851 procedit
994 786 1067 852 oap.
1084 770 1135 846 44,
1153 771 1195 836 de
1210 769 1363 836 Senum.

189 895 329 958 excom„
343 879 374 970 4÷
400 878 434 942 Si
452 883 597 962 uterque
620 877 775 943 dubitare
802 877 920 960 incipit
948 877 990 942 de
1018 879 1135 944 valore
1156 880 1366 945 matrimonii

187 985 278 1051 bona
297 986 365 1051 tide
383 987 559 1063 eontraoti‚
577 985 786 1069 probabilius
803 990 882 1050 ante
896 985 1070 1052 suffloions
1083 1003 1231 1054 examen
1244 993 1368 1062 neuter

188 1092 278 1158 lioite
307 1079 423 1177 potest
449 1094 593 1159 reddere
616 1098 677 1158 aut
697 1099 815 1177 petere
839 1093 991 1158 debiturn
1010 1115 1017 1158 :
1034 1095 1081 1160 ita
1105 1096 1225 1161 Sonoh.
1252 1102 1286 1160 at
1309 1095 1367 1160 alii

188 1206 306 1268 eontra
316 1201 474 1280 Cordub,
484 1202 712 1286 Henriq.‚-eto.
730 1200 1037 1267 dooentes'lioitum
1050 1221 1126 1268 esse
1137 1203 1291 1281 reddere,
1306 1203 1368 1268 aed

188 1327 260 1374 non
276 1314 392 1394 petere
416 1330 422 1372 :
446 1327 529 1375 nam
550 1309 724 1393 possessio
752 1309 864 1385 dubia,
890 1327 961 1373 non
985 1312 1163 1392 praemissa
1186 1311 1368 1376 sutfioienti

188 1418 452 1499 investigatione
473 1418 638 1494 veritatis,
653 1435 724 1483 non
746 1417 864 1480 tribuit
884 1419 941 1500 jus
957 1418 1087 1496 utendi,
1111 1420 1172 1484 sed
1188 1419 1366 1486 detioiente

189 1525 247 1591 tali
267 1527 356 1607 jnra
381 1525 467 1590 aiter
485 1543 549 1590 neo
568 1531 715 1600 tenetur,
742 1543 806 1590 neo
827 1531 942 1608 potest
965 1526 1046 1591 dare
1068 1545 1171 1592 usum
1192 1529 1365 1611 eorporis;

189 1651 282 1715 ergo.
298 1634 365 1699 Nee
382 1639 437 1698 ost
461 1635 589 1716 paritas
612 1654 634 1699 a
650 1636 799 1717 conjuge
821 1633 927 1716 ligato
949 1654 1012 1718 per
1034 1641 1154 1701 votum
1176 1637 1365 1701 eastimtis:

188 1760 269 1806 narn
286 1742 361 1808 tutis
376 1744 411 1808 in
425 1745 569 1808 materia
580 1745 722 1826 justitior
735 1745 841 1809 babet
859 1747 917 1826 jus
932 1745 1092 1826 exigendi
1108 1745 1271 1820 debitum,
1288 1745 1368 1809 boet

188 1855 306 1934 peooet
323 1852 359 1916 in
373 1852 516 1917 materia
529 1850 725 1933 roligionis3
743 1856 776 1916 et
791 1869 884 1916 oona.
902 1852 1009 1918 altera
1019 1870 1099 1935 pars
1109 1852 1199 1918 lioite
1213 1855 1282 1919 eire
1295 1853 1368 1918 ddit

189 1958 352 2024 debitum.

458 2117 490 2168 V.
503 2115 570 2177 Quis
581 2114 735 2179 parentum
745 2113 883 2167 onasus
895 2113 973 2167 atera
987 2114 1099 2178 prom?

227 2287 326 2373 Resp.
350 2291 380 2352 1.
406 2288 505 2352 Pater
527 2307 609 2355 mox
626 2307 647 2352 a
665 2287 854 2364 nativitate,
872 2287 942 2352 imo
958 2288 1184 2354 existentibus
1199 2290 1235 2354 in
1254 2294 1364 2368 utero,

187 2401 323 2462 tenetur
336 2396 515 2480 providere
529 2395 571 2460 da
587 2394 758 2459 alimentis
775 2414 782 2457 :
801 2395 849 2459 ito
872 2396 986 2460 verior
1000 2397 1171 2461 sententia
1194 2416 1237 2460 ex
1251 2397 1309 2461 lib.
1327 2398 1363 2474 V,

186 2507 243 2583 §t,
265 2509 384 2588 etseq.
408 2504 445 2568 ff.
475 2505 516 2570 de
531 2504 744 2587 Apoosoeod.
762 2512 795 2568 et
809 2503 922 2568 uland.
941 2503 1048 2583 liber„
1067 2511 1101 2568 et
1114 2505 1172 2569 lib.
1188 2505 1270 2584 Vlll,
1287 2506 1363 2570 eod.

188 2614 246 2677 ubi
261 2631 348 2678 onus
362 2612 476 2678 alendi
487 2613 614 2679 liberos
624 2611 832 2694 generaliter
846 2613 1042 2678 attribuitur
1054 2616 1152 2697 patri,
1166 2619 1201 2678 et
1211 2613 1269 2678 lib.
1283 2615 1318 2690 V,
1327 2613 1364 2678 o.

188 2716 229 2780 de
240 2716 359 2782 Veotre
373 2719 409 2782 io
418 2735 510 2800 poss.
528 2718 630 2792 mitt,
649 2715 707 2779 ubi
719 2715 953 2798 jurisconsult.
972 2717 1019 2780 ait
1035 2737 1041 2778 :
1056 2741 1072 2775 «
1082 2717 1225 2781 (iurator
1237 2717 1366 2782 ventris

189 2824 354 2891 admenta
370 2825 506 2891 mulieri
527 2830 678 2890 statuere
694 2825 813 2900 debet;
834 2825 1103 2908 quadrantur,
1123 2843 1200 2909 quar
1219 2827 1267 2890 ita
1284 2844 1367 2909 prae-

189 2938 333 3012 stantur,
342 2933 407 3017 ipsi
415 2935 568 3017 praestari
578 2934 679 3018 quiin
691 2937 790 2999 utero
802 2938 864 2997 est.
876 2959 892 2992 »
903 2933 969 2999 Neo
977 2933 1090 2998 obstat
1100 2933 1157 2997 lib.
1168 2933 1221 3010 111,
1233 2933 1314 2999 Ood.
1326 2934 1367 2998 de

183 3044 301 3126 patrio
309 3051 447 3126 potest,
464 3061 508 3106 ex
522 3061 589 3126 qua
604 3041 736 3106 nonulli
750 3041 873 3106 volunt
887 3048 1033 3106 matrem
1044 3040 1186 3123 obligari
1199 3059 1308 3125 usque
1323 3043 1366 3107 ad

190 3149 376 3214 triennium
390 3149 481 3214 alere
495 3149 609 3233 proles
626 3171 633 3212 :
650 3169 730 3214 nam
751 3148 808 3214 lex
822 3151 897 3226 ista,
915 3154 953 3212 ut
966 3150 1053 3214 bene
1069 3147 1216 3213 advertit
1228 3150 1366 3214 Lauter-

188 3257 284 3334 baoh,
301 3257 453 3322 Sobmier
468 3265 504 3322 et
523 3257 590 3335 alii,
613 3257 767 3340 prooodit
791 3257 832 3321 de
854 3256 1018 3322 alimento
1039 3256 1135 3320 lactis
1157 3261 1192 3320 et
1212 3274 1294 3321 eura
1316 3259 1366 3321 in·
1497 3315 1498 3318 ,

186 3365 300 3441 fantis,
317 3383 387 3430 uon
401 3384 484 3430 vero
499 3365 540 3430 de
556 3363 630 3430 aliis
645 3364 827 3441 alimentis,
845 3383 921 3448 quae
936 3365 1039 3429 etiam
1051 3363 1087 3427 in
1097 3369 1196 3430 utero
1207 3365 1365 3428 existenti

187 3478 454 3557 patorpraestare
463 3478 610 3537 tenetur.
620 3471 994 3555 lndaieotumpatrisad
1006 3472 1276 3538 alendosliberos
1285 3473 1365 3538 obli-

187 3585 312 3662 gantur
324 3583 399 3664 ejus
414 3582 656 3660 aseendentes;
672 3581 859 3646 attendam
874 3587 985 3646 mater
999 3582 1065 3664 (oit.
1081 3581 1139 3646 lib.
1150 3583 1186 3658 V,
1200 3582 1314 3661 §retr
1327 3583 1363 3668 11.

188 3689 229 3753 de
245 3690 388 3774 Apoosc.
407 3691 522 3772 tito).
543 3689 577 3754 Si
598 3708 680 3755 vero
696 3690 791 3754 liberi
806 3689 943 3754 aliunde
959 3689 1186 3755 sufficientem
1199 3695 1365 3756 sustenta-

187 3795 317 3862 tionem
328 3798 488 3875 babeant,
506 3803 688 3863 excusatur
702 3802 800 3880 pater
815 3799 858 3862 ab
882 3817 1002 3863 eorum
1029 3799 1278 3864 sustentatione
1292 3820 1299 3876 ;
1316 3801 1364 3864 uti

187 3904 326 3970 etiamsi
337 3905 592 3986 ingratitudinis
606 3906 768 3970 delictum
778 3906 814 3970 in
823 3906 1253 3990 patrsmoommittanttlib.
1271 3907 1307 3984 V,
1319 3910 1363 3986 §7

187 4012 357 4095 attend).
375 4013 479 4080 Porro
491 4015 631 4081 nomine
644 4015 887 4081 alimentorum
895 4016 991 4079 venit
1004 4016 1125 4094 vietus,
1137 4018 1292 4094 vestitus,
1308 4017 1365 4080 ba-

186 4120 315 4198 bitatio,
336 4123 597 4201 medicamenta,
618 4131 654 4190 et
667 4129 791 4190 oaetera
806 4125 929 4206 quibus
945 4125 1074 4200 tuendi,
1093 4125 1277 4190 ourandive
1293 4143 1366 4189 oor-

184 4229 277 4310 poris
291 4231 399 4296 nostri
414 4233 524 4314 gratia
538 4233 668 4296 utimur
684 4231 716 4313 (1.
732 4228 837 4306 XLIV,
853 4231 889 4294 o.
905 4231 947 4294 de
961 4231 996 4296 V.
1016 4229 1077 4312 S.).
1095 4231 1135 4295 Et
1154 4233 1310 4315 quamvis
1324 4231 1365 4296 do

181 4338 259 4418 juro
271 4339 332 4404 oiv.
349 4339 442 4421 (Nor.
460 4340 511 4416 89,
526 4359 598 4425 oap.
618 4341 667 4423 15)
687 4346 746 4405 aut
766 4358 810 4404 ex
824 4339 1005 4422 complexu
1019 4357 1047 4402 o.
1063 4339 1104 4403 do
1118 4340 1236 4404 incest.
1254 4349 1363 4423 nupt,

191 4425 435 4526 prohibeantur
450 4446 611 4513 elimenta
626 4447 695 4513 dari
713 4448 848 4531 spuriis,
862 4465 923 4511 seu
934 4465 978 4510 ex
986 4445 1147 4511 damnato
1155 4447 1244 4512 ooitu
1257 4449 1363 4525 natis;

184 4551 249 4616 boo
263 4559 584 4620 tomen-correctum
598 4562 651 4620 est
666 4575 728 4640 per
740 4558 798 4639 jus
809 4573 897 4630 ean,
913 4571 986 4637 oap.
1006 4555 1037 4631 b,
1052 4555 1100 4618 De
1122 4573 1160 4618 oo
1179 4557 1241 4639 qui
1253 4556 1362 4631 duxit,

186 4660 243 4723 ubi
263 4663 429 4743 jubentur
455 4663 541 4728 tales
564 4663 661 4728 liberi
689 4664 894 4738 sustentem
918 4679 996 4726 oum
1016 4665 1093 4746 jure
1116 4663 1259 4727 naturali
1285 4682 1364 4728 oon-
