3482 5560
517 683 604 728 naea
625 683 761 736 curares
782 681 1005 728 oscanrnuun.
1295 664 1354 728 203

178 817 246 882 quo
262 802 450 875 exsecutor,
468 800 540 864 sive
554 801 598 864 sit
612 800 814 874 ordinarius,
836 801 908 864 sive
925 800 1164 876 confessarius,
1174 806 1249 865 actu
1260 819 1354 865 exse-

178 907 292 989 quitur
306 908 505 972 mandatum
516 909 737 992 pontificium,
750 910 876 992 praevia
890 909 1087 990 cognitione
1099 927 1209 974 causae
1221 909 1355 992 dispen-

178 1015 305 1092 sand03
325 1035 407 1097 ergo
422 1021 501 1080 tnnc
515 1016 617 1081 debet
638 1035 714 1082 esse
734 1035 837 1082 causa
852 1036 946 1092 vera,
963 1016 1046 1082 alias
1063 1017 1269 1100 dispensatio
1286 1035 1355 1081 nen

178 1125 242 1188 erit
254 1123 418 1204 legitima.
433 1124 527 1188 Unde
538 1125 569 1188 l·
583 1144 653 1190 non
669 1129 721 1190 est
732 1143 872 1189 necesse
889 1129 926 1188 ut
942 1143 1046 1190 causa
1060 1127 1105 1190 sit
1118 1144 1200 1191 vera
1215 1144 1255 1189 eo
1271 1130 1356 1190 tem-

178 1248 259 1313 pore
281 1249 348 1314 que
368 1237 521 1296 crateres
540 1232 683 1296 Romam
704 1234 846 1296 mittunt
869 1231 1163 1316 supplicationem,
1180 1234 1240 1296 sed
1260 1234 1353 1297 suiss-

177 1339 222 1402 cit
240 1339 268 1402 si
283 1357 364 1404 vera
381 1339 425 1403 sit
440 1345 592 1424 tempore
608 1341 749 1404 actualis
771 1339 1001 1404 concessionis
1023 1341 1105 1422 (arg.
1118 1359 1146 1404 c.
1163 1341 1193 1416 6,
1211 1341 1251 1404 de
1270 1341 1356 1404 Gon-

177 1466 287 1531 sanq,
301 1452 335 1510 et
349 1465 377 1511 c.
392 1447 423 1526 9,
434 1447 475 1511 de
490 1448 663 1530 descript,
680 1448 715 1512 in
729 1448 784 1530 6⁰),
796 1447 876 1531 quia
889 1446 1051 1523 clausula,
1066 1473 1081 1506 e
1097 1447 1125 1512 si
1140 1467 1257 1529 preces
1269 1449 1356 1512 veri-

177 1561 246 1620 tate
261 1556 423 1634 nitantur,
450 1583 465 1616 a
490 1561 636 1623 retertur
656 1557 698 1622 ad
719 1563 855 1642 tempus
875 1558 1118 1634 concessionis,
1135 1577 1196 1622 seu
1216 1557 1355 1623 actualis

178 1664 439 1746 dispensationis
454 1684 516 1750 per
529 1671 767 1731 exsecutorem
781 1651 928 1732 lactaesl’
939 1669 1038 1732 Facta
1051 1671 1355 1752 perexsecutorem

178 1773 441 1856 dispensatione,
459 1780 596 1839 nonest
619 1794 760 1840 necesse
777 1781 814 1839 nt
828 1795 932 1842 causa
946 1781 1145 1860 perseveret
1161 1775 1203 1841 ad
1220 1781 1355 1858 tempus
1390 1837 1394 1844 .

178 1899 245 1964 quc
268 1887 421 1946 oratores
454 1881 563 1962 gratia
586 1883 847 1966 dispensationis
878 1889 1021 1949 utuntur
1045 1887 1079 1948 et
1098 1884 1356 1948 matrimonium

177 1989 383 2055 contrahunt
395 2010 402 2052 ε
413 1991 460 2056 ita
474 1990 577 2074 Sylv,
588 1992 699 2068 Rern,
713 1992 815 2056 Salm.
832 1998 866 2057 et
880 1993 936 2058 alii
949 2012 1074 2058 comm.
1089 1997 1207 2058 contra
1220 1992 1354 2069 Senon,

177 2097 338 2173 Hurtado,
361 2103 444 2173 etc,
464 2117 544 2164 nam
565 2100 671 2164 semel
691 2100 825 2164 sublato
846 2101 1102 2183 impedimento,
1124 2100 1214 2164 istud
1233 2100 1356 2164 deinde

177 2225 247 2272 nen
260 2206 442 2282 reviviscit,
459 2206 520 2270 sed
538 2205 633 2270 locus
651 2212 705 2271 est
722 2226 794 2288 reg.
812 2228 886 2271 nun
901 2208 936 2272 in
945 2209 997 2272 6⁰:
1013 2233 1028 2266 e
1047 2209 1186 2273 Factum
1204 2208 1355 2288 legitime

177 2314 350 2378 retractari
367 2332 438 2378 non
458 2313 569 2390 debet,
587 2313 667 2378 licet
685 2333 784 2380 casus
803 2320 924 2399 postea
939 2317 1109 2382 eveniata
1127 2335 1195 2399 quo
1213 2334 1283 2380 non
1298 2333 1357 2398 po-

179 2423 242 2486 tuit
254 2422 416 2486 inchoari.
434 2446 450 2480 e
468 2420 590 2485 Genssr.
609 2423 651 2487 ab
668 2423 840 2487 instantiis
857 2444 864 2486 :
882 2423 910 2486 si
929 2423 1124 2505 irregularis
1142 2424 1357 2508 dispensetur

178 2530 221 2595 ad
240 2529 376 2594 ordines
400 2535 435 2593 et
463 2531 628 2594 benesscia
654 2550 697 2594 ex
721 2544 824 2596 causa
842 2531 1051 2615 paupertatis
1078 2531 1133 2596 vel
1160 2532 1356 2613 indigentia

177 2639 422 2716 ministrorum,
439 2639 466 2701 si
483 2639 757 2704 obstrictusvoto
770 2638 946 2720 religionis
964 2640 1208 2723 amplectendae
1224 2640 1356 2724 dispen-

178 2749 272 2810 setur
291 2763 333 2809 ex
354 2763 457 2808 causa
476 2743 657 2810 debilitatis
683 2746 818 2822 virium,
848 2747 875 2810 si
897 2749 1081 2830 conjugata
1100 2749 1261 2813 obstricta
1275 2754 1355 2812 voto

176 2853 339 2919 castitalis
375 2851 591 2936 dispensetur
616 2853 781 2918 adesum
805 2856 1014 2920 matrimonii
1035 2874 1078 2920 ex
1096 2874 1198 2921 causa
1216 2857 1356 2940 periculi

176 2961 449 3036 incontinentiae,
480 2961 599 3026 validae
627 2967 850 3043 perseverant
876 2963 1148 3046 dispensationes
1173 2965 1262 3041 istae,
1292 2965 1355 3028 etsi

177 3075 296 3153 postea
306 3087 417 3134 causae
432 3069 566 3136 illarum
580 3076 726 3146 cessent,
742 3075 780 3134 nt
794 3090 872 3136 cum
884 3090 1008 3136 comm.
1026 3077 1147 3138 notant
1160 3071 1353 3137 Salmantie.

178 3185 212 3244 et
239 3179 312 3256 alii3
343 3197 425 3261 ergo
454 3180 557 3244 etiam
583 3179 696 3245 valida
721 3186 773 3245 est
801 3181 1008 3264 dispensatio
1035 3181 1259 3256 matrimonii,
1292 3182 1355 3246 etsi

177 3293 296 3370 postea
316 3287 398 3351 dum
412 3287 671 3352 matrimonium
686 3293 763 3353 actu
779 3290 1005 3367 contrahitur,
1024 3307 1129 3354 causa
1147 3290 1212 3353 ista
1232 3294 1353 3352 cesset.
1438 3305 1441 3310 ·

177 3395 270 3459 Unde
282 3395 309 3458 si
320 3401 500 3460 exsecutor
509 3394 659 3460 calendis
671 3396 752 3460 maii
764 3395 937 3479 dispensat
947 3415 1098 3461 excausa
1111 3397 1283 3472 indotatae,
1294 3417 1355 3462 seu
1430 3431 1433 3438 ·

177 3507 314 3587 propter
328 3503 499 3568 detectum
514 3503 614 3580 dotis,
631 3509 665 3568 et
680 3503 817 3567 interim
832 3509 911 3588 post
922 3505 1047 3569 factam
1066 3505 1355 3588 dispensationem

177 3613 313 3676 leminae
340 3613 526 3678 obveniant
538 3613 718 3696 insperata
735 3613 860 3708 divitiae
884 3632 926 3677 ex
942 3613 1137 3690 donatione,
1158 3614 1283 3696 legato,
1300 3615 1355 3680 vel

177 3719 243 3784 alio
266 3721 380 3796 mode,
401 3725 555 3784 cessante
578 3739 682 3786 causa
705 3721 803 3798 dotis,
825 3739 899 3805 qnae
916 3741 999 3786 vera
1017 3722 1081 3785 tuit
1101 3727 1256 3807 tempore
1277 3741 1355 3788 con-

176 3829 355 3904 cessionis,
379 3829 488 3894 valide
514 3829 636 3894 deinde
665 3829 815 3896 calendis
841 3830 928 3912 junii
954 3831 1057 3894 initur
1084 3832 1352 3908 matrimonium,

177 3955 255 4000 cum
267 3936 362 4020 prius
376 3937 660 4022 impedimentum
676 3957 745 4004 non
760 3939 951 4003 reviviscat.

212 4081 316 4140 Dices:
335 4086 361 4138 l·
377 4085 629 4156 Cessantecausa,
643 4091 743 4144 cessat
757 4085 925 4158 ellectusm.
940 4089 984 4154 60,
1001 4084 1035 4143 de
1049 4085 1207 4160 appelata
1221 4087 1264 4144 sic
1275 4087 1353 4144 enirn

176 4187 212 4230 ex
234 4187 325 4231 causa
345 4171 507 4232 debilitatis
527 4173 721 4246 dispensatus
744 4191 761 4234 a
782 4175 898 4248 jejunio
923 4175 1193 4248 quadragesimali,
1218 4181 1354 4234 cessante

177 4260 338 4332 debilitate,
354 4266 472 4320 tenetur
496 4261 621 4336 reliquis
636 4263 743 4322 diebus
758 4264 907 4337 jejunare.
927 4269 957 4320 2⁰
972 4263 1056 4321 Paria
1082 4269 1163 4333 sunt,
1185 4263 1298 4322 nullam
1318 4263 1355 4322 ab

178 4351 263 4408 initio
278 4367 401 4410 causam
422 4352 515 4412 luisse
535 4359 564 4411 et
586 4353 680 4412 tuisse
704 4354 847 4427 aliquem,
871 4353 923 4412 sed
950 4353 1100 4412 desiisse:
1121 4369 1184 4426 arg.
1207 4354 1227 4410 l.
1249 4357 1271 4422 l,
1292 4354 1308 4426 ᾗ
1327 4361 1354 4420 a,

177 4441 209 4498 tl.
224 4442 259 4500 de
274 4441 417 4514 condiet,
437 4444 489 4501 tin.
512 4459 610 4513 caus,
633 4444 683 4501 ubi
699 4443 801 4502 datum
831 4459 866 4501 ex
890 4459 992 4514 cause,
1012 4459 1047 4501 ea
1066 4449 1214 4512 cessante,
1238 4443 1355 4501 condiri

177 4537 284 4604 potest.
303 4535 391 4605 Resp.
407 4533 444 4592 ad
461 4537 486 4590 l.
504 4534 618 4608 Regula
632 4533 691 4591 ista
703 4539 775 4592 tunc
792 4534 935 4606 procedit,
957 4533 1077 4606 quando
1097 4533 1222 4592 allectus
1237 4547 1296 4590 non
1309 4539 1356 4591 est

177 4637 238 4680 uno
261 4628 329 4680 actu
360 4625 509 4695 perlectus
536 4629 565 4681 et
586 4631 836 4694 consummatus,
863 4624 914 4682 sed
937 4639 1055 4696 semper
1077 4622 1184 4694 pendet
1206 4637 1223 4680 a
1245 4638 1353 4692 censa,

177 4713 257 4770 sicut
281 4713 388 4770 accidit
415 4713 444 4770 in
470 4713 748 4786 dispensationibus
773 4719 900 4772 tractum
928 4714 1134 4771 successivum
1160 4713 1352 4782 habentibus,

177 4816 204 4858 v.
228 4817 257 4875 g.
282 4801 312 4859 in
334 4803 448 4876 jejunio
470 4802 742 4878 quadragesimati,
762 4803 813 4862 ubi
840 4803 1007 4861 virtualiter
1033 4808 1075 4860 tol
1099 4809 1172 4861 sunt
1200 4803 1355 4875 dispensa-
