3388 5582
364 589 449 638 saure
468 590 657 637 arosrocrce:
677 589 813 635 esserra
834 589 873 634 ac
893 585 1147 632 restauratores.
1217 629 1221 638 ,
1288 565 1348 636 633
1377 641 1383 654 ,

171 713 305 786 undique
317 712 462 784 maiorem
476 710 506 767 in
522 710 644 768 modum
661 707 854 778 invalescere,
866 711 993 778 etcaput
1006 705 1096 764 altius
1111 703 1252 762 extollere
1260 703 1348 762 velte-

172 809 288 862 menter
311 800 459 860 dolemus.
486 801 521 858 Et
541 813 615 858 sune
636 813 704 858 cum
727 799 866 858 veritates
889 800 987 856 abeo
1005 797 1142 854 revelatas
1160 795 1350 868 impudenter

171 894 372 968 denegentur,
384 891 431 948 vel
445 889 585 947 humanae
599 889 726 948 rationis
745 887 875 948 examini
899 886 1109 960 subjiciantur,
1129 886 1227 944 evenit
1245 891 1279 944 ut
1299 885 1350 945 illa

172 981 355 1040 naturalium
376 991 476 1038 rerum
496 980 584 1052 plane
605 977 726 1036 tollatur
745 976 893 1050 subjectio
917 990 984 1048 quae
1004 975 1225 1049 supernaturali
1251 975 1350 1034 ordini

171 1070 295 1130 omnino
307 1069 441 1138 debetur,
453 1073 546 1142 utque
557 1067 694 1126 homines
705 1067 742 1124 ab
753 1073 864 1124 aeterno
879 1065 1172 1125 suoilnearceautur
1184 1079 1350 1138 eorumque

171 1159 370 1233 cogitationes
391 1158 585 1230 actionesque
609 1155 646 1214 ad
667 1156 878 1226 materialium,
902 1155 1117 1230 fugaciumque
1136 1154 1228 1226 huius
1244 1153 1348 1212 mundi

152 1264 273 1308 ·rernm
288 1247 399 1305 limites
414 1247 599 1321 redigantur.
611 1250 646 1304 Et
660 1248 803 1320 quonlam
818 1244 962 1314 Ecclesia,
978 1259 1046 1317 quae
1056 1244 1197 1302 columna
1210 1248 1240 1302 et
1250 1243 1350 1301 firma-

172 1344 307 1398 mentum
318 1337 453 1396 veritatis
471 1337 606 1395 adivino
626 1353 683 1396 suo
697 1340 825 1395 Auctore
846 1335 903 1394 luit
923 1335 1096 1404 constituta,
1117 1339 1151 1392 ut
1172 1349 1277 1392 omnes
1296 1334 1350 1393 ho·

172 1430 270 1488 mines
284 1429 416 1486 divinam
436 1428 558 1486 edoceat
576 1427 677 1498 fldem,
697 1428 822 1501 ejusque
842 1427 1013 1500 depositum
1034 1425 1092 1485 sibi
1112 1425 1255 1484 traditum
1275 1425 1350 1482 inte·
1438 1443 1441 1453 ·

173 1533 260 1594 grum
281 1517 518 1591 inviolatumque
546 1519 706 1600 custodiat,
734 1533 769 1577 ac
794 1518 934 1579 homines
958 1531 1123 1590 eorumque
1147 1515 1299 1575 consortia
1322 1520 1352 1574 et

172 1609 306 1666 actiones
322 1608 358 1665 ad
374 1622 491 1666 morum
513 1608 713 1679 honestatem,
734 1610 863 1682 vitaeque
884 1609 1098 1683 integritatem,
1111 1608 1199 1681 juxta
1218 1603 1351 1666 revelatae

172 1697 315 1756 doctrinae
329 1711 465 1754 normam
475 1695 586 1772 dirigat
600 1704 629 1754 et
644 1697 747 1772 tingat,
766 1699 878 1756 idcirco
894 1709 1054 1771 pravarum
1067 1696 1271 1754 doctrinarum
1286 1695 1351 1753 iau-

173 1795 254 1846 tores
277 1793 307 1844 et
330 1792 545 1861 propagatores
568 1788 670 1846 omnia
689 1794 836 1846 conantur
863 1793 897 1846 ut
915 1785 1152 1846 ecclesiasticam
1175 1789 1351 1857 potestatem

174 1892 231 1936 sua
244 1891 316 1951 erga
327 1877 489 1935 humanam
505 1877 679 1936 societatem
694 1879 871 1936 auctoritate
893 1876 1035 1952 spolient.
1059 1875 1257 1944 Quamobrem
1277 1875 1352 1933 nibil

174 1967 353 2026 intentatum
366 1966 501 2039 nihilque
510 1967 699 2039 inexpertum
710 1964 948 2041 relinquuntut
961 1981 1081 2025 omnem
1096 1965 1236 2025 Ecclesia
1255 1970 1353 2038 potes-

173 2063 274 2126 tatem,
290 2057 416 2131 eiusque
433 2058 594 2116 salutarem
612 2059 683 2126 vim,
698 2073 789 2132 quarn
805 2059 872 2131 ipsa
887 2058 1020 2117 Ecclesia
1034 2074 1070 2116 ex
1082 2057 1184 2116 divina
1198 2071 1254 2116 sua
1268 2056 1352 2116 iusti-

174 2148 289 2205 tutione
313 2160 431 2218 semper
451 2147 585 2205 exercuit
600 2153 638 2205 ‘et
659 2148 690 2205 iu
713 2148 853 2206 humana
876 2148 1030 2208 societatis
1053 2147 1193 2206 instituta
1215 2161 1353 2204 exercere

174 2235 271 2304 debet,
288 2235 334 2293 vel
350 2236 446 2310 magis
464 2237 494 2294 iu
516 2237 581 2296 dies
599 2243 759 2308 coarctent,
774 2239 821 2296 vol
835 2237 873 2297 ab
889 2239 1001 2298 eisdem
1015 2237 1163 2296 institutis
1177 2241 1308 2304 arceant,
1324 2241 1354 2293 et

174 2327 241 2400 ipsa
255 2326 392 2384 instituta
411 2325 499 2398 pleno
523 2327 622 2386 civilis
638 2327 826 2402 politlcaeque
845 2328 1033 2387 auctoritatis
1049 2326 1172 2386 arbitrio
1191 2326 1354 2398 subjiciant

174 2417 209 2475 ad
227 2418 437 2490 imperantium
457 2419 575 2492 placita,
590 2425 619 2478 et
630 2420 667 2479 ad
686 2419 864 2480 volubilium
880 2421 976 2479 aetatis
995 2420 1173 2494 opinionum
1194 2419 1352 2476 rationem.

209 2508 284 2566 Nihil
298 2523 368 2566 vero
379 2509 487 2568 mirum
499 2509 526 2567 si
536 2510 711 2583 huiusmodi
726 2511 927 2570 funestissimi
940 2523 1012 2569 sane
1021 2515 1148 2568 conatus
1160 2509 1190 2566 in
1203 2509 1352 2582 publicam

171 2600 339 2674 iuventutis
354 2599 576 2658 institutionem
592 2601 898 2673 educationemquein
911 2601 1016 2673 primis
1032 2604 1252 2672 comparentur,
1264 2598 1354 2656 nihil-

174 2703 233 2763 que
247 2689 458 2757 dubitandum,
472 2689 546 2769 quin
565 2689 698 2748 humana
712 2691 841 2748 societas
856 2688 1045 2764 gravissimis
1061 2689 1210 2761 repleatur
1224 2694 1253 2744 ct
1265 2703 1352 2745 vexo-

174 2785 223 2836 tur
242 2778 369 2848 damnis,
393 2777 444 2835 ubi
459 2793 477 2834 a
490 2778 611 2849 publica
628 2785 657 2836 et
676 2779 793 2849 privata
814 2777 982 2851 juventutis
1006 2776 1207 2844 institutione,
1231 2791 1291 2849 qua
1311 2775 1353 2832 rel

175 2873 361 2936 cumsacrae‘,
382 2871 445 2924 tum
467 2865 592 2938 publicae
614 2865 741 2924 lelicitas
754 2871 908 2937 tantopere
918 2865 1099 2934 continetur,
1116 2863 1206 2922 luerit
1221 2863 1355 2920 modera-

175 2958 234 3014 trix
254 2956 394 3014 Ecclesiae
416 2955 580 3013 auotoritas
601 2955 726 3027 eiusque
743 2954 897 3013 salutifera
912 2954 959 3012 vis
976 2959 1084 3012 arnoia.
1099 2957 1159 3012 lloc
1170 2953 1247 3012 enim
1265 2953 1354 3010 modo

174 3046 307 3103 humane
321 3045 451 3102 societas
466 3058 537 3101 vero
552 3043 603 3101 illo
618 3044 781 3102 christiano
797 3043 905 3117 spiritu
916 3043 1029 3102 sensim
1043 3043 1187 3116 privatur,
1203 3042 1255 3116 qui
1273 3055 1354 3100 unus

175 3141 274 3208 potest
289 3141 319 3193 et
333 3133 446 3207 publici
462 3133 577 3192 ordinis
599 3133 885 3207 tranquillitatisque
907 3134 1101 3192 tundameuta
1123 3130 1269 3190 stabiliter
1293 3146 1356 3190 ser-

175 3240 254 3292 vare,
270 3240 305 3283 ec
326 3233 429 3283 verum
446 3224 611 3298 utilemque
624 3225 777 3283 civilitatis
794 3239 989 3300 progressum
1005 3225 1123 3283 efficere
1139 3238 1175 3281 ao
1194 3223 1353 3292 moderari,

176 3322 206 3374 et
220 3330 254 3374 ea
269 3315 371 3374 omnia
384 3314 559 3374 bominibus
574 3315 705 3388 praebere
718 3315 858 3374 subsidia
876 3331 943 3390 quae
959 3317 995 3374 ad
1015 3315 1154 3374 ultimum
1171 3329 1262 3374 suum
1285 3320 1355 3386 post

176 3405 310 3466 mortalis
323 3405 450 3480 hujusce
464 3406 532 3468 vitre
547 3406 706 3464 stationem
722 3405 812 3464 finem
830 3391 1066 3480 assequendum,
1082 3405 1197 3462 scilicet
1210 3403 1247 3462 ad
1269 3409 1354 3462 aeter-

176 3509 246 3552 nam
261 3496 389 3554 salutern
405 3493 608 3564 obtinendam,
624 3501 697 3554 sunt
711 3495 891 3552 necessaria.
906 3498 940 3554 Et
955 3509 1029 3553 saue
1047 3495 1197 3552 institutio
1212 3507 1279 3568 quae
1292 3507 1353 3552 non

176 3584 275 3642 solum
290 3598 391 3642 rerum
407 3584 553 3642 duntaxat
567 3583 749 3643 naturalium
762 3583 931 3655 scientiam,
947 3599 981 3642 ac
997 3589 1122 3642 terrenae
1144 3582 1266 3642 socialis
1285 3584 1354 3642 vita

112 3703 115 3708 ·
176 3673 253 3732 lines
275 3679 400 3746 spectat,
424 3687 528 3730 verum
550 3674 641 3732 etiam
664 3689 681 3732 a
703 3673 880 3732 veritatibus
902 3677 997 3732 aueo
1017 3673 1156 3732 revelatis
1177 3671 1303 3742 decedit,
1322 3672 1352 3730 in

177 3763 288 3821 erroris
317 3763 524 3835 mendaciique
555 3763 694 3837 spiritum
719 3762 892 3836 prolabatur
913 3767 1042 3835 oportet,
1073 3768 1102 3820 et
1130 3760 1266 3820 educatio
1286 3775 1353 3834 quae

177 3851 244 3909 sine
254 3851 425 3910 christianae
440 3851 584 3911 doctrinae
600 3866 777 3924 morumque
796 3852 964 3925 disciplina
978 3851 1091 3909 auxilio
1105 3857 1223 3910 teneras
1236 3849 1354 3908 adoles-

176 3943 309 4001 centium
324 3947 450 4012 mentes,
465 3957 629 4016 eorumque
644 3957 730 4001 cerea
746 3943 778 3999 in
801 3941 908 3999 vitium
926 3941 1008 4004 ,llecti
1023 3941 1114 3999 corda
1127 3941 1278 4009 informat,
1294 3954 1353 3996 non

177 4037 276 4104 potest
288 4047 348 4090 non
359 4034 646 4108 parcreprogeniem
657 4033 834 4106 quaepmvis
845 4029 1256 4106 cupiditatibuspropriisqua
1267 4029 1356 4086 ratio·

179 4121 271 4180 uibus
284 4127 400 4180 tantum
416 4127 550 4194 permota
560 4128 589 4181 et
603 4122 744 4195 impulsa,
760 4123 907 4180 maximas
921 4127 985 4181 tunt
1003 4121 1128 4195 privatis
1142 4120 1275 4192 familiis,
1291 4126 1356 4177 tum

177 4211 361 4288 reipublicae,
376 4211 462 4270 allent
475 4213 670 4270 calamitates

213 4307 345 4372 atvero,
362 4316 430 4361 cum
443 4303 618 4375 hujusmodi
633 4302 893 4376 perniciosissima
905 4301 1030 4360 docendi
1041 4302 1118 4360 ratio
1130 4302 1268 4378 sejuncta
1280 4313 1355 4358 aca-

178 4389 288 4448 tbolica
300 4390 358 4448 tide
373 4399 402 4448 et
415 4390 452 4449 ab'
467 4392 605 4450 Ecclesia
620 4397 766 4464 potestate
784 4393 916 4450 maximo
931 4393 971 4450 sit
985 4390 1159 4448 bominibus
1178 4395 1207 4447 et
1220 4389 1355 4447 societati

177 4481 298 4550 damno,
314 4479 384 4538 dum
401 4481 500 4555 agitur
514 4480 551 4538 de
565 4481 672 4540 litteris
688 4481 949 4554 sanctioribusque
963 4479 1134 4553 disciplinis
1149 4477 1304 4536 tradendis
1320 4493 1356 4536 ac

178 4570 215 4627 de
228 4569 404 4628 educatione
419 4570 551 4630 curanda
572 4573 602 4630 in
621 4571 734 4632 sobolis
753 4571 945 4646 publicisque
958 4571 1186 4642 institutisque
1201 4567 1355 4625 honestio-

178 4660 265 4718 ribus
280 4661 432 4721 sooietatis
447 4662 598 4722 classibus
614 4667 687 4721 sunt
703 4663 862 4733 destinata,
877 4662 983 4734 ecquis
1004 4674 1064 4718 non
1083 4659 1165 4717 videt
1180 4657 1275 4716 multo
1290 4671 1356 4731 gra·

122 4741 124 4750 '
181 4748 263 4812 viora
276 4749 354 4814 mala
370 4755 399 4807 et
418 4749 526 4814 darona
543 4765 579 4808 ex
593 4750 648 4814 ltac
668 4749 807 4815 metbodo
825 4749 970 4820 derivare,
989 4749 1017 4810 si
1032 4747 1134 4810 eadem
1148 4748 1180 4805 in
1195 4745 1355 4819 populares
