3388 5582
385 537 447 604 656
848 559 899 608 tus
921 559 1102 607 canonicum.

421 681 488 734 ilaec
503 677 653 748 volumus,
668 678 832 738 statuimus
848 693 883 736 ac
898 679 1089 746 mandamus
1104 677 1301 736 decernentes
1314 677 1371 735 has
1390 685 1508 737 nostras
1518 679 1558 735 iit-

384 772 477 835 teras,
494 773 524 824 et
537 767 639 824 omnia
661 767 692 824 in
711 767 756 824 eis
772 771 913 825 contenta
926 767 1010 826 nullo
1031 781 1164 842 unquam
1186 773 1319 839 tempore
1338 782 1357 826 a
1376 769 1495 826 nemine
1514 783 1559 824 eu-

383 857 494 930 jusque
509 857 692 914 conditionis
708 861 738 914 et
751 857 909 929 dignitatis
926 859 1016 915 etiarn
1031 857 1197 930 imperialis
1216 863 1246 914 et
1265 857 1368 930 regie,
1387 857 1446 915 sub
1460 859 1560 930 qnoris
1651 887 1652 890 =

387 947 484 1018 titulo,
500 947 736 1019 quesitocolore
751 961 786 1006 aa
805 953 955 1018 praetenso
970 953 1000 1006 et
1018 955 1134 1006 asserto
1156 948 1322 1022 privilegio,
1344 947 1425 1020 quod
1445 949 1472 1006 si
1493 948 1560 1005 torte

386 1039 437 1106 sit,
452 1051 610 1096 cassamus
628 1043 659 1095 et
677 1037 884 1106 annullamus,
908 1037 1048 1112 infringi,
1071 1039 1253 1114 impugnari,
1277 1039 1323 1096 rei
1343 1039 1373 1095 in
1396 1027 1561 1096 controver-

386 1129 463 1186 siam
485 1129 617 1186 revocari
643 1140 745 1200 posse,
769 1127 822 1186 sed
839 1141 958 1200 semper
971 1127 1075 1186 lirmas
1097 1133 1127 1185 et
1145 1127 1283 1186 efficaces
1302 1127 1432 1187 existere
1451 1135 1479 1185 et
1494 1129 1560 1189 lore.

386 1231 521 1290 suosque
530 1217 682 1290 plenarios
695 1224 723 1275 et
734 1219 869 1292 integros
880 1217 1005 1276 allectus
1019 1233 1139 1292 semper
1147 1217 1248 1278 sortiri
1261 1225 1291 1276 et
1300 1217 1437 1277 obtinere
1446 1219 1560 1277 debere:

387 1323 447 1366 non
472 1305 664 1366 obstantibus
690 1307 868 1378 apostolicis
896 1307 1088 1379 generalibus
1107 1309 1153 1366 rel
1175 1307 1359 1380 specialibus
1378 1309 1562 1366 constitutio

387 1396 479 1454 nibus
494 1401 525 1454 et
539 1395 795 1466 ordinationibus,
808 1411 843 1456 ac
858 1399 1018 1456 nostriset
1039 1397 1230 1456 cancellarie
1251 1399 1425 1472 apostolieae
1442 1397 1562 1472 regulis,

387 1487 553 1560 prasertim
580 1485 616 1544 dc
638 1486 713 1558 jare
735 1488 861 1562 quaesito
888 1502 948 1546 raon
977 1486 1115 1556 tollendo,
1135 1487 1312 1560 caeterisque
1333 1489 1423 1546 etiarn
1448 1486 1563 1560 speciali

387 1577 539 1635 mentione
549 1577 653 1650 dignis
666 1579 829 1636 contrariis
844 1577 1097 1650 quibuscumque.

422 1666 568 1725 Volumus
581 1673 693 1734 autem
709 1674 742 1726 ut
756 1667 834 1726 lacta
847 1667 954 1726 barum
968 1668 1134 1726 litterarum
1148 1668 1362 1741 publicatione,
1385 1684 1437 1740 per
1450 1667 1561 1726 allisio·

387 1767 456 1811 nem
470 1759 729 1826 transumptorum
739 1754 885 1814 adrairas
899 1755 1096 1814 basilicarum
1107 1756 1206 1826 tirbis,
1215 1756 1443 1830 omnesnbique
1454 1757 1560 1817 lideies,

386 1844 424 1903 ad
438 1859 516 1917 quoe
526 1849 651 1916 spectat,
661 1845 726 1916 uui,
741 1845 1026 1918 quomodocumque
1044 1847 1184 1906 noverint
1200 1861 1263 1916 eas,
1279 1853 1368 1919 prout
1381 1847 1496 1906 dictum
1510 1851 1561 1914 est,

387 1939 488 1993 liornaa
506 1935 603 1994 luisse
617 1934 836 2009 promulgatas,
855 1934 893 1994 ad
908 1950 1011 1994 aarum
1028 1937 1278 2009 exaequationem
1293 1937 1417 2010 perinde
1435 1937 1561 1996 obstrin-

386 2031 508 2097 guntur,
523 2025 598 2083 acsi
615 2023 813 2096 personaliter
827 2023 959 2099 singulis
979 2025 1139 2084 notificatae
1157 2026 1300 2086 tuissent.

425 2115 569 2172 Volumus
579 2115 701 2186 pariter,
722 2121 757 2171 nt
770 2115 943 2173 earumdem
960 2115 1153 2186 praesentium
1173 2116 1340 2175 litterarum
1356 2117 1558 2190 transumptis.

386 2219 439 2262 sen
455 2203 602 2275 exemplis
616 2203 707 2260 etiem
717 2203 889 2275 impressis,
899 2218 992 2262 manu
1005 2211 1106 2263 tamen
1115 2205 1245 2279 alicuius
1256 2207 1365 2264 notarii
1377 2207 1488 2279 publici
1500 2203 1562 2263 sub

387 2294 512 2365 scriptis
522 2296 553 2349 el
566 2292 669 2365 sigilio
682 2305 818 2365 persone
830 2295 860 2350 in
872 2293 1077 2352 ecclesiastica
1087 2294 1235 2367 dignitate
1249 2297 1421 2354 constituta}
1430 2297 1560 2358 relinitis,

334 2417 341 2433 .
386 2381 489 2438 eadem
509 2394 635 2453 prorsus
660 2380 736 2440 fides
754 2380 866 2454 ubique
890 2382 1025 2440 locorum
1045 2383 1204 2454 babantur,
1220 2399 1288 2458 quae
1311 2385 1471 2444 baberetur
1491 2385 1560 2458 ipsis

386 2471 598 2543 presentibus,
615 2470 642 2529 si
657 2469 757 2528 lorent
769 2470 909 2528 erbibiiae
923 2471 969 2528 rei
984 2477 1125 2531 ostensa.

419 2561 583 2634 liutberga
599 2560 722 2618 omnino
747 2560 904 2618 hominurn
920 2561 1009 2619 liceat
1024 2563 1164 2636 paginam
1180 2561 1258 2623 bano
1273 2570 1447 2622 nostrorum
1469 2561 1560 2621 decia·

386 2649 523 2717 rationis,
540 2649 713 2718 decisionis,
727 2649 955 2714 annullationis,
971 2651 1159 2718 irritationis
1180 2653 1295 2722 stalrrtl,
1312 2653 1463 2725 praeoepti,
1484 2666 1559 2709 man·

386 2739 447 2797 dati
462 2744 492 2796 et
506 2738 670 2797 voluntatis
685 2739 862 2812 infringere,
886 2739 932 2798 vel
947 2741 973 2797 ei
998 2755 1075 2798 ausu
1091 2744 1250 2800 temerario
1265 2743 1425 2800 contraire.
1452 2743 1481 2799 si
1496 2743 1559 2814 quis

385 2843 455 2886 vero
471 2829 527 2886 boc
547 2835 693 2888 attentare
706 2830 943 2902 presumpserit,
959 2830 1198 2904 indignationem
1222 2832 1438 2904 omnipotentis
1463 2833 1512 2890 Dei
1535 2835 1558 2886 et

386 2919 540 2978 beatorum
556 2920 633 2978 Petri
648 2925 678 2978 et
693 2921 775 2978 Pauli
789 2921 1001 2992 Apostolorum
1016 2922 1083 2995 ejus
1099 2937 1133 2982 se
1150 2921 1266 2980 noverit
1280 2922 1488 2981 incursurum.

423 3016 530 3071 batum
545 3016 656 3084 ilornae,
672 3013 752 3086 apud
767 3017 908 3072 Sanctum
925 3017 1056 3085 Petrum,
1067 3029 1147 3074 anno
1170 3017 1387 3075 incarnationis
1402 3016 1558 3074 Dominicae

386 3103 547 3160 millesimo
562 3103 814 3175 octingentesimo
829 3105 1056 3179 septuagesimo
1086 3108 1185 3175 tertio,
1209 3107 1315 3180 quinto
1330 3106 1475 3166 kalendas
1500 3119 1558 3175 sep·

386 3189 525 3258 lambris
542 3190 734 3262 pontificatus
748 3193 843 3249 nostri
859 3207 939 3251 anno
953 3195 1101 3269 vigesimo
1115 3201 1230 3252 octavo.

1113 3323 1142 3376 l'.
1159 3319 1243 3378 Card.
1261 3323 1420 3384 saculares.

387 3539 545 3592 lienum
575 3553 661 3605 quae
690 3542 819 3596 instinc
848 3543 1082 3596 'rudentium
1111 3544 1289 3598 condilum
1315 3557 1393 3595 eum
1424 3541 1558 3609 adjectis

766 3627 807 3676 ab
826 3639 865 3678 eo
881 3627 1179 3680 nsewauontbua.

433 3773 464 3824 lie
483 3776 659 3839 usurpatoribus
678 3791 876 3842 quorumcumque
895 3777 1006 3828 bonorum
1025 3777 1237 3830 ecclesiasticorum
1255 3781 1295 3828 aul
1313 3777 1401 3842 jurium
1420 3789 1517 3840 quornm

508 3847 716 3898 excommunicatio
733 3851 768 3898 est
784 3849 887 3898 Romano
903 3848 1009 3899 Pontifici
1024 3864 1037 3900 a
1051 3849 1151 3901 coneilio
1165 3849 1299 3901 Tridentino
1314 3853 1438 3899 reservata.

423 3974 505 4030 Sess.
520 3976 567 4043 22,
581 3990 606 4031 c.
632 3980 676 4045 li,
690 3976 725 4034 de
745 3977 874 4050 Reform.
893 4001 907 4028 a
924 3980 953 4036 Si
969 3995 1058 4053 quern
1074 3980 1252 4039 clericorum
1269 3979 1316 4036 vei
1331 3979 1476 4038 laicorum
1494 3991 1558 4050 qua·

386 4074 514 4133 cumque
543 4063 569 4119 is
598 4063 753 4136 dignitate,
780 4067 869 4123 etiarn
891 4065 1037 4139 imperiali
1058 4073 1111 4126 aut
1129 4069 1234 4142 regali,
1248 4069 1433 4142 praefulgeat,
1449 4069 1481 4125 in
1500 4074 1557 4124 tan·

385 4156 449 4207 turn
459 4151 607 4209 maiorum
621 4155 756 4211 omnium
773 4154 858 4212 radix
872 4156 1022 4228 cupiditas
1036 4159 1237 4231 occupaverit,
1251 4164 1284 4216 ut
1294 4157 1557 4232 alicujusecciesie

385 4255 440 4296 seu
472 4241 608 4313 cujusvis
636 4243 792 4301 saecularis
825 4243 871 4300 rel
900 4246 1048 4319 regularis
1076 4248 1232 4318 benelioii,
1254 4247 1403 4306 montium
1427 4246 1557 4320 piatatis.

384 4330 575 4403 aliorumque
591 4332 709 4405 piorum
725 4333 860 4390 iocorum
872 4335 1112 4408 jurisdictiones,
1127 4339 1217 4407 bona,
1233 4338 1462 4410 censusacjura
1477 4338 1556 4401 eiiall

386 4419 517 4479 feudalia
549 4427 578 4478 et
605 4422 840 4495 emphyteutica,
868 4425 1004 4495 tructus,
1027 4427 1245 4496 emolumenta,
1272 4443 1326 4486 seu
1360 4437 1556 4501 quascumque

386 4509 593 4580 obventiones
609 4525 677 4584 quae
701 4513 731 4569 in
755 4513 964 4572 ministrorum
986 4521 1016 4572 et
1036 4531 1202 4590 pauperum
1219 4519 1415 4578 necessitates
1432 4513 1556 4577 converti

385 4600 504 4671 debent,
522 4617 573 4674 per
587 4617 619 4660 sa
633 4602 681 4662 val
705 4603 795 4673 aiios,
811 4605 839 4660 vi
853 4606 899 4662 vol
925 4607 1030 4665 timore
1057 4611 1193 4680 incusso,
1210 4625 1264 4669 seu
1280 4611 1369 4669 etiarn
1385 4626 1438 4683 per
1457 4619 1556 4682 supper

386 4692 460 4748 sitas
489 4707 634 4763 personas
663 4694 839 4752 clericorum
869 4702 921 4753 aut
945 4696 1101 4770 laicorum,
1124 4715 1179 4758 seu
1208 4715 1400 4774 quacumque
1428 4707 1488 4759 arte
1511 4701 1555 4755 aul
