<?xml version="1.0" encoding="UTF-8"?>
<!DOCTYPE html PUBLIC "-//W3C//DTD XHTML 1.0 Transitional//EN"
    "http://www.w3.org/TR/xhtml1/DTD/xhtml1-transitional.dtd">
<html xmlns="http://www.w3.org/1999/xhtml" xml:lang="en" lang="en">
 <head>
  <title>
</title>
<meta http-equiv="Content-Type" content="text/html;charset=utf-8" />
  <meta name='ocr-system' content='tesseract 3.04.00' />
  <meta name='ocr-capabilities' content='ocr_page ocr_carea ocr_par ocr_line ocrx_word'/>
</head>
<body>
  <div class='ocr_page' id='page_1' title='image "./juscanonicumjux01grangoog/juscanonicumjux01grangoog_0158.png"; bbox 0 0 3514 5564; ppageno 0'>
   <div class='ocr_carea' id='block_1_1' title="bbox 392 607 1098 674">
    <p class='ocr_par' dir='ltr' id='par_1_1' title="bbox 392 607 1098 674">
     <span class='ocr_line' id='line_1_1' title="bbox 392 607 1098 674; baseline 0.003 -3"><span class='ocrx_word' id='word_1_1' title='bbox 392 607 450 672; x_wconf 85' lang='grc'>118</span> <span class='ocrx_word' id='word_1_2' title='bbox 846 627 898 674; x_wconf 84' lang='lat' dir='ltr'>sos</span> <span class='ocrx_word' id='word_1_3' title='bbox 918 628 1098 674; x_wconf 78' lang='grc'><strong>1111111111.</strong></span> 
     </span>
    </p>
   </div>
   <div class='ocr_carea' id='block_1_2' title="bbox 306 741 1564 1694">
    <p class='ocr_par' dir='ltr' id='par_1_2' title="bbox 306 741 1564 1694">
     <span class='ocr_line' id='line_1_2' title="bbox 390 741 1561 828; baseline 0 -22"><span class='ocrx_word' id='word_1_4' title='bbox 390 745 476 808; x_wconf 85' lang='lat' dir='ltr'><strong>Sunt</strong></span> <span class='ocrx_word' id='word_1_5' title='bbox 489 747 605 808; x_wconf 89' lang='lat' dir='ltr'>autem</span> <span class='ocrx_word' id='word_1_6' title='bbox 625 741 685 806; x_wconf 89' lang='lat' dir='ltr'>lilii</span> <span class='ocrx_word' id='word_1_7' title='bbox 698 741 755 807; x_wconf 87' lang='lat' dir='ltr'>ulii</span> <span class='ocrx_word' id='word_1_8' title='bbox 767 743 849 819; x_wconf 83' lang='lat' dir='ltr'>aeri,</span> <span class='ocrx_word' id='word_1_9' title='bbox 866 761 928 809; x_wconf 87' lang='lat' dir='ltr'>seu</span> <span class='ocrx_word' id='word_1_10' title='bbox 941 744 1127 823; x_wconf 80' lang='lat' dir='ltr'><em>naturales,</em></span> <span class='ocrx_word' id='word_1_11' title='bbox 1145 744 1202 828; x_wconf 90' lang='lat' dir='ltr'>qui</span> <span class='ocrx_word' id='word_1_12' title='bbox 1224 761 1286 827; x_wconf 90' lang='lat' dir='ltr'>per</span> <span class='ocrx_word' id='word_1_13' title='bbox 1302 743 1561 825; x_wconf 74' lang='lat' dir='ltr'>generationem</span> 
     </span>
     <span class='ocr_line' id='line_1_3' title="bbox 306 848 1563 936; baseline -0.002 -20"><span class='ocrx_word' id='word_1_14' title='bbox 306 879 312 890; x_wconf 95' lang='lat'><em>·</em></span> <span class='ocrx_word' id='word_1_15' title='bbox 389 849 561 916; x_wconf 86' lang='lat' dir='ltr'>ournalem</span> <span class='ocrx_word' id='word_1_16' title='bbox 582 849 771 933; x_wconf 89' lang='lat' dir='ltr'>prooedunt</span> <span class='ocrx_word' id='word_1_17' title='bbox 785 869 793 914; x_wconf 93' lang='lat'><strong>:</strong></span> <span class='ocrx_word' id='word_1_18' title='bbox 807 848 863 916; x_wconf 86' lang='lat' dir='ltr'>alii</span> <span class='ocrx_word' id='word_1_19' title='bbox 885 853 968 934; x_wconf 76' lang='lat' dir='ltr'>ficti,</span> <span class='ocrx_word' id='word_1_20' title='bbox 985 869 1047 916; x_wconf 91' lang='lat' dir='ltr'>seu</span> <span class='ocrx_word' id='word_1_21' title='bbox 1071 850 1207 936; x_wconf 76' lang='lat' dir='ltr'>tepulae,</span> <span class='ocrx_word' id='word_1_22' title='bbox 1224 852 1318 935; x_wconf 87' lang='lat' dir='ltr'>quia</span> <span class='ocrx_word' id='word_1_23' title='bbox 1337 850 1414 932; x_wconf 90' lang='lat' dir='ltr'>lege</span> <span class='ocrx_word' id='word_1_24' title='bbox 1428 851 1563 932; x_wconf 85' lang='lat' dir='ltr'>fingun-</span> 
     </span>
     <span class='ocr_line' id='line_1_4' title="bbox 385 949 1563 1044; baseline 0 -22"><span class='ocrx_word' id='word_1_25' title='bbox 385 949 447 1024; x_wconf 91' lang='lat' dir='ltr'>tur</span> <span class='ocrx_word' id='word_1_26' title='bbox 462 977 550 1041; x_wconf 65' lang='lat' dir='ltr'>esse⁸</span> <span class='ocrx_word' id='word_1_27' title='bbox 561 959 669 1025; x_wconf 80' lang='lat' dir='ltr'>instar</span> <span class='ocrx_word' id='word_1_28' title='bbox 684 958 843 1038; x_wconf 83' lang='lat' dir='ltr'>illiorum,</span> <span class='ocrx_word' id='word_1_29' title='bbox 865 960 953 1026; x_wconf 89' lang='lat' dir='ltr'>siout</span> <span class='ocrx_word' id='word_1_30' title='bbox 970 959 1131 1043; x_wconf 78' lang='lat' dir='ltr'>adoptivi,</span> <span class='ocrx_word' id='word_1_31' title='bbox 1149 965 1184 1026; x_wconf 91' lang='lat' dir='ltr'>et</span> <span class='ocrx_word' id='word_1_32' title='bbox 1203 959 1395 1044; x_wconf 79' lang='lat' dir='ltr'>spirituales</span> <span class='ocrx_word' id='word_1_33' title='bbox 1419 979 1462 1024; x_wconf 85' lang='lat' dir='ltr'>ex</span> <span class='ocrx_word' id='word_1_34' title='bbox 1486 959 1563 1042; x_wconf 89' lang='lat' dir='ltr'>bap-</span> 
     </span>
     <span class='ocr_line' id='line_1_5' title="bbox 389 1067 1561 1151; baseline -0.001 -21"><span class='ocrx_word' id='word_1_35' title='bbox 389 1067 490 1132; x_wconf 85' lang='lat' dir='ltr'>tismo</span> <span class='ocrx_word' id='word_1_36' title='bbox 514 1070 574 1133; x_wconf 86' lang='lat' dir='ltr'>aut</span> <span class='ocrx_word' id='word_1_37' title='bbox 595 1067 865 1134; x_wconf 88' lang='lat' dir='ltr'>oonssrmatione.</span> <span class='ocrx_word' id='word_1_38' title='bbox 882 1068 915 1132; x_wconf 55' lang='grc' dir='ltr'>Ψ</span> <span class='ocrx_word' id='word_1_39' title='bbox 941 1067 1017 1132; x_wconf 87' lang='lat' dir='ltr'>Veri</span> <span class='ocrx_word' id='word_1_40' title='bbox 1030 1067 1087 1134; x_wconf 92' lang='lat' dir='ltr'>vel</span> <span class='ocrx_word' id='word_1_41' title='bbox 1109 1071 1190 1132; x_wconf 92' lang='lat' dir='ltr'>sunt</span> <span class='ocrx_word' id='word_1_42' title='bbox 1214 1067 1366 1151; x_wconf 69' lang='lat' dir='ltr'>legitimi,</span> <span class='ocrx_word' id='word_1_43' title='bbox 1391 1085 1452 1132; x_wconf 90' lang='lat' dir='ltr'>seu</span> <span class='ocrx_word' id='word_1_44' title='bbox 1462 1067 1561 1149; x_wconf 81' lang='lat' dir='ltr'>jruti,</span> 
     </span>
     <span class='ocr_line' id='line_1_6' title="bbox 390 1165 1563 1260; baseline 0.002 -22"><span class='ocrx_word' id='word_1_45' title='bbox 390 1175 448 1258; x_wconf 89' lang='lat' dir='ltr'>qui</span> <span class='ocrx_word' id='word_1_46' title='bbox 463 1193 506 1239; x_wconf 85' lang='lat' dir='ltr'>ex</span> <span class='ocrx_word' id='word_1_47' title='bbox 524 1175 627 1258; x_wconf 84' lang='lat' dir='ltr'>justis</span> <span class='ocrx_word' id='word_1_48' title='bbox 647 1175 774 1258; x_wconf 89' lang='lat' dir='ltr'>nuptiis</span> <span class='ocrx_word' id='word_1_49' title='bbox 796 1175 962 1258; x_wconf 86' lang='lat' dir='ltr'>proereati</span> <span class='ocrx_word' id='word_1_50' title='bbox 983 1181 1074 1253; x_wconf 91' lang='lat' dir='ltr'>sunt,</span> <span class='ocrx_word' id='word_1_51' title='bbox 1090 1165 1192 1260; x_wconf 85' lang='lat' dir='ltr'>atque</span> <span class='ocrx_word' id='word_1_52' title='bbox 1206 1176 1254 1240; x_wconf 93' lang='lat' dir='ltr'>ita</span> <span class='ocrx_word' id='word_1_53' title='bbox 1268 1193 1389 1241; x_wconf 87' lang='lat' dir='ltr'>eorum</span> <span class='ocrx_word' id='word_1_54' title='bbox 1403 1174 1563 1240; x_wconf 76' lang='lat' dir='ltr'>nativitas</span> 
     </span>
     <span class='ocr_line' id='line_1_7' title="bbox 389 1283 1563 1369; baseline -0.002 -21"><span class='ocrx_word' id='word_1_55' title='bbox 389 1283 596 1365; x_wconf 83' lang='lat' dir='ltr'>approbatur</span> <span class='ocrx_word' id='word_1_56' title='bbox 606 1283 709 1365; x_wconf 87' lang='lat' dir='ltr'>alege</span> <span class='ocrx_word' id='word_1_57' title='bbox 725 1303 786 1350; x_wconf 90' lang='lat' dir='ltr'>seu</span> <span class='ocrx_word' id='word_1_58' title='bbox 798 1287 876 1369; x_wconf 86' lang='lat' dir='ltr'>jure</span> <span class='ocrx_word' id='word_1_59' title='bbox 893 1305 901 1348; x_wconf 92' lang='lat'>:</span> <span class='ocrx_word' id='word_1_60' title='bbox 918 1283 974 1351; x_wconf 90' lang='lat' dir='ltr'>vel</span> <span class='ocrx_word' id='word_1_61' title='bbox 987 1285 1164 1369; x_wconf 73' lang='lat' dir='ltr'>illegitimi,</span> <span class='ocrx_word' id='word_1_62' title='bbox 1179 1285 1237 1368; x_wconf 87' lang='lat' dir='ltr'>qui</span> <span class='ocrx_word' id='word_1_63' title='bbox 1251 1289 1347 1350; x_wconf 82' lang='lat' dir='ltr'>extra</span> <span class='ocrx_word' id='word_1_64' title='bbox 1356 1287 1467 1367; x_wconf 87' lang='lat' dir='ltr'>justas</span> <span class='ocrx_word' id='word_1_65' title='bbox 1480 1301 1563 1365; x_wconf 84' lang='lat' dir='ltr'>nup</span> 
     </span>
     <span class='ocr_line' id='line_1_8' title="bbox 388 1389 1564 1477; baseline 0 -23"><span class='ocrx_word' id='word_1_66' title='bbox 388 1389 452 1456; x_wconf 88' lang='lat' dir='ltr'>tias</span> <span class='ocrx_word' id='word_1_67' title='bbox 466 1392 632 1474; x_wconf 76' lang='lat' dir='ltr'>procreati</span> <span class='ocrx_word' id='word_1_68' title='bbox 645 1397 736 1468; x_wconf 92' lang='lat' dir='ltr'>sunt,</span> <span class='ocrx_word' id='word_1_69' title='bbox 754 1393 908 1477; x_wconf 77' lang='lat' dir='ltr'>adeoque</span> <span class='ocrx_word' id='word_1_70' title='bbox 928 1410 1048 1458; x_wconf 92' lang='lat' dir='ltr'>eorum</span> <span class='ocrx_word' id='word_1_71' title='bbox 1060 1392 1221 1458; x_wconf 83' lang='lat' dir='ltr'>nativitas</span> <span class='ocrx_word' id='word_1_72' title='bbox 1236 1411 1305 1458; x_wconf 91' lang='lat' dir='ltr'>non</span> <span class='ocrx_word' id='word_1_73' title='bbox 1327 1392 1564 1476; x_wconf 86' lang='lat' dir='ltr'>approbetura</span> 
     </span>
     <span class='ocr_line' id='line_1_9' title="bbox 385 1499 1562 1587; baseline 0.002 -25"><span class='ocrx_word' id='word_1_74' title='bbox 385 1501 475 1581; x_wconf 85' lang='lat' dir='ltr'>jure.</span> <span class='ocrx_word' id='word_1_75' title='bbox 486 1499 527 1564; x_wconf 87' lang='lat' dir='ltr'>Et</span> <span class='ocrx_word' id='word_1_76' title='bbox 537 1499 573 1564; x_wconf 91' lang='lat' dir='ltr'>bi</span> <span class='ocrx_word' id='word_1_77' title='bbox 587 1500 786 1566; x_wconf 91' lang='lat' dir='ltr'>dividuntur</span> <span class='ocrx_word' id='word_1_78' title='bbox 795 1503 832 1566; x_wconf 92' lang='lat' dir='ltr'>in</span> <span class='ocrx_word' id='word_1_79' title='bbox 841 1503 1017 1568; x_wconf 79' lang='lat' dir='ltr'>naturales</span> <span class='ocrx_word' id='word_1_80' title='bbox 1031 1505 1165 1567; x_wconf 88' lang='lat' dir='ltr'>tantum</span> <span class='ocrx_word' id='word_1_81' title='bbox 1174 1502 1347 1587; x_wconf 87' lang='lat' dir='ltr'>etspurios</span> <span class='ocrx_word' id='word_1_82' title='bbox 1357 1520 1368 1566; x_wconf 90' lang='lat'><em>:</em></span> <span class='ocrx_word' id='word_1_83' title='bbox 1377 1499 1562 1578; x_wconf 80' lang='lat' dir='ltr'>naturales,</span> 
     </span>
     <span class='ocr_line' id='line_1_10' title="bbox 388 1608 1564 1694; baseline 0 -23"><span class='ocrx_word' id='word_1_84' title='bbox 388 1625 448 1672; x_wconf 88' lang='lat' dir='ltr'>seu</span> <span class='ocrx_word' id='word_1_85' title='bbox 465 1608 628 1688; x_wconf 83' lang='lat' dir='ltr'>bastardi,</span> <span class='ocrx_word' id='word_1_86' title='bbox 654 1615 736 1674; x_wconf 91' lang='lat' dir='ltr'>sunt</span> <span class='ocrx_word' id='word_1_87' title='bbox 750 1611 807 1694; x_wconf 84' lang='lat' dir='ltr'>qui</span> <span class='ocrx_word' id='word_1_88' title='bbox 833 1616 1022 1680; x_wconf 82' lang='lat' dir='ltr'>naseuntur</span> <span class='ocrx_word' id='word_1_89' title='bbox 1041 1629 1084 1678; x_wconf 83' lang='lat' dir='ltr'>ex</span> <span class='ocrx_word' id='word_1_90' title='bbox 1102 1611 1301 1694; x_wconf 88' lang='lat' dir='ltr'>parentibus</span> <span class='ocrx_word' id='word_1_91' title='bbox 1320 1609 1451 1685; x_wconf 87' lang='lat' dir='ltr'>solutis,</span> <span class='ocrx_word' id='word_1_92' title='bbox 1474 1609 1564 1672; x_wconf 90' lang='lat' dir='ltr'>inter</span> 
     </span>
    </p>
   </div>
   <div class='ocr_carea' id='block_1_3' title="bbox 389 1718 1703 1810">
    <p class='ocr_par' dir='ltr' id='par_1_3' title="bbox 389 1718 1703 1810">
     <span class='ocr_line' id='line_1_11' title="bbox 389 1718 1703 1810; baseline -0.002 -28"><span class='ocrx_word' id='word_1_93' title='bbox 389 1733 475 1799; x_wconf 85' lang='lat' dir='ltr'>quoe</span> <span class='ocrx_word' id='word_1_94' title='bbox 495 1718 753 1783; x_wconf 88' lang='lat' dir='ltr'>matrimonium</span> <span class='ocrx_word' id='word_1_95' title='bbox 766 1720 949 1786; x_wconf 88' lang='lat' dir='ltr'>oonsistere</span> <span class='ocrx_word' id='word_1_96' title='bbox 964 1721 1089 1803; x_wconf 89' lang='lat' dir='ltr'>potuit;</span> <span class='ocrx_word' id='word_1_97' title='bbox 1110 1721 1227 1803; x_wconf 84' lang='lat' dir='ltr'>spurii,</span> <span class='ocrx_word' id='word_1_98' title='bbox 1245 1718 1303 1804; x_wconf 88' lang='lat' dir='ltr'>qui</span> <span class='ocrx_word' id='word_1_99' title='bbox 1317 1721 1506 1784; x_wconf 85' lang='lat' dir='ltr'>naseuntur</span> <span class='ocrx_word' id='word_1_100' title='bbox 1520 1734 1563 1780; x_wconf 82' lang='lat' dir='ltr'>ex</span> <span class='ocrx_word' id='word_1_101' title='bbox 1693 1803 1703 1810; x_wconf 21' lang='grc' dir='ltr'>ἱ</span> 
     </span>
    </p>
   </div>
   <div class='ocr_carea' id='block_1_4' title="bbox 364 1825 1564 3517">
    <p class='ocr_par' dir='ltr' id='par_1_4' title="bbox 364 1825 1564 3517">
     <span class='ocr_line' id='line_1_12' title="bbox 387 1825 1561 1910; baseline -0.001 -22"><span class='ocrx_word' id='word_1_102' title='bbox 387 1825 585 1906; x_wconf 89' lang='lat' dir='ltr'>parentibus</span> <span class='ocrx_word' id='word_1_103' title='bbox 603 1825 693 1892; x_wconf 89' lang='lat' dir='ltr'>inter</span> <span class='ocrx_word' id='word_1_104' title='bbox 706 1845 792 1910; x_wconf 87' lang='lat' dir='ltr'>quos</span> <span class='ocrx_word' id='word_1_105' title='bbox 813 1830 1070 1894; x_wconf 89' lang='lat' dir='ltr'>matrimonium</span> <span class='ocrx_word' id='word_1_106' title='bbox 1085 1830 1271 1894; x_wconf 74' lang='lat' dir='ltr'>consistere</span> <span class='ocrx_word' id='word_1_107' title='bbox 1290 1845 1361 1892; x_wconf 93' lang='lat' dir='ltr'>non</span> <span class='ocrx_word' id='word_1_108' title='bbox 1374 1827 1495 1910; x_wconf 89' lang='lat' dir='ltr'>potuit,</span> <span class='ocrx_word' id='word_1_109' title='bbox 1513 1825 1561 1888; x_wconf 90' lang='lat' dir='ltr'>uti</span> 
     </span>
     <span class='ocr_line' id='line_1_13' title="bbox 387 1933 1561 2024; baseline -0.002 -26"><span class='ocrx_word' id='word_1_110' title='bbox 387 1938 469 1998; x_wconf 88' lang='lat' dir='ltr'>sunt</span> <span class='ocrx_word' id='word_1_111' title='bbox 494 1933 689 2016; x_wconf 82' lang='lat' dir='ltr'>adulterini,</span> <span class='ocrx_word' id='word_1_112' title='bbox 711 1955 754 2000; x_wconf 81' lang='lat' dir='ltr'>ex</span> <span class='ocrx_word' id='word_1_113' title='bbox 782 1936 967 2015; x_wconf 68' lang='lat' dir='ltr'>adulterim</span> <span class='ocrx_word' id='word_1_114' title='bbox 992 1939 1158 2024; x_wconf 71' lang='lat' dir='ltr'>sacrilegi,</span> <span class='ocrx_word' id='word_1_115' title='bbox 1179 1957 1221 2002; x_wconf 85' lang='lat' dir='ltr'>ex</span> <span class='ocrx_word' id='word_1_116' title='bbox 1248 1935 1369 2021; x_wconf 91' lang='lat' dir='ltr'>oopula</span> <span class='ocrx_word' id='word_1_117' title='bbox 1397 1933 1561 2014; x_wconf 78' lang='lat' dir='ltr'>sacrilega</span> 
     </span>
     <span class='ocr_line' id='line_1_14' title="bbox 387 2041 1563 2126; baseline 0.002 -21"><span class='ocrx_word' id='word_1_118' title='bbox 387 2041 536 2123; x_wconf 74' lang='lat' dir='ltr'>religiosi</span> <span class='ocrx_word' id='word_1_119' title='bbox 551 2049 611 2109; x_wconf 87' lang='lat' dir='ltr'>aut</span> <span class='ocrx_word' id='word_1_120' title='bbox 623 2043 791 2126; x_wconf 85' lang='lat' dir='ltr'>religiosae</span> <span class='ocrx_word' id='word_1_121' title='bbox 812 2046 985 2122; x_wconf 90' lang='lat' dir='ltr'>monialis;</span> <span class='ocrx_word' id='word_1_122' title='bbox 1004 2047 1193 2126; x_wconf 78' lang='lat' dir='ltr'>incestuosi,</span> <span class='ocrx_word' id='word_1_123' title='bbox 1215 2065 1259 2110; x_wconf 88' lang='lat' dir='ltr'>ex</span> <span class='ocrx_word' id='word_1_124' title='bbox 1273 2045 1405 2110; x_wconf 89' lang='lat' dir='ltr'>inoestu</span> <span class='ocrx_word' id='word_1_125' title='bbox 1419 2061 1563 2108; x_wconf 91' lang='lat' dir='ltr'>oonsan·</span> 
     </span>
     <span class='ocr_line' id='line_1_15' title="bbox 386 2150 1563 2237; baseline 0.001 -23"><span class='ocrx_word' id='word_1_126' title='bbox 386 2151 591 2232; x_wconf 90' lang='lat' dir='ltr'>guineorum</span> <span class='ocrx_word' id='word_1_127' title='bbox 610 2150 666 2218; x_wconf 89' lang='lat' dir='ltr'>vel</span> <span class='ocrx_word' id='word_1_128' title='bbox 685 2153 857 2230; x_wconf 87' lang='lat' dir='ltr'>aissnium;</span> <span class='ocrx_word' id='word_1_129' title='bbox 877 2155 1017 2237; x_wconf 75' lang='lat' dir='ltr'>nefarii,</span> <span class='ocrx_word' id='word_1_130' title='bbox 1035 2173 1079 2218; x_wconf 87' lang='lat' dir='ltr'>ex</span> <span class='ocrx_word' id='word_1_131' title='bbox 1093 2152 1355 2218; x_wconf 82' lang='lat' dir='ltr'>ascendentibus</span> <span class='ocrx_word' id='word_1_132' title='bbox 1370 2157 1406 2218; x_wconf 91' lang='lat' dir='ltr'>et</span> <span class='ocrx_word' id='word_1_133' title='bbox 1423 2151 1563 2216; x_wconf 88' lang='lat' dir='ltr'>deseen—</span> 
     </span>
     <span class='ocr_line' id='line_1_16' title="bbox 387 2256 1563 2346; baseline 0.001 -24"><span class='ocrx_word' id='word_1_134' title='bbox 387 2256 545 2322; x_wconf 89' lang='lat' dir='ltr'>dentibus</span> <span class='ocrx_word' id='word_1_135' title='bbox 559 2261 729 2344; x_wconf 79' lang='lat' dir='ltr'>progeniti</span> <span class='ocrx_word' id='word_1_136' title='bbox 745 2263 770 2342; x_wconf 83' lang='lat'>(§</span> <span class='ocrx_word' id='word_1_137' title='bbox 786 2262 803 2326; x_wconf 98' lang='grc'>1</span> <span class='ocrx_word' id='word_1_138' title='bbox 819 2260 900 2326; x_wconf 88' lang='lat' dir='ltr'>lust.</span> <span class='ocrx_word' id='word_1_139' title='bbox 924 2261 966 2325; x_wconf 84' lang='lat' dir='ltr'>de</span> <span class='ocrx_word' id='word_1_140' title='bbox 980 2261 1085 2346; x_wconf 84' lang='lat' dir='ltr'>Nupt.</span> <span class='ocrx_word' id='word_1_141' title='bbox 1102 2260 1211 2341; x_wconf 74' lang='lat' dir='ltr'>autb,</span> <span class='ocrx_word' id='word_1_142' title='bbox 1228 2279 1271 2324; x_wconf 84' lang='lat' dir='ltr'>ex</span> <span class='ocrx_word' id='word_1_143' title='bbox 1284 2259 1465 2344; x_wconf 82' lang='lat' dir='ltr'>complexu</span> <span class='ocrx_word' id='word_1_144' title='bbox 1477 2277 1505 2324; x_wconf 88' lang='lat' dir='ltr'>o.</span> <span class='ocrx_word' id='word_1_145' title='bbox 1521 2259 1563 2323; x_wconf 83' lang='lat' dir='ltr'>de</span> 
     </span>
     <span class='ocr_line' id='line_1_17' title="bbox 384 2365 1562 2454; baseline -0.001 -22"><span class='ocrx_word' id='word_1_146' title='bbox 384 2366 641 2454; x_wconf 65' lang='lat' dir='ltr'>inaestuant).</span> <span class='ocrx_word' id='word_1_147' title='bbox 667 2370 777 2436; x_wconf 84' lang='lat' dir='ltr'>Geniti</span> <span class='ocrx_word' id='word_1_148' title='bbox 800 2369 986 2436; x_wconf 75' lang='lat' dir='ltr'>exoterica</span> <span class='ocrx_word' id='word_1_149' title='bbox 1008 2371 1044 2438; x_wconf 92' lang='lat' dir='ltr'>in</span> <span class='ocrx_word' id='word_1_150' title='bbox 1065 2370 1169 2434; x_wconf 75' lang='lat' dir='ltr'>saona</span> <span class='ocrx_word' id='word_1_151' title='bbox 1192 2369 1378 2434; x_wconf 89' lang='lat' dir='ltr'>eonstituto</span> <span class='ocrx_word' id='word_1_152' title='bbox 1394 2372 1429 2432; x_wconf 88' lang='lat' dir='ltr'>et</span> <span class='ocrx_word' id='word_1_153' title='bbox 1450 2365 1562 2432; x_wconf 94' lang='lat' dir='ltr'>soluto</span> 
     </span>
     <span class='ocr_line' id='line_1_18' title="bbox 385 2475 1563 2560; baseline -0.002 -21"><span class='ocrx_word' id='word_1_154' title='bbox 385 2477 592 2560; x_wconf 86' lang='lat' dir='ltr'>probabilius</span> <span class='ocrx_word' id='word_1_155' title='bbox 620 2479 710 2544; x_wconf 89' lang='lat' dir='ltr'>inter</span> <span class='ocrx_word' id='word_1_156' title='bbox 735 2478 873 2560; x_wconf 88' lang='lat' dir='ltr'>spurios</span> <span class='ocrx_word' id='word_1_157' title='bbox 903 2477 1085 2559; x_wconf 79' lang='lat' dir='ltr'>sacrilegos</span> <span class='ocrx_word' id='word_1_158' title='bbox 1111 2475 1282 2542; x_wconf 79' lang='lat' dir='ltr'>referendi</span> <span class='ocrx_word' id='word_1_159' title='bbox 1308 2479 1399 2550; x_wconf 88' lang='lat' dir='ltr'>sunt,</span> <span class='ocrx_word' id='word_1_160' title='bbox 1426 2480 1563 2558; x_wconf 90' lang='lat' dir='ltr'>propter</span> 
     </span>
     <span class='ocr_line' id='line_1_19' title="bbox 387 2578 1563 2661; baseline -0.005 -13"><span class='ocrx_word' id='word_1_161' title='bbox 387 2588 507 2649; x_wconf 91' lang='lat' dir='ltr'>votum</span> <span class='ocrx_word' id='word_1_162' title='bbox 531 2585 684 2651; x_wconf 88' lang='lat' dir='ltr'>solemne</span> <span class='ocrx_word' id='word_1_163' title='bbox 709 2584 885 2661; x_wconf 85' lang='lat' dir='ltr'>eastitatis,</span> <span class='ocrx_word' id='word_1_164' title='bbox 902 2583 982 2649; x_wconf 88' lang='lat' dir='ltr'>lieet</span> <span class='ocrx_word' id='word_1_165' title='bbox 1004 2584 1160 2650; x_wconf 83' lang='lat' dir='ltr'>dieantur</span> <span class='ocrx_word' id='word_1_166' title='bbox 1181 2602 1224 2648; x_wconf 86' lang='lat' dir='ltr'>ex</span> <span class='ocrx_word' id='word_1_167' title='bbox 1246 2583 1469 2648; x_wconf 78' lang='lat' dir='ltr'>fornicatione</span> <span class='ocrx_word' id='word_1_168' title='bbox 1492 2578 1563 2644; x_wconf 89' lang='lat' dir='ltr'>nati</span> 
     </span>
     <span class='ocr_line' id='line_1_20' title="bbox 387 2691 1563 2777; baseline -0.005 -20"><span class='ocrx_word' id='word_1_169' title='bbox 387 2695 472 2771; x_wconf 90' lang='lat' dir='ltr'>(oun.</span> <span class='ocrx_word' id='word_1_170' title='bbox 487 2693 537 2770; x_wconf 74' lang='lat' dir='ltr'>ll,</span> <span class='ocrx_word' id='word_1_171' title='bbox 554 2693 585 2758; x_wconf 91' lang='lat' dir='ltr'>d.</span> <span class='ocrx_word' id='word_1_172' title='bbox 602 2693 652 2772; x_wconf 82' lang='lat'>81,</span> <span class='ocrx_word' id='word_1_173' title='bbox 669 2698 704 2757; x_wconf 89' lang='lat' dir='ltr'>et</span> <span class='ocrx_word' id='word_1_174' title='bbox 725 2711 797 2776; x_wconf 88' lang='lat' dir='ltr'>oap.</span> <span class='ocrx_word' id='word_1_175' title='bbox 819 2693 839 2757; x_wconf 86' lang='lat' dir='ltr'>o</span> <span class='ocrx_word' id='word_1_176' title='bbox 863 2691 905 2757; x_wconf 87' lang='lat' dir='ltr'>de</span> <span class='ocrx_word' id='word_1_177' title='bbox 925 2692 1084 2776; x_wconf 79' lang='lat' dir='ltr'>Biparn.),</span> <span class='ocrx_word' id='word_1_178' title='bbox 1099 2692 1179 2777; x_wconf 87' lang='lat' dir='ltr'>quia</span> <span class='ocrx_word' id='word_1_179' title='bbox 1199 2691 1376 2756; x_wconf 77' lang='lat' dir='ltr'>seminatio</span> <span class='ocrx_word' id='word_1_180' title='bbox 1400 2693 1563 2772; x_wconf 90' lang='lat' dir='ltr'>tanquam</span> 
     </span>
     <span class='ocr_line' id='line_1_21' title="bbox 388 2797 1564 2883; baseline -0.003 -20"><span class='ocrx_word' id='word_1_181' title='bbox 388 2801 554 2866; x_wconf 88' lang='lat' dir='ltr'>terminus</span> <span class='ocrx_word' id='word_1_182' title='bbox 568 2802 747 2883; x_wconf 89' lang='lat' dir='ltr'>generieus</span> <span class='ocrx_word' id='word_1_183' title='bbox 763 2819 806 2864; x_wconf 85' lang='lat' dir='ltr'>ex</span> <span class='ocrx_word' id='word_1_184' title='bbox 821 2800 974 2882; x_wconf 71' lang='lat' dir='ltr'>subiecta</span> <span class='ocrx_word' id='word_1_185' title='bbox 999 2801 1142 2866; x_wconf 89' lang='lat' dir='ltr'>materia</span> <span class='ocrx_word' id='word_1_186' title='bbox 1168 2799 1414 2865; x_wconf 88' lang='lat' dir='ltr'>determinatur</span> <span class='ocrx_word' id='word_1_187' title='bbox 1435 2797 1478 2861; x_wconf 90' lang='lat' dir='ltr'>ad</span> <span class='ocrx_word' id='word_1_188' title='bbox 1491 2814 1564 2860; x_wconf 90' lang='lat' dir='ltr'>oer-</span> 
     </span>
     <span class='ocr_line' id='line_1_22' title="bbox 387 2905 1562 2994; baseline -0.008 -18"><span class='ocrx_word' id='word_1_189' title='bbox 387 2915 458 2976; x_wconf 86' lang='lat' dir='ltr'>tam</span> <span class='ocrx_word' id='word_1_190' title='bbox 472 2910 633 2994; x_wconf 88' lang='lat' dir='ltr'>speeiem.</span> <span class='ocrx_word' id='word_1_191' title='bbox 650 2910 698 2976; x_wconf 88' lang='lat' dir='ltr'>De</span> <span class='ocrx_word' id='word_1_192' title='bbox 708 2913 787 2994; x_wconf 83' lang='lat' dir='ltr'>jure</span> <span class='ocrx_word' id='word_1_193' title='bbox 802 2909 904 2986; x_wconf 82' lang='lat' dir='ltr'>civili,</span> <span class='ocrx_word' id='word_1_194' title='bbox 920 2910 1096 2975; x_wconf 86' lang='lat' dir='ltr'>naturales</span> <span class='ocrx_word' id='word_1_195' title='bbox 1116 2909 1164 2974; x_wconf 94' lang='lat' dir='ltr'>illi</span> <span class='ocrx_word' id='word_1_196' title='bbox 1178 2913 1312 2974; x_wconf 90' lang='lat' dir='ltr'>tantum</span> <span class='ocrx_word' id='word_1_197' title='bbox 1325 2908 1484 2973; x_wconf 91' lang='lat' dir='ltr'>diountur</span> <span class='ocrx_word' id='word_1_198' title='bbox 1504 2905 1562 2990; x_wconf 91' lang='lat' dir='ltr'>qui</span> 
     </span>
     <span class='ocr_line' id='line_1_23' title="bbox 387 3015 1563 3100; baseline -0.005 -16"><span class='ocrx_word' id='word_1_199' title='bbox 387 3037 430 3084; x_wconf 85' lang='lat' dir='ltr'>ex</span> <span class='ocrx_word' id='word_1_200' title='bbox 444 3019 632 3086; x_wconf 88' lang='lat' dir='ltr'>oonoubina</span> <span class='ocrx_word' id='word_1_201' title='bbox 646 3019 718 3084; x_wconf 87' lang='lat' dir='ltr'>nati</span> <span class='ocrx_word' id='word_1_202' title='bbox 738 3024 839 3096; x_wconf 80' lang='lat' dir='ltr'>sunt3</span> <span class='ocrx_word' id='word_1_203' title='bbox 856 3019 884 3083; x_wconf 90' lang='lat' dir='ltr'>si</span> <span class='ocrx_word' id='word_1_204' title='bbox 905 3037 988 3084; x_wconf 90' lang='lat' dir='ltr'>vero</span> <span class='ocrx_word' id='word_1_205' title='bbox 1008 3037 1051 3082; x_wconf 87' lang='lat' dir='ltr'>ex</span> <span class='ocrx_word' id='word_1_206' title='bbox 1074 3018 1264 3094; x_wconf 80' lang='lat' dir='ltr'>meretrice,</span> <span class='ocrx_word' id='word_1_207' title='bbox 1281 3018 1371 3082; x_wconf 89' lang='lat' dir='ltr'>inter</span> <span class='ocrx_word' id='word_1_208' title='bbox 1389 3015 1522 3100; x_wconf 88' lang='lat' dir='ltr'>spurios</span> <span class='ocrx_word' id='word_1_209' title='bbox 1543 3031 1563 3078; x_wconf 92' lang='lat' dir='ltr'>a</span> 
     </span>
     <span class='ocr_line' id='line_1_24' title="bbox 386 3123 1564 3211; baseline -0.004 -22"><span class='ocrx_word' id='word_1_210' title='bbox 386 3127 590 3211; x_wconf 88' lang='lat' dir='ltr'>quibusdam</span> <span class='ocrx_word' id='word_1_211' title='bbox 611 3133 846 3206; x_wconf 79' lang='lat' dir='ltr'>numerantur.</span> <span class='ocrx_word' id='word_1_212' title='bbox 865 3125 936 3191; x_wconf 82' lang='lat' dir='ltr'>&#39;Sed</span> <span class='ocrx_word' id='word_1_213' title='bbox 967 3127 1004 3190; x_wconf 94' lang='lat' dir='ltr'>in</span> <span class='ocrx_word' id='word_1_214' title='bbox 1026 3127 1091 3192; x_wconf 90' lang='lat' dir='ltr'>hoo</span> <span class='ocrx_word' id='word_1_215' title='bbox 1109 3131 1236 3211; x_wconf 92' lang='lat' dir='ltr'>puneto</span> <span class='ocrx_word' id='word_1_216' title='bbox 1272 3123 1485 3191; x_wconf 89' lang='lat' dir='ltr'>observanda</span> <span class='ocrx_word' id='word_1_217' title='bbox 1510 3125 1564 3186; x_wconf 87' lang='lat' dir='ltr'>ost</span> 
     </span>
     <span class='ocr_line' id='line_1_25' title="bbox 387 3235 1561 3320; baseline -0.004 -20"><span class='ocrx_word' id='word_1_218' title='bbox 387 3235 635 3320; x_wconf 84' lang='lat' dir='ltr'>doetrinajuris</span> <span class='ocrx_word' id='word_1_219' title='bbox 648 3237 812 3313; x_wconf 89' lang='lat' dir='ltr'>eanonioi,</span> <span class='ocrx_word' id='word_1_220' title='bbox 830 3254 905 3320; x_wconf 80' lang='lat' dir='ltr'>quae</span> <span class='ocrx_word' id='word_1_221' title='bbox 920 3235 1130 3301; x_wconf 90' lang='lat' dir='ltr'>naturalibus</span> <span class='ocrx_word' id='word_1_222' title='bbox 1144 3235 1222 3300; x_wconf 82' lang='lat' dir='ltr'>filiis</span> <span class='ocrx_word' id='word_1_223' title='bbox 1234 3253 1355 3300; x_wconf 93' lang='lat' dir='ltr'>omnes</span> <span class='ocrx_word' id='word_1_224' title='bbox 1371 3251 1430 3299; x_wconf 88' lang='lat' dir='ltr'>eos</span> <span class='ocrx_word' id='word_1_225' title='bbox 1445 3249 1561 3298; x_wconf 87' lang='lat' dir='ltr'>aooen·</span> 
     </span>
     <span class='ocr_line' id='line_1_26' title="bbox 364 3341 1563 3428; baseline -0.01 -14"><span class='ocrx_word' id='word_1_226' title='bbox 364 3402 370 3414; x_wconf 94' lang='lat'><em>.</em></span> <span class='ocrx_word' id='word_1_227' title='bbox 387 3348 441 3408; x_wconf 87' lang='lat' dir='ltr'>set</span> <span class='ocrx_word' id='word_1_228' title='bbox 454 3344 511 3427; x_wconf 87' lang='lat' dir='ltr'>qui</span> <span class='ocrx_word' id='word_1_229' title='bbox 527 3344 597 3408; x_wconf 86' lang='lat' dir='ltr'>nati</span> <span class='ocrx_word' id='word_1_230' title='bbox 610 3348 691 3408; x_wconf 87' lang='lat' dir='ltr'>sunt</span> <span class='ocrx_word' id='word_1_231' title='bbox 705 3363 748 3408; x_wconf 82' lang='lat' dir='ltr'>en</span> <span class='ocrx_word' id='word_1_232' title='bbox 756 3344 953 3428; x_wconf 88' lang='lat' dir='ltr'>parentibus</span> <span class='ocrx_word' id='word_1_233' title='bbox 967 3341 1135 3408; x_wconf 90' lang='lat' dir='ltr'>habilibus</span> <span class='ocrx_word' id='word_1_234' title='bbox 1147 3342 1190 3408; x_wconf 87' lang='lat' dir='ltr'>ud</span> <span class='ocrx_word' id='word_1_235' title='bbox 1200 3341 1456 3408; x_wconf 88' lang='lat' dir='ltr'>matrimonium</span> <span class='ocrx_word' id='word_1_236' title='bbox 1473 3341 1563 3403; x_wconf 89' lang='lat' dir='ltr'>inter</span> 
     </span>
     <span class='ocr_line' id='line_1_27' title="bbox 389 3452 639 3517; baseline 0 -3"><span class='ocrx_word' id='word_1_237' title='bbox 389 3470 425 3516; x_wconf 91' lang='lat' dir='ltr'>se</span> <span class='ocrx_word' id='word_1_238' title='bbox 441 3452 639 3517; x_wconf 89' lang='lat' dir='ltr'>ineundum.</span> 
     </span>
    </p>
   </div>
   <div class='ocr_carea' id='block_1_5' title="bbox 614 3628 1330 3706">
    <p class='ocr_par' dir='ltr' id='par_1_5' title="bbox 614 3628 1330 3706">
     <span class='ocr_line' id='line_1_28' title="bbox 614 3628 1330 3706; baseline -0.001 -24"><span class='ocrx_word' id='word_1_239' title='bbox 614 3633 634 3682; x_wconf 92' lang='lat' dir='ltr'>t.</span> <span class='ocrx_word' id='word_1_240' title='bbox 650 3629 764 3706; x_wconf 28' lang='lat' dir='ltr'>Quiqdlit</span> <span class='ocrx_word' id='word_1_241' title='bbox 779 3629 940 3684; x_wconf 86' lang='lat' dir='ltr'>habeantur</span> <span class='ocrx_word' id='word_1_242' title='bbox 954 3641 1005 3696; x_wconf 89' lang='lat' dir='ltr'>pro</span> <span class='ocrx_word' id='word_1_243' title='bbox 1020 3628 1154 3696; x_wconf 84' lang='lat' dir='ltr'>legittmis</span> <span class='ocrx_word' id='word_1_244' title='bbox 1170 3643 1221 3683; x_wconf 90' lang='lat' dir='ltr'>seu</span> <span class='ocrx_word' id='word_1_245' title='bbox 1236 3629 1330 3695; x_wconf 84' lang='lat' dir='ltr'>Justts.</span> 
     </span>
    </p>
   </div>
   <div class='ocr_carea' id='block_1_6' title="bbox 384 3773 1562 4831">
    <p class='ocr_par' dir='ltr' id='par_1_6' title="bbox 384 3773 1562 4831">
     <span class='ocr_line' id='line_1_29' title="bbox 427 3773 1560 3860; baseline 0.002 -20"><span class='ocrx_word' id='word_1_246' title='bbox 427 3775 527 3859; x_wconf 87' lang='lat' dir='ltr'>Reap.</span> <span class='ocrx_word' id='word_1_247' title='bbox 548 3776 577 3839; x_wconf 90' lang='grc'>1.</span> <span class='ocrx_word' id='word_1_248' title='bbox 593 3775 666 3840; x_wconf 88' lang='lat' dir='ltr'>Non</span> <span class='ocrx_word' id='word_1_249' title='bbox 681 3780 814 3840; x_wconf 90' lang='lat' dir='ltr'>tantum</span> <span class='ocrx_word' id='word_1_250' title='bbox 834 3776 988 3859; x_wconf 90' lang='lat' dir='ltr'>oonoepti</span> <span class='ocrx_word' id='word_1_251' title='bbox 1008 3780 1044 3840; x_wconf 91' lang='lat' dir='ltr'>et</span> <span class='ocrx_word' id='word_1_252' title='bbox 1065 3775 1136 3842; x_wconf 87' lang='lat' dir='ltr'>nati</span> <span class='ocrx_word' id='word_1_253' title='bbox 1156 3793 1199 3840; x_wconf 83' lang='lat' dir='ltr'>ex</span> <span class='ocrx_word' id='word_1_254' title='bbox 1222 3777 1350 3860; x_wconf 87' lang='lat' dir='ltr'>nuptiis</span> <span class='ocrx_word' id='word_1_255' title='bbox 1365 3779 1480 3860; x_wconf 85' lang='lat' dir='ltr'>justis,</span> <span class='ocrx_word' id='word_1_256' title='bbox 1500 3773 1560 3842; x_wconf 90' lang='lat' dir='ltr'>sed</span> 
     </span>
     <span class='ocr_line' id='line_1_30' title="bbox 388 3882 1560 3968; baseline 0 -20"><span class='ocrx_word' id='word_1_257' title='bbox 388 3883 491 3948; x_wconf 89' lang='lat' dir='ltr'>etiam</span> <span class='ocrx_word' id='word_1_258' title='bbox 513 3882 560 3945; x_wconf 92' lang='lat' dir='ltr'>illi</span> <span class='ocrx_word' id='word_1_259' title='bbox 585 3883 642 3967; x_wconf 89' lang='lat' dir='ltr'>qui</span> <span class='ocrx_word' id='word_1_260' title='bbox 668 3901 712 3948; x_wconf 85' lang='lat' dir='ltr'>ex</span> <span class='ocrx_word' id='word_1_261' title='bbox 732 3884 954 3949; x_wconf 77' lang='lat' dir='ltr'>fornicatione</span> <span class='ocrx_word' id='word_1_262' title='bbox 978 3885 1133 3967; x_wconf 88' lang='lat' dir='ltr'>eonoepti</span> <span class='ocrx_word' id='word_1_263' title='bbox 1151 3890 1232 3948; x_wconf 90' lang='lat' dir='ltr'>sunt</span> <span class='ocrx_word' id='word_1_264' title='bbox 1249 3888 1284 3950; x_wconf 93' lang='lat' dir='ltr'>et</span> <span class='ocrx_word' id='word_1_265' title='bbox 1302 3885 1374 3949; x_wconf 91' lang='lat' dir='ltr'>nati</span> <span class='ocrx_word' id='word_1_266' title='bbox 1394 3887 1468 3968; x_wconf 89' lang='lat' dir='ltr'>jam</span> <span class='ocrx_word' id='word_1_267' title='bbox 1481 3889 1560 3968; x_wconf 89' lang='lat' dir='ltr'>post</span> 
     </span>
     <span class='ocr_line' id='line_1_31' title="bbox 386 3989 1559 4068; baseline 0 -12"><span class='ocrx_word' id='word_1_268' title='bbox 386 3995 598 4056; x_wconf 86' lang='lat' dir='ltr'>oontreotum</span> <span class='ocrx_word' id='word_1_269' title='bbox 611 3989 877 4068; x_wconf 90' lang='lat' dir='ltr'>matrimonium,</span> <span class='ocrx_word' id='word_1_270' title='bbox 894 3991 957 4055; x_wconf 87' lang='lat' dir='ltr'>etsi</span> <span class='ocrx_word' id='word_1_271' title='bbox 973 3989 1038 4056; x_wconf 89' lang='lat' dir='ltr'>hoo</span> <span class='ocrx_word' id='word_1_272' title='bbox 1053 4010 1122 4055; x_wconf 89' lang='lat' dir='ltr'>una</span> <span class='ocrx_word' id='word_1_273' title='bbox 1140 3997 1273 4056; x_wconf 83' lang='lat' dir='ltr'>tantum</span> <span class='ocrx_word' id='word_1_274' title='bbox 1297 3992 1381 4058; x_wconf 92' lang='lat' dir='ltr'>hora</span> <span class='ocrx_word' id='word_1_275' title='bbox 1404 3993 1559 4058; x_wconf 86' lang='lat' dir='ltr'>nativite-</span> 
     </span>
     <span class='ocr_line' id='line_1_32' title="bbox 386 4098 1560 4191; baseline 0 -28"><span class='ocrx_word' id='word_1_276' title='bbox 386 4105 457 4164; x_wconf 91' lang='lat' dir='ltr'>tem</span> <span class='ocrx_word' id='word_1_277' title='bbox 471 4098 683 4181; x_wconf 83' lang='lat' dir='ltr'>praeoesserit</span> <span class='ocrx_word' id='word_1_278' title='bbox 697 4119 704 4160; x_wconf 91' lang='lat'>:</span> <span class='ocrx_word' id='word_1_279' title='bbox 722 4100 769 4163; x_wconf 94' lang='lat' dir='ltr'>ita</span> <span class='ocrx_word' id='word_1_280' title='bbox 782 4117 870 4163; x_wconf 90' lang='lat' dir='ltr'>eom.</span> <span class='ocrx_word' id='word_1_281' title='bbox 884 4118 927 4164; x_wconf 82' lang='lat' dir='ltr'>ex</span> <span class='ocrx_word' id='word_1_282' title='bbox 938 4098 1045 4191; x_wconf 38' lang='lat' dir='ltr'>libgv,</span> <span class='ocrx_word' id='word_1_283' title='bbox 1057 4098 1111 4176; x_wconf 84' lang='lat' dir='ltr'>xl,</span> <span class='ocrx_word' id='word_1_284' title='bbox 1129 4104 1164 4164; x_wconf 91' lang='lat' dir='ltr'>et</span> <span class='ocrx_word' id='word_1_285' title='bbox 1177 4099 1406 4182; x_wconf 88' lang='lat' dir='ltr'>multomagis</span> <span class='ocrx_word' id='word_1_286' title='bbox 1425 4100 1500 4165; x_wconf 89' lang='lat' dir='ltr'>eod.</span> <span class='ocrx_word' id='word_1_287' title='bbox 1518 4098 1560 4164; x_wconf 83' lang='lat' dir='ltr'>de</span> 
     </span>
     <span class='ocr_line' id='line_1_33' title="bbox 384 4205 1562 4292; baseline -0.004 -18"><span class='ocrx_word' id='word_1_288' title='bbox 384 4207 508 4276; x_wconf 89' lang='lat' dir='ltr'>Natur.</span> <span class='ocrx_word' id='word_1_289' title='bbox 522 4207 629 4286; x_wconf 84' lang='lat' dir='ltr'>liber.;</span> <span class='ocrx_word' id='word_1_290' title='bbox 642 4225 719 4290; x_wconf 82' lang='lat' dir='ltr'>quae</span> <span class='ocrx_word' id='word_1_291' title='bbox 732 4205 789 4270; x_wconf 85' lang='lat' dir='ltr'>lex</span> <span class='ocrx_word' id='word_1_292' title='bbox 809 4225 875 4270; x_wconf 88' lang='lat' dir='ltr'>usu</span> <span class='ocrx_word' id='word_1_293' title='bbox 894 4212 930 4270; x_wconf 92' lang='lat' dir='ltr'>et</span> <span class='ocrx_word' id='word_1_294' title='bbox 943 4207 1040 4288; x_wconf 86' lang='lat' dir='ltr'>praxi</span> <span class='ocrx_word' id='word_1_295' title='bbox 1056 4211 1193 4290; x_wconf 77' lang='lat' dir='ltr'>recepta</span> <span class='ocrx_word' id='word_1_296' title='bbox 1211 4213 1264 4272; x_wconf 89' lang='lat' dir='ltr'>eet</span> <span class='ocrx_word' id='word_1_297' title='bbox 1278 4210 1386 4292; x_wconf 83' lang='lat' dir='ltr'>ejure</span> <span class='ocrx_word' id='word_1_298' title='bbox 1406 4226 1480 4273; x_wconf 87' lang='lat' dir='ltr'>aan.</span> <span class='ocrx_word' id='word_1_299' title='bbox 1501 4224 1562 4290; x_wconf 90' lang='lat' dir='ltr'>per</span> 
     </span>
     <span class='ocr_line' id='line_1_34' title="bbox 385 4314 1561 4402; baseline -0.001 -23"><span class='ocrx_word' id='word_1_300' title='bbox 385 4332 413 4379; x_wconf 88' lang='lat' dir='ltr'>o.</span> <span class='ocrx_word' id='word_1_301' title='bbox 424 4315 454 4392; x_wconf 91' lang='grc'>1,</span> <span class='ocrx_word' id='word_1_302' title='bbox 467 4315 508 4379; x_wconf 84' lang='lat' dir='ltr'>de</span> <span class='ocrx_word' id='word_1_303' title='bbox 516 4314 559 4383; x_wconf 92' lang='lat' dir='ltr'>N.</span> <span class='ocrx_word' id='word_1_304' title='bbox 570 4315 609 4380; x_wconf 87' lang='lat' dir='ltr'>O.</span> <span class='ocrx_word' id='word_1_305' title='bbox 618 4314 662 4384; x_wconf 90' lang='lat' dir='ltr'>N.</span> <span class='ocrx_word' id='word_1_306' title='bbox 670 4333 683 4395; x_wconf 91' lang='lat'>,·</span> <span class='ocrx_word' id='word_1_307' title='bbox 693 4335 773 4380; x_wconf 86' lang='lat' dir='ltr'>nam</span> <span class='ocrx_word' id='word_1_308' title='bbox 780 4315 828 4378; x_wconf 92' lang='lat' dir='ltr'>illi</span> <span class='ocrx_word' id='word_1_309' title='bbox 838 4321 918 4380; x_wconf 87' lang='lat' dir='ltr'>sunt</span> <span class='ocrx_word' id='word_1_310' title='bbox 931 4314 1144 4397; x_wconf 88' lang='lat' dir='ltr'>illiilegitimi</span> <span class='ocrx_word' id='word_1_311' title='bbox 1152 4334 1213 4382; x_wconf 90' lang='lat' dir='ltr'>seu</span> <span class='ocrx_word' id='word_1_312' title='bbox 1218 4317 1314 4400; x_wconf 87' lang='lat' dir='ltr'>justi,</span> <span class='ocrx_word' id='word_1_313' title='bbox 1323 4335 1470 4402; x_wconf 88' lang='lat' dir='ltr'>quorum</span> <span class='ocrx_word' id='word_1_314' title='bbox 1478 4315 1561 4380; x_wconf 92' lang='lat' dir='ltr'>uati-</span> 
     </span>
     <span class='ocr_line' id='line_1_35' title="bbox 386 4422 1560 4506; baseline 0 -20"><span class='ocrx_word' id='word_1_315' title='bbox 386 4422 528 4486; x_wconf 89' lang='lat' dir='ltr'>vitatem</span> <span class='ocrx_word' id='word_1_316' title='bbox 540 4424 597 4506; x_wconf 84' lang='lat' dir='ltr'>jus</span> <span class='ocrx_word' id='word_1_317' title='bbox 615 4423 806 4488; x_wconf 90' lang='lat' dir='ltr'>humanum</span> <span class='ocrx_word' id='word_1_318' title='bbox 820 4423 985 4506; x_wconf 89' lang='lat' dir='ltr'>approbat</span> <span class='ocrx_word' id='word_1_319' title='bbox 997 4442 1005 4499; x_wconf 94' lang='lat'>;</span> <span class='ocrx_word' id='word_1_320' title='bbox 1022 4423 1190 4506; x_wconf 84' lang='lat' dir='ltr'>siquidem</span> <span class='ocrx_word' id='word_1_321' title='bbox 1202 4423 1399 4505; x_wconf 87' lang='lat' dir='ltr'>legitimitas</span> <span class='ocrx_word' id='word_1_322' title='bbox 1412 4422 1560 4506; x_wconf 92' lang='lat' dir='ltr'>prolium</span> 
     </span>
     <span class='ocr_line' id='line_1_36' title="bbox 386 4529 1559 4614; baseline 0.001 -23"><span class='ocrx_word' id='word_1_323' title='bbox 386 4546 457 4592; x_wconf 91' lang='lat' dir='ltr'>non</span> <span class='ocrx_word' id='word_1_324' title='bbox 483 4534 536 4592; x_wconf 87' lang='lat' dir='ltr'>est</span> <span class='ocrx_word' id='word_1_325' title='bbox 561 4529 703 4594; x_wconf 83' lang='lat' dir='ltr'>effeetus</span> <span class='ocrx_word' id='word_1_326' title='bbox 728 4529 815 4612; x_wconf 87' lang='lat' dir='ltr'>juris</span> <span class='ocrx_word' id='word_1_327' title='bbox 843 4529 1020 4605; x_wconf 87' lang='lat' dir='ltr'>naturalis,</span> <span class='ocrx_word' id='word_1_328' title='bbox 1047 4531 1108 4594; x_wconf 90' lang='lat' dir='ltr'>sed</span> <span class='ocrx_word' id='word_1_329' title='bbox 1135 4536 1291 4596; x_wconf 84' lang='lat' dir='ltr'>ereatura</span> <span class='ocrx_word' id='word_1_330' title='bbox 1308 4533 1395 4614; x_wconf 88' lang='lat' dir='ltr'>juris</span> <span class='ocrx_word' id='word_1_331' title='bbox 1422 4529 1559 4614; x_wconf 90' lang='lat' dir='ltr'>positivi</span> 
     </span>
     <span class='ocr_line' id='line_1_37' title="bbox 387 4635 1559 4722; baseline -0.001 -21"><span class='ocrx_word' id='word_1_332' title='bbox 387 4635 533 4702; x_wconf 87' lang='lat' dir='ltr'>volentis</span> <span class='ocrx_word' id='word_1_333' title='bbox 561 4638 645 4703; x_wconf 91' lang='lat' dir='ltr'>alios</span> <span class='ocrx_word' id='word_1_334' title='bbox 674 4639 791 4704; x_wconf 88' lang='lat' dir='ltr'>baberi</span> <span class='ocrx_word' id='word_1_335' title='bbox 826 4656 888 4722; x_wconf 92' lang='lat' dir='ltr'>pro</span> <span class='ocrx_word' id='word_1_336' title='bbox 921 4637 1099 4720; x_wconf 80' lang='lat' dir='ltr'>legitimis,</span> <span class='ocrx_word' id='word_1_337' title='bbox 1137 4639 1222 4705; x_wconf 90' lang='lat' dir='ltr'>alios</span> <span class='ocrx_word' id='word_1_338' title='bbox 1258 4657 1319 4722; x_wconf 89' lang='lat' dir='ltr'>pro</span> <span class='ocrx_word' id='word_1_339' title='bbox 1353 4638 1559 4721; x_wconf 88' lang='lat' dir='ltr'>illegitimis;</span> 
     </span>
     <span class='ocr_line' id='line_1_38' title="bbox 388 4744 1560 4831; baseline -0.001 -23"><span class='ocrx_word' id='word_1_340' title='bbox 388 4745 447 4810; x_wconf 89' lang='lat' dir='ltr'>sed</span> <span class='ocrx_word' id='word_1_341' title='bbox 464 4747 522 4828; x_wconf 89' lang='lat' dir='ltr'>jus</span> <span class='ocrx_word' id='word_1_342' title='bbox 546 4748 611 4828; x_wconf 77' lang='lat' dir='ltr'>(eit.</span> <span class='ocrx_word' id='word_1_343' title='bbox 637 4744 659 4809; x_wconf 93' lang='grc'>1.</span> <span class='ocrx_word' id='word_1_344' title='bbox 682 4747 735 4830; x_wconf 82' lang='lat' dir='ltr'>ru)</span> <span class='ocrx_word' id='word_1_345' title='bbox 760 4747 925 4831; x_wconf 88' lang='lat' dir='ltr'>approbat</span> <span class='ocrx_word' id='word_1_346' title='bbox 946 4747 1159 4813; x_wconf 86' lang='lat' dir='ltr'>nativitatem</span> <span class='ocrx_word' id='word_1_347' title='bbox 1183 4767 1303 4813; x_wconf 90' lang='lat' dir='ltr'>eorum</span> <span class='ocrx_word' id='word_1_348' title='bbox 1325 4747 1382 4830; x_wconf 88' lang='lat' dir='ltr'>qui</span> <span class='ocrx_word' id='word_1_349' title='bbox 1406 4745 1560 4828; x_wconf 88' lang='lat' dir='ltr'>oonoepti</span> 
     </span>
    </p>
   </div>
   <div class='ocr_carea' id='block_1_7' title="bbox 0 0 1762 5557">
    <p class='ocr_par' dir='ltr' id='par_1_7' title="bbox 0 0 1762 5557">
     <span class='ocr_line' id='line_1_39' title="bbox 0 0 1762 5557; baseline 0 0"><span class='ocrx_word' id='word_1_350' title='bbox 0 0 1762 5557; x_wconf 95' lang='lat' dir='ltr'> </span> 
     </span>
    </p>
   </div>
  </div>
 </body>
</html>
