3508 5568
338 579 378 644 76
796 591 848 639 rus
868 589 1049 640 cononicus.

339 712 586 784 circumstantiis,
600 713 631 770 in
645 709 758 788 quibus
771 713 851 770 licus
860 710 985 770 remittit
995 711 1048 786 jus
1063 711 1232 787 conjugale,
1242 710 1289 770 vol
1300 710 1353 771 uni
1367 713 1433 770 uiro
1447 727 1515 772 con·

339 804 488 878 arditius
511 805 542 862 in
567 804 654 876 plura
676 817 802 878 corporo
823 803 1029 878 uxorum‚1'us
1049 803 1186 862 naturale
1203 817 1263 863 non
1283 802 1417 863 extendit
1430 817 1463 868 se
1477 803 1514 863 ad

287 931 290 944 ·
339 895 489 969 ejusmodi
509 893 715 964 matrimonia,
730 898 832 968 utpote
852 909 888 953 es
907 899 989 966 parte
1008 894 1140 953 materne
1158 892 1308 954 subducta
1325 908 1344 953 a
1361 893 1514 954 communi

339 984 533 1060 obligatione.

377 1151 477 1235 Rosp.
495 1150 525 1216 2.
543 1149 749 1233 Polygamio,
766 1167 827 1215 ssu
849 1147 1025 1234 pluralitas
1040 1165 1187 1214 uxorum
1210 1165 1289 1214 cum
1303 1146 1426 1214 eodem
1439 1149 1512 1216 viro

337 1257 461 1336 simul,
491 1257 690 1323 adversatur
716 1257 784 1340 juri
814 1256 929 1322 divino
958 1261 993 1321 et
1019 1257 1197 1322 naturali:
1225 1257 1272 1322 ito
1300 1255 1413 1340 quood
1439 1275 1513 1321 rem

335 1384 459 1434 comm.
475 1365 541 1428 bb.
559 1363 803 1431 catholicorum
817 1381 897 1430 cum
907 1363 994 1428 Trid.
1008 1381 1091 1428 sess.
1108 1365 1242 1442 ilcan.
1257 1365 1287 1428 θ.
1306 1365 1512 1447 Negantium

335 1492 418 1541 vcro
431 1473 545 1558 opinio
556 1492 638 1538 sane
646 1471 934 1555 estintelligenda,
944 1471 1035 1556 quod
1043 1470 1369 1557 scilicetpolygamio
1377 1492 1447 1539 non
1456 1473 1513 1538 ad-

335 1586 491 1648 versetur
501 1582 571 1665 juri
586 1579 730 1646 naturali
741 1579 907 1660 absolute,
921 1584 955 1644 et
965 1598 1009 1645 ex
1020 1585 1116 1665 parte
1128 1583 1279 1647 materies
1294 1574 1510 1660 immutabili,
1524 1623 1528 1630 -

336 1692 423 1756 siout
436 1689 467 1756 ei
482 1689 685 1755 adversatur
701 1688 817 1753 odium
828 1688 901 1767 liei,
917 1689 1147 1767 mendacium,
1161 1695 1196 1754 et
1214 1689 1347 1768 similia,
1366 1706 1512 1775 quorum

334 1798 477 1865 materis
489 1798 524 1862 in
537 1796 632 1862 nulla
642 1796 897 1862 circumstantis
911 1797 1256 1880 cohonostaripotest.
1267 1796 1365 1862 Proh.
1383 1797 1511 1880 dejure

335 1904 402 1971 div.
425 1905 520 1982 Gen,
545 1925 576 1980 n,
594 1904 644 1980 bl,
662 1903 720 1968 ubi
733 1902 852 1980 aldam,
870 1904 926 1970 vel
939 1906 1052 1989 potius
1070 1905 1161 1970 boue
1176 1923 1235 1970 ore
1248 1905 1379 1982 Adurni,
1400 1904 1510 1969 dixit:

336 2037 352 2072 o
367 2011 562 2078 Adhaeberit
576 2012 675 2077 uxori
688 2030 770 2088 suae,
789 2016 823 2092 et
836 2017 938 2078 erunt
952 2013 1019 2078 duo
1031 2013 1068 2078 in
1088 2031 1189 2078 carne
1205 2031 1275 2078 una
1290 2032 1297 2078 :
1315 2037 1331 2071 a
1347 2030 1418 2078 non
1430 2029 1513 2076 oco-

334 2121 436 2199 ribus,
452 2137 516 2186 noc
524 2119 653 2208 plures,
670 2119 732 2185 sed
744 2118 811 2184 daco
824 2120 860 2185 in
878 2137 980 2186 carne
995 2138 1075 2200 una,
1094 2125 1132 2185 ut
1150 2121 1296 2186 advertit
1323 2120 1438 2186 Innoc.
1455 2118 1510 2194 iil,

333 2230 374 2313 (u.
389 2230 420 2306 8,
436 2229 478 2294 oie
490 2229 648 2310 Divort.);
667 2234 701 2293 et
715 2229 866 2293 Christus
880 2230 1045 2294 Dominus
1061 2231 1279 2312 (Mattn.,x1x,
1294 2230 1323 2314 9)
1336 2229 1417 2294 dicit
1431 2247 1512 2293 eum

318 2343 319 2348 ’
334 2339 497 2404 moeohari
509 2337 578 2422 qui,
592 2356 699 2402 uxore
717 2337 865 2413 dimisso,
885 2337 987 2402 aliam
1002 2338 1104 2416 ducit,
1122 2342 1157 2403 et
1170 2338 1343 2414 aiortiori‚
1360 2339 1388 2400 si
1402 2337 1512 2423 prims

334 2449 477 2521 retenta,
501 2445 603 2510 oliam
622 2444 874 2528 superinducat.
891 2481 930 2491 -
956 2445 1052 2510 Proh.
1076 2445 1117 2510 do
1134 2447 1212 2528 jure
1228 2444 1374 2511 naturali
1400 2467 1407 2510 :
1430 2463 1511 2510 nam

333 2557 542 2638 preceptum
555 2550 650 2628 illud,
672 2552 762 2636 quod
778 2551 867 2616 Deus
884 2569 946 2636 per
960 2569 999 2617 os
1010 2551 1131 2618 Adami
1144 2552 1338 2636 publicavit,
1355 2571 1425 2619 non
1439 2557 1511 2619 erat

305 2737 307 2742 ¹
336 2679 430 2727 mere
445 2661 641 2745 positivum,
664 2660 724 2726 sed
746 2660 848 2724 simul
864 2657 1030 2737 naturale,
1056 2677 1134 2725 oum
1157 2664 1281 2743 praeter
1302 2665 1511 2746 praeceptum

337 2768 378 2834 dc
392 2787 494 2852 pomo
508 2787 577 2834 non
590 2768 813 2844 comedendo,
827 2787 899 2860 non
911 2768 1014 2833 luerit
1028 2766 1120 2833 aliud
1134 2767 1169 2832 in
1177 2768 1335 2853 paradiso
1348 2786 1442 2834 mere
1451 2789 1511 2853 po-

337 2877 487 2953 sitivum,
502 2881 541 2941 ut
552 2878 781 2942 communiter
790 2877 941 2942 latentur
951 2877 1117 2942 doctores.
1133 2875 1229 2943 Ratio
1243 2877 1417 2954 etiamst,
1432 2879 1512 2962 quia

336 2979 511 3062 pluralitas
528 2997 675 3045 uxorum
689 2980 891 3046 adversatur
903 2980 995 3044 bono
1022 2979 1230 3045 matrimonii
1255 2984 1290 3045 et
1307 2979 1369 3044 tini
1389 2977 1511 3045 saltem

297 3088 303 3101 '
336 3087 537 3154 secundario
555 3109 562 3151 :
578 3103 658 3153 nam
672 3087 842 3152 contraria
856 3091 909 3152 est
928 3087 1011 3150 dono
1024 3087 1121 3172 pacis
1137 3090 1171 3152 et
1186 3087 1438 3172 tranquillitatis
1451 3086 1511 3154 do·

334 3197 495 3274 mesticae‚
511 3196 591 3281 quia
605 3195 779 3280 pluralitas
793 3177 941 3261 uxorum
955 3213 1058 3261 causa
1074 3199 1126 3260 est
1139 3195 1385 3262 discordiarum
1403 3216 1410 3259 :
1426 3196 1509 3262 dono
1563 3178 1565 3182 ⁵

329 3303 437 3390 prolis
453 3305 753 3385 congenerationi,
769 3304 891 3370 saltem
906 3304 1095 3369 secundum
1115 3303 1215 3389 qnid,
1236 3305 1316 3388 quia
1333 3302 1386 3370 vir
1406 3303 1510 3389 pluri-

335 3415 400 3479 bus
412 3412 590 3495 copulatus
604 3412 808 3477 iniucundus
834 3430 910 3476 asse
926 3410 1024 3488 solet,
1045 3416 1084 3476 ut
1096 3416 1191 3495 patet
1208 3412 1244 3476 in
1263 3411 1445 3478 Salomone
1467 3431 1510 3478 ex

337 3524 387 3587 tot
410 3521 573 3586 uxoribus
596 3537 705 3590 unum
727 3519 941 3585 Roboamum
961 3519 1165 3604 suscipiente
1189 3519 1243 3602 (lll
1258 3519 1358 3601 Rem,
1381 3540 1403 3598 1,
1431 3519 1508 3602 l3):

336 3629 421 3694 dono
434 3645 591 3706 urorum,
614 3646 674 3693 seu
699 3627 851 3694 remedio
877 3627 1170 3712 concupiscentias,
1196 3627 1276 3712 quia
1301 3627 1443 3710 singula
1466 3647 1510 3693 ex

335 3737 489 3822 pluribus
504 3755 629 3802 uxores
642 3756 703 3821 pro
722 3737 845 3822 placito
866 3755 929 3802 suo
941 3756 1012 3803 non
1025 3741 1171 3822 possunt
1185 3738 1236 3801 uti
1255 3739 1397 3816 marito;
1414 3756 1507 3820 ergo.

337 3844 395 3910 llis
408 3843 538 3910 accedit
551 3845 742 3910 communis
755 3863 942 3911 consensus
956 3845 1113 3927 gentium
1129 3846 1217 3911 benc
1236 3845 1416 3922 cultarum,
1434 3863 1509 3929 quae

337 3952 595 4020 matrimonium
621 3953 657 4016 in
685 3953 924 4036 conjunctione
953 3952 1054 4017 unius
1081 3953 1147 4017 viri
1179 3970 1258 4017 oum
1283 3971 1362 4017 una
1382 3953 1510 4018 lemine

336 4059 559 4126 constituunt.
577 4059 662 4138 Quia
675 4079 757 4126 voro
772 4077 915 4144 corpora
927 4061 1079 4125 humana
1091 4062 1249 4125 substant
1267 4077 1430 4144 supremo
1451 4059 1510 4126 do-

339 4169 446 4236 minio
462 4166 589 4246 divino,
603 4168 680 4234 idco
695 4151 886 4234 communis
901 4168 960 4232 ΤΤ.
978 4171 1013 4234 ot
1025 4185 1099 4234 can.
1118 4166 1216 4234 docet
1227 4169 1336 4234 boum
1357 4173 1509 4252 exparte

337 4276 489 4342 materia
503 4276 699 4360 dispensare
712 4293 824 4360 posse,
840 4279 878 4340 ut
892 4293 982 4341 nnus
995 4275 1047 4341 vir
1058 4278 1116 4360 jus
1131 4277 1257 4342 habeat
1269 4275 1305 4340 in
1318 4275 1418 4359 plura
1437 4293 1510 4342 cor-

339 4401 423 4467 pora
436 4383 630 4449 mulierum.

379 4492 479 4575 Resp.
501 4493 531 4558 3.
557 4492 734 4578 Polyviria,
751 4512 812 4559 sou
836 4493 1010 4578 pluralitas
1032 4495 1185 4560 virorum
1208 4512 1288 4559 oum
1302 4497 1508 4570 sponsore,

340 4599 432 4666 omni
443 4600 512 4684 juri
529 4605 582 4666 est
594 4601 764 4669 oontrmia
780 4621 788 4664 :
803 4620 884 4667 nam
909 4603 1109 4668 adversatur
1122 4601 1282 4686 primario
1294 4603 1385 4668 bono
1404 4606 1440 4665 ct
1450 4601 1509 4664 lini

339 4707 558 4787 matrimonii,
575 4709 645 4776 scil.
655 4711 868 4794 pcnerotiooi
868 4727 884 4792 ;
891 4711 1048 4795 quiahoc
1057 4710 1241 4796 impeditur
1250 4729 1294 4780 cx
1302 4709 1508 4780 admissione
