3514 5564
384 561 443 633 lob
842 582 892 631 rus
912 583 1091 632 canonican.

383 707 444 770 aut
462 681 645 770 divortium
663 705 879 786 perpetuum,
902 703 1074 768 reviviscit
1100 701 1262 783 obligatio
1276 703 1347 768 voti
1365 701 1550 785 religionis,

384 816 419 877 et
432 815 532 894 urget
545 811 589 876 ad
601 811 805 893 ingressum,
823 812 911 876 sicut
928 812 1040 877 soluto
1053 811 1283 888 matrimonio,
1299 811 1471 878 reviviscit
1494 829 1554 876 vo·

383 923 456 984 lum
470 919 688 985 continentiae
703 919 892 1005 impediens
911 920 1001 985 aliud
1016 919 1283 995 matrimonium,
1302 919 1380 1003 quia
1394 923 1475 984 vota
1488 919 1554 984 ista

382 1045 444 1111 per
456 1026 713 1092 matrimonium
728 1046 798 1093 non
812 1029 1087 1110 exstinguuntur,
1105 1027 1165 1092 sed
1183 1027 1448 1111 suspenduntur.

420 1137 519 1222 Resp.
542 1137 572 1199 3.
597 1134 721 1201 Votum
747 1136 990 1223 amplectendae
1018 1136 1203 1220 religionis,
1230 1137 1286 1203 vel
1312 1136 1489 1220 ingressus
1515 1138 1551 1202 in

381 1246 597 1322 novitiatum,
627 1264 670 1310 ex
694 1250 790 1329 parte
817 1243 1040 1327 ingredientis
1067 1262 1137 1310 nou
1163 1243 1266 1310 solvit
1289 1246 1470 1329 sponsalia,
1486 1246 1553 1310 nisi

381 1359 498 1421 secuta
515 1355 727 1439 professione
747 1373 754 1418 :
775 1355 823 1419 iia
840 1353 994 1438 Henriq.,
1019 1353 1131 1437 Laym.
1155 1359 1190 1418 et
1209 1353 1265 1418 alii
1286 1372 1410 1419 comm.
1435 1359 1553 1420 contra

379 1463 512 1541 Novar,
530 1463 669 1538 Gatian,
686 1461 819 1536 Sanch.,
836 1467 913 1538 etc.;
931 1479 1012 1525 nam
1022 1460 1184 1542 obligatio
1197 1461 1408 1546 sponsalium
1419 1480 1490 1527 non
1501 1467 1553 1527 est

379 1570 662 1656 incompossibilia
676 1587 755 1634 cum
767 1569 946 1646 novitiatu,
956 1588 1036 1634 cum
1048 1570 1403 1653 necincompcssibilis
1418 1571 1462 1634 sit
1473 1589 1552 1636 cum

378 1681 612 1747 matrimonio:
628 1684 702 1743 tum
718 1679 798 1761 quia
813 1677 841 1742 si
856 1679 1043 1744 novitiatus
1058 1678 1206 1744 solveret
1220 1679 1392 1763 sponsalia
1403 1698 1446 1744 ex
1458 1685 1551 1762 parte

378 1789 509 1866 novitii,
527 1788 664 1855 daretur
683 1789 815 1854 occasio
828 1787 1066 1853 fraudulenter
1084 1787 1292 1853 dissolvendi
1307 1787 1478 1872 sponsalia
1491 1806 1552 1871 per

378 1898 496 1963 lictum
505 1899 715 1980 ingressum3
731 1915 825 1978 ergo.
838 1898 881 1960 nt
890 1913 969 1979 pars
981 1895 1017 1959 in
1027 1894 1304 1961 saeculcmanens
1314 1897 1416 1962 habet
1423 1898 1551 1980 justam

378 2023 516 2072 causam
541 2004 714 2070 resiliendi
742 2023 762 2070 a
784 2002 1009 2087 sponsalibus,
1035 2008 1073 2067 ut
1099 2005 1292 2069 communis
1316 2009 1410 2068 tenet
1435 2009 1552 2070 contra

378 2113 508 2190 (lovan,
525 2112 653 2190 Palud,
673 2106 749 2188 etc,
766 2117 839 2176 tum
856 2111 936 2194 quia
950 2111 1155 2176 novitiatum
1171 2111 1379 2193 ingrediens,
1396 2112 1494 2178 tacite
1518 2115 1570 2178 et.

258 2307 266 2320 ἱ
377 2221 451 2304 ipso
465 2223 553 2286 lacto
568 2221 742 2286 renuntiat
750 2221 819 2303 juri
833 2219 976 2305 quaesito
988 2238 1030 2284 ex
1042 2219 1267 2303 sponsalibus,
1280 2225 1354 2284 tum
1365 2221 1444 2304 quia
1454 2219 1550 2304 quasi

378 2332 505 2393 statum
527 2332 638 2393 mutat
658 2348 666 2392 r
686 2345 762 2412 quae
775 2345 887 2394 causae
903 2332 985 2392 sunt
998 2329 1206 2394 sufficientes
1231 2327 1272 2391 ad
1296 2327 1551 2394 resilienduma

378 2436 603 2520 sponsalibus.

791 2829 1014 2940 uranus
1047 2831 1142 2904 vu.

405 3014 443 3059 DE
465 3013 503 3061 ΕΟ
523 3013 573 3068 obl
594 3013 683 3060 buxlr
704 3013 734 3058 m
754 3013 965 3062 barcinomam
986 3015 1068 3070 QUAM
1092 3015 1217 3062 roccum
1238 3017 1294 3061 PER
1309 2978 1517 3062 *luctantum

416 3313 569 3378 Praesens
583 3313 716 3379 rubrica
730 3319 782 3378 est
800 3315 948 3380 strictior
966 3315 1076 3397 nigro,
1096 3315 1175 3400 quia
1190 3315 1473 3399 impedimentum
1488 3316 1549 3379 cri-

376 3420 488 3497 minis,
505 3419 627 3504 dequo
643 3425 806 3486 tractatur
818 3423 852 3486 h.
865 3427 901 3500 t,
917 3440 987 3488 non
998 3423 1111 3488 solum
1122 3424 1230 3489 oritur
1241 3443 1284 3488 ex
1294 3423 1472 3500 adulterio,
1489 3423 1549 3489 sed

377 3528 479 3592 etiam
495 3547 539 3592 ax
552 3527 735 3594 homicidio
760 3529 900 3595 alterius
922 3532 1091 3615 conjugis.
1118 3531 1175 3595 Est
1198 3538 1314 3596 autem
1332 3531 1548 3615 lrocimpedi-

375 3640 530 3699 mentum
545 3634 718 3713 dirimens,
743 3643 778 3701 et
799 3637 953 3720 specillce
969 3644 1112 3704 vocatur
1132 3639 1415 3723 impedimentum
1441 3639 1548 3703 crimi-

375 3743 443 3819 πίε,
469 3742 549 3808 licet
576 3744 860 3828 impedimentum
886 3755 996 3811 metus
1024 3753 1058 3812 ct
1080 3755 1198 3832 raptus
1228 3747 1331 3812 etiam
1360 3766 1401 3811 ex
1427 3746 1548 3812 delicto

375 3850 542 3930 orientum
568 3851 628 3918 sed
651 3852 724 3917 haec
747 3860 886 3919 servant
914 3873 977 3920 sua
997 3857 1135 3940 propria
1154 3855 1303 3921 nomina.
1336 3856 1384 3920 Ile
1407 3855 1547 3919 crimine

376 3963 509 4024 tantum
526 3959 732 4045 impediente
748 3967 871 4043 agetur
885 3963 935 4027 tit.
952 3961 1032 4026 xv'l.

476 4144 496 4195 Ι.
512 4141 620 4206 Quibus
633 4143 725 4196 modis
738 4143 900 4198 incurratur
914 4145 1151 4210 lmpedlmentum
1166 4144 1295 4199 criminis
1307 4145 1445 4200 dirimens

844 4225 1079 4279 matrimonium?

413 4368 511 4453 Reep.
529 4376 557 4434 l.
575 4369 848 4448 Quatuormodis
866 4391 872 4434 :
894 4371 1028 4436 duobus
1044 4371 1183 4455 quidem
1204 4389 1364 4438 excausa
1378 4369 1545 4447 adulterii,

374 4482 409 4542 et
421 4476 553 4544 duobus
566 4497 609 4542 ex
623 4477 917 4544 causabomicidii.
935 4477 973 4542 lit
986 4480 1018 4542 1ο
1033 4480 1061 4542 si
1076 4478 1232 4555 adulteri,
1249 4480 1387 4544 vivente
1399 4480 1546 4562 conjuge

373 4584 490 4662 altero,
512 4587 769 4652 matrimonium
788 4585 830 4650 de
843 4588 933 4652 lacto
957 4587 1130 4652 iniverunt
1143 4587 1183 4670 (c.
1205 4588 1274 4652 bh.
1291 4589 1332 4671 t);
1356 4588 1389 4651 2⁰
1410 4587 1437 4651 si
1453 4587 1547 4652 adul-

374 4695 436 4762 teri
460 4695 723 4778 promissionem
749 4694 904 4760 lecerunt
933 4695 1043 4760 icturi.
1065 4697 1272 4762 matrimonii
1299 4675 1545 4780 postmortem
