3508 5568
368 601 408 665 'lt
830 617 881 666 sus
900 619 1080 666 canonicor.

311 771 313 776 ·
370 734 416 802 eit
446 733 643 818 episcopum
660 751 729 799 non
750 749 851 816 posse
870 733 912 798 ab
935 734 999 800 hac
1023 733 1247 817 suspensione
1268 733 1456 810 absolvere,
1481 753 1542 819 pro

369 861 437 928 qua
447 843 617 930 sententia
626 839 741 924 plures
751 842 817 905 bl).
830 842 925 920 citat3
938 843 998 908 sed
1008 841 1215 927 probabilius
1224 860 1314 926 resp.
1324 842 1540 908 ultlrmative:

368 950 415 1015 ite
432 949 539 1027 Host,
554 949 604 1016 lo.
614 950 731 1028 Andr,
746 950 893 1035 Praepos.
911 955 946 1017 et
959 951 1013 1017 elii
1033 971 1040 1014 :
1057 969 1138 1018 nam
1151 956 1286 1036 tempus
1301 953 1439 1018 triennii
1453 969 1543 1018 eom

367 1059 514 1123 mittitur
527 1059 665 1126 arbitrio
682 1061 847 1145 episcopi,
865 1066 904 1125 ut
924 1058 1007 1125 illud
1022 1060 1138 1128 laxare
1159 1059 1215 1125 vel
1233 1062 1400 1144 stringere
1421 1061 1540 1143 possit,

367 1172 406 1231 ut
418 1169 545 1234 letetur
559 1168 707 1234 Sanchez
722 1175 757 1234 et
777 1169 834 1234 alii
850 1171 932 1253 (arg.
948 1187 977 1234 c.
993 1158 1033 1246 b,
1046 1170 1087 1236 dc
1107 1169 1258 1256 Appcl.);
1285 1188 1368 1253 ergo
1388 1171 1492 1236 etiam
1506 1169 1542 1233 in

367 1277 504 1343 arbitrio
519 1281 594 1362 ejus
607 1284 660 1343 est
675 1299 718 1344 ex
728 1281 822 1362 ¹justa
835 1297 939 1346 cauae
953 1280 1131 1346 absolvere
1146 1283 1225 1346 ante
1248 1279 1446 1356 triennium,
1463 1295 1542 1344 cum

366 1385 567 1468 regulariter
580 1387 736 1470 eJusdem
750 1388 794 1451 sit
806 1388 842 1451 in
858 1388 1034 1464 solvendo,
1050 1391 1148 1471 cujus
1164 1393 1237 1453 erat
1253 1389 1289 1453 in
1303 1387 1442 1470 ligando
1455 1386 1542 1452 arbi-

368 1494 498 1559 trium:
520 1500 593 1560 tum
619 1496 738 1581 quiea
764 1514 910 1561 censura
935 1515 1005 1562 non
1029 1500 1203 1563 reservata
1228 1497 1406 1580 episcopus
1428 1498 1543 1580 potest

366 1603 543 1669 absolvere
558 1624 619 1689 per
636 1605 754 1669 tritum
767 1623 796 1670 c.
808 1606 858 1682 29,
874 1607 915 1670 de
925 1605 1019 1672 Senl.
1033 1625 1172 1681 excom„
1186 1606 1232 1670 ibi
1245 1625 1277 1669 :«
1294 1605 1379 1682 Quia
1387 1605 1543 1671 eonditor

366 1714 506 1779 canonis
523 1717 598 1797 ejus
613 1713 862 1780 absolutionem
878 1716 941 1781 sibi
956 1715 1147 1800 specialiter
1159 1734 1230 1781 non
1244 1715 1394 1790 retinuit,
1411 1734 1452 1780 eo
1467 1715 1540 1798 ipso

365 1823 575 1888 concessisse
591 1817 726 1889 videtur
737 1823 932 1888 facultatem
946 1823 1021 1890 aliis
1036 1822 1211 1890 relaxandi
1225 1844 1232 1901 ;
1248 1850 1263 1882 a
1285 1824 1346 1888 sed
1360 1823 1540 1907 suspensio

367 1929 542 1996 triennalis
556 1933 611 1996 cit.
628 1951 656 1997 c.
672 1933 731 1996 fln.
749 1935 875 1999 statute
889 1951 960 1998 non
975 1939 1171 1998 reservatur
1183 1933 1297 2018 Papae;
1320 1951 1414 2016 ergo.

402 2089 489 2148 Dices
512 2109 520 2146 ε
543 2093 635 2149 Poena
652 2089 685 2148 in
705 2095 825 2164 tempus
847 2091 1003 2150 delinitum
1018 2091 1078 2150 late
1101 2108 1119 2150 a
1140 2107 1226 2151 conc.
1250 2107 1352 2166 gener.
1377 2092 1481 2164 nequit
1504 2091 1542 2150 eb

365 2179 507 2252 episcopo
522 2179 597 2250 tolli,
612 2195 680 2238 cum
698 2181 756 2240 iste
770 2182 810 2240 sit
824 2181 948 2240 inferior
964 2197 1048 2240 conc.
1065 2189 1095 2240 et
1106 2183 1173 2255 jure
1193 2197 1321 2254 eomm.;
1344 2196 1427 2256 ergo.
1452 2185 1539 2254 Resp.

366 2268 442 2326 bist.
459 2273 534 2326 ant:
555 2269 581 2327 si
602 2275 721 2342 tempus
742 2270 823 2329 istud
844 2285 907 2328 non
925 2269 1112 2344 relinquetur
1132 2270 1256 2330 arbitrio
1277 2269 1422 2344 episcopi,
1448 2270 1494 2329 vel
1514 2271 1540 2330 si

366 2374 455 2434 poena
470 2360 510 2418 sit
522 2365 684 2432 reservata,
699 2376 783 2420 conc.
800 2365 878 2432 ant.;
895 2375 996 2433 secus,
1013 2377 1083 2438 neg.
1100 2360 1292 2421 antecedens.

817 2759 1002 2838 TITULUS
1031 2761 1087 2835 lV.

757 2947 801 2993 DE
832 2947 962 2994 erodes
992 2947 1145 2996 oboedir.

405 3249 625 3316 Examinatur
644 3250 698 3315 hic
722 3250 848 3334 duplex
870 3250 1154 3336 impedimentum
1180 3251 1352 3335 lipomim's
1367 3270 1378 3316 .·
1393 3251 1539 3316 alterum
1558 3259 1561 3268 “

315 3380 319 3388 ·
365 3358 548 3442 impediens
563 3363 676 3423 ortum
696 3377 738 3422 ex
758 3358 992 3442 sponsalibus;
1012 3360 1159 3424 alterum
1175 3359 1334 3425 dirimens
1359 3364 1473 3425 ortum
1496 3379 1539 3424 ex

364 3467 594 3532 matrimonio.
612 3465 658 3532 Ne
675 3486 758 3533 vero
773 3468 908 3534 rubrica
921 3471 987 3535 ista
1008 3469 1052 3533 sit
1070 3469 1286 3554 incompleta,
1305 3470 1342 3534 in
1363 3487 1404 3535 ea
1424 3469 1539 3534 subin-

266 3644 270 3658 ,
366 3574 480 3657 tellige
495 3573 638 3640 alteram
651 3580 802 3658 partem:
818 3576 859 3640 de
870 3595 990 3662 sponso
1005 3575 1164 3640 duorum.

398 3758 416 3808 1.
433 3758 475 3811 An
490 3769 523 3810 ex
536 3757 714 3823 sponsalibus
727 3759 836 3814 oriatur
851 3759 1089 3825 impedimentum
1105 3761 1180 3825 juris
1194 3759 1340 3823 naturalis,
1355 3759 1510 3826 prohibens

783 3837 953 3891 contrahere
968 3849 1035 3891 cum
1049 3837 1124 3890 dle?

406 3981 507 4065 Resp.
523 3983 551 4045 1.
568 3981 788 4061 affirmative,
807 4003 849 4050 ex
863 4002 891 4050 c.
906 3986 921 4048 1
935 3985 968 4050 b.
984 3990 1021 4062 t.,
1038 4003 1118 4050 nam
1129 3989 1280 4070 spectato
1288 3987 1365 4069 jure
1381 3984 1536 4061 naturali,

366 4109 421 4156 res
436 4091 495 4154 uni
506 4092 685 4174 promissa,
702 4091 799 4157 altori
814 4092 927 4158 illicite
943 4093 1097 4171 traditur,
1113 4111 1192 4158 cum
1207 4092 1318 4175 prima
1330 4092 1416 4162 tides
1435 4092 1540 4158 viole-

367 4204 441 4276 tur;
466 4196 526 4263 sed
544 4217 605 4282 per
628 4200 798 4284 sponsalia
819 4201 1028 4284 promittitur
1042 4220 1176 4286 sponsae
1191 4219 1314 4286 corpus
1338 4205 1372 4266 et
1385 4201 1539 4265 tutorum

366 4307 643 4385 matrimonium;
669 4328 750 4391 ergo
773 4310 863 4374 licite
885 4309 981 4375 alteri
1002 4311 1088 4376 tradi
1112 4329 1183 4376 non
1210 4313 1341 4394 potest;
1371 4310 1399 4374 si
1425 4313 1539 4374 temen

367 4414 534 4494 tradatur,
558 4417 642 4481 inito
664 4419 882 4483 matrimonio
906 4419 948 4484 de
967 4420 1143 4503 presenti,
1167 4417 1260 4484 velet
1284 4415 1540 4494 matrimonium
1582 4399 1586 4410 ’

369 4523 434 4602 (cit.
458 4540 487 4587 c.
513 4525 529 4587 1
548 4525 581 4588 h.
605 4529 627 4588 1.
644 4530 677 4589 et
698 4543 726 4589 c.
750 4525 789 4590 11
810 4530 844 4590 el
860 4526 914 4606 31,
932 4527 973 4590 de
990 4527 1166 4613 Sponsol.,
1188 4531 1222 4591 et
1239 4544 1310 4608 arg.
1331 4525 1353 4588 l.
1368 4525 1434 4602 XV,
1452 4541 1480 4588 c.
1500 4523 1540 4588 de

365 4630 403 4694 ll.
426 4631 485 4714 V.),
501 4634 581 4718 quie
595 4634 770 4699 vinculum
785 4637 992 4704 matrimonii
1007 4637 1128 4702 fortius
1144 4640 1196 4700 est
1212 4633 1437 4719 sponsalibus.

406 4739 505 4824 Resp.
531 4743 560 4804 t).
586 4741 762 4827 Sponselie
782 4741 968 4809 dissolvere
987 4743 1188 4828 regulariter
1211 4762 1280 4810 non
1299 4745 1412 4826 potest
1430 4741 1538 4828 Papa,
