3418 5566
564 481 796 584 trsnnoururos
817 526 1035 576 nnranrenrmr.
1325 509 1384 576 ott

257 649 289 712 '1⁰
303 645 400 724 Quod
412 645 539 711 dictum
555 650 607 710 est
621 645 663 711 de
678 645 857 723 haereticis,
870 643 1013 728 intelligi
1028 644 1132 711 etiam
1145 643 1257 724 debet,
1272 628 1385 730 quoad
1516 702 1520 710 .

216 754 498 837 irregularitatem
509 753 707 836 presertim,
725 754 766 820 de
782 772 901 822 eorum
914 752 1115 832 fautoribus,
1132 751 1381 836 defensoribus,

144 883 146 888 ·
212 863 431 934 ,credentibus
450 866 485 930 et
500 862 744 948 receptoribus.

356 1091 576 1172 gibberosis
589 1091 801 1166 ternporottdas
814 1097 844 1154 et
857 1091 893 1152 dc
903 1091 1006 1166 judice
1020 1091 1239 1156 baeretiecrom.

641 1268 661 1319 1.
675 1265 953 1354 banetemporelos.
1346 1212 1348 1220 Ι

256 1414 367 1480 Poenae
395 1418 513 1482 eontra
535 1413 714 1502 hereticos
744 1413 935 1496 horumque
971 1417 1178 1498 receptores,
1213 1414 1380 1490 lautores,

216 1523 423 1599 defensores,
437 1523 624 1598 credentes,
636 1524 741 1604 ajure
751 1521 914 1588 canonico
928 1519 1005 1588 latae
1018 1523 1053 1588 et
1062 1519 1144 1588 olim
1157 1521 1279 1606 injure
1292 1519 1382 1588 civili

213 1637 370 1717 recepta,
389 1637 469 1697 sunt
483 1635 687 1717 sequentes:
1364 1655 1366 1660 v

253 1743 285 1807 1⁰
299 1741 452 1821 Haeretiei
461 1739 635 1806 infamiam
644 1738 719 1821 ipso
729 1740 807 1821 J'ure
817 1737 995 1803 incurrunt
1008 1737 1048 1819 (c.
1065 1737 1115 1815 13,
1131 1739 1151 1803 b
1166 1738 1201 1802 h.
1216 1739 1271 1821 t.);
1295 1755 1382 1822 opus

105 1929 107 1936 ,
212 1865 328 1925 tamen
350 1862 402 1924 est
423 1857 593 1924 sententie
618 1854 838 1924 declaratoris
856 1854 1017 1932 criminis,
1042 1853 1163 1923 saltem
1190 1856 1219 1920 si
1241 1855 1381 1922 haeresis

212 1987 283 2034 non
296 1969 341 2033 sit
352 1967 496 2033 notoria.

251 2079 283 2144 Ψ
300 2077 441 2143 Fiebant
452 2074 678 2153 intestabiles,
695 2079 766 2143 tem
780 2075 888 2142 active
903 2091 1006 2161 quam
1018 2073 1153 2162 passive
1169 2094 1177 2141 ε
1194 2092 1239 2143 ex
1250 2090 1323 2162 cap.
1341 2073 1380 2140 13

210 2187 245 2254 h.
259 2191 283 2250 t.
304 2190 339 2253 et
349 2189 426 2269 jure
441 2186 541 2252 civili.

251 2296 282 2360 3ο
298 2295 573 2361 confiscabantur
592 2314 711 2362 eorum
729 2296 829 2372 bona,
854 2313 898 2361 ex
913 2295 1036 2361 eodem
1050 2313 1122 2380 cap.
1139 2299 1173 2361 et
1183 2299 1261 2380 jure
1275 2293 1376 2361 civili.

211 2405 321 2482 Quare
335 2405 410 2469 iuee
428 2403 600 2487 disputant
611 2403 668 2488 CC.
681 2404 723 2470 de
738 2405 958 2488 incapacitate
970 2403 1116 2471 testandi
1130 2408 1164 2472 et
1178 2404 1219 2470 de
1229 2404 1292 2470 hac
1301 2422 1380 2470 con·
1498 2433 1502 2440 ·

210 2512 384 2579 decetione
406 2512 584 2578 bonorum.
612 2512 677 2577 Sed
690 2513 791 2577 hodie
811 2513 953 2596 quaestio
967 2532 1038 2579 non
1057 2516 1109 2577 est
1121 2513 1278 2597 practica,
1300 2505 1378 2576 ideo

211 2622 290 2706 quia
299 2624 357 2706 jus
366 2621 464 2687 civile
478 2619 810 2688 conceditheereticis
824 2621 944 2688 cadem
954 2623 1034 2707 jura
1054 2621 1166 2688 civilis
1180 2640 1284 2707 quam
1296 2619 1379 2687 flde-

208 2729 307 2794 libus.

248 2840 281 2903 4⁰
296 2839 331 2902 Si
343 2839 379 2902 in
392 2838 550 2903 haeresim
561 2837 675 2922 lapsus
689 2838 815 2905 liberos
828 2841 962 2918 habeat,
976 2840 1145 2908 amittitin
1156 2825 1220 2905 hos
1232 2838 1377 2923 patriam
1479 2932 1482 2938 ι
1551 2891 1554 2898 .

207 2946 479 3032 potestatem,ita
493 2947 611 3014 uthis
625 2948 679 3013 die
693 2950 867 3015 commissi
881 2951 1042 3029 criminis,
1054 2955 1132 3016 ante
1148 2967 1286 3016 omnem
1302 2966 1378 3012 sen-

208 3053 361 3133 tentiam,
375 3056 526 3139 suijuris
539 3056 729 3122 efficiantur
744 3058 826 3141 (cap.
838 3058 859 3123 2
871 3058 904 3122 h.
921 3062 945 3121 t.
962 3057 998 3123 in
1014 3059 1067 3139 6⁰).
1092 3040 1250 3141 Sequitur
1267 3055 1377 3120 fllium

207 3163 552 3249 catholicumparenti
565 3155 724 3230 haeretice
741 3169 836 3231 extra
850 3167 1088 3231 necessitatem
1102 3148 1291 3230 extremam
1304 3182 1376 3229 non

207 3273 317 3337 teneri
339 3274 490 3356 praebere
518 3271 696 3350 alimenta3
723 3273 803 3358 quia
835 3273 926 3339 iilius
952 3277 1131 3358 exemptus
1159 3289 1179 3340 a
1206 3275 1374 3356 potestate

207 3383 316 3463 patria
335 3385 513 3465 reputetur
527 3386 720 3448 extraneus.

247 3490 280 3553 5⁰
294 3487 525 3555 Tradebantur
538 3490 674 3555 brachio
689 3489 862 3568 saeculari3
880 3494 915 3556 et
925 3495 1076 3576 potestas
1090 3489 1260 3555 eaecularis
1273 3487 1375 3572 perti-

207 3615 309 3664 naces
322 3598 443 3682 punire
455 3599 589 3681 poteret
598 3615 701 3683 prena
713 3597 846 3682 capitali
860 3619 867 3662 :
882 3603 1016 3666 constat
1029 3616 1072 3664 ex
1078 3597 1181 3664 variis
1192 3597 1327 3681 juribus
1341 3600 1377 3686 et

207 3706 349 3782 ratione,
367 3705 596 3789 quiabaeresis
615 3712 667 3771 eet
680 3707 809 3773 crimen
826 3706 926 3773 uelde
946 3725 1097 3784 enorme,
1121 3711 1156 3772 et
1175 3723 1245 3772 non
1262 3703 1374 3770 solum

207 3814 373 3896 religioni,
390 3812 450 3880 sed
465 3813 568 3880 etiam
581 3815 653 3898 paci
668 3819 703 3878 et
723 3815 955 3900 tranquillitati
970 3815 1112 3899 publioae
1126 3815 1275 3879 maxime
1296 3830 1374 3877 oon-

208 3922 360 3985 trurinm.
376 3957 416 3967 -
429 3921 563 4006 Relapsi
582 3940 625 3987 ex
640 3923 888 3988 consuetudine
907 3941 1011 4006 poena
1027 3922 1117 4004 ignis
1134 3921 1371 4006 puniebantur,

210 4045 280 4093 uon
291 4033 405 4094 tumen
416 4029 496 4106 vivi,
513 4029 573 4095 sed
585 4030 760 4114 praemissa
774 4029 1053 4113 strangulatione.

612 4213 642 4264 11.
656 4211 745 4268 ludex
759 4212 965 4267 hereticorum.

247 4351 280 4434 α)
291 4353 354 4430 Qui
366 4353 434 4418 sint
443 4354 576 4438 judices
587 4361 819 4441 competentes
834 4359 995 4424 ordinarii
1007 4359 1044 4423 in
1057 4357 1198 4424 crimine
1213 4356 1374 4421 haeresis?

247 4462 279 4525 l·
292 4459 452 4544 Pontiser
464 4461 635 4530 Romanus
656 4471 708 4530 est
728 4484 908 4550 supremus
923 4465 1031 4550 judex
1048 4466 1084 4530 in
1106 4464 1246 4530 crimine
1267 4464 1372 4528 heere

208 4569 271 4646 eis3
294 4586 375 4636 nam
393 4571 435 4636 ab
453 4570 527 4654 ipso
548 4571 708 4644 Pontiiiee
728 4573 902 4642 descendit
920 4579 955 4642 et
973 4573 1144 4661 dependet
1163 4573 1275 4639 omnis
1291 4571 1372 4639 alio-

207 4696 285 4742 rum
296 4678 485 4762 jurisdictio
499 4679 692 4763 spiritualis.
