3500 5552
571 655 575 662 .
620 617 707 662 arnan
728 617 854 669 currrus
876 614 1096 660 prenarratur.
1387 595 1446 658 533

271 759 341 822 seq.
360 739 408 813 ta,
426 757 456 822 q.
476 739 505 813 7,
521 755 549 802 c.
564 737 584 801 t
597 737 631 800 h.
645 741 683 812 t.,
696 736 731 800 in
743 736 799 817 6⁰),
814 736 851 800 in
864 753 905 800 eo
920 734 1075 800 consistit
1090 737 1129 798 ut
1140 734 1317 817 episcopus
1332 749 1447 798 coram

272 849 310 911 lt
319 845 497 929 episcopis,
512 845 689 929 presbyter
702 861 816 910 coram
831 844 861 919 6,
874 842 1036 908 diaconus
1047 845 1082 906 et
1093 840 1322 906 subdiaconus
1332 858 1448 904 coram

270 957 481 1040 3episoopis,
506 956 685 1020 minorista
707 972 789 1020 vero
804 971 921 1020 coram
936 953 1095 1036 episcopo
1115 955 1149 1016 et
1170 950 1316 1035 capitulo
1332 951 1445 1016 cathe-

272 1065 367 1139 drali,
386 1063 633 1129 sententialiter
645 1061 860 1143 degradetur.
877 1062 920 1124 At
934 1059 975 1125 de
987 1062 1065 1142 jnre
1078 1077 1168 1124 novo
1183 1058 1270 1124 Trid.
1281 1059 1377 1140 (sess.
1396 1058 1444 1134 t3,

271 1191 299 1236 c.
312 1171 342 1249 4,
356 1172 397 1237 de
409 1173 508 1254 Hesi,
523 1171 550 1235 si
562 1176 612 1236 tot
626 1171 774 1254 episcopi
784 1169 901 1233 haberi
911 1161 1094 1252 nequeant,
1108 1166 1319 1232 sententialis
1330 1166 1448 1248 degra-

272 1281 374 1356 datio,
394 1279 497 1344 etiam
518 1279 717 1362 presbyteri,
740 1278 814 1342 fleri
828 1281 942 1360 potest
962 1294 1078 1342 coram
1099 1276 1241 1342 totidem
1256 1275 1445 1352 abbatibus,

272 1407 374 1454 usum
395 1389 504 1452 mitrae
529 1394 564 1452 at
586 1389 697 1454 baculi
722 1387 937 1462 habentibus,
964 1385 1122 1470 episcopo
1145 1385 1201 1449 vel
1226 1386 1300 1468 ejus
1321 1384 1446 1464 picario

270 1497 423 1580 generali
444 1496 696 1571 assistentibus;
716 1494 772 1559 vel
787 1495 814 1560 si
830 1513 900 1559 non
914 1493 1093 1559 commode
1108 1493 1274 1567 interesse
1289 1497 1444 1577 possunt,

271 1623 386 1670 coram
395 1629 410 1664 «ι
421 1603 495 1669 aliis
505 1605 661 1688 personis
673 1604 708 1669 in
717 1603 943 1670 ecclesiastica
953 1601 1116 1684 dignitate
1126 1601 1319 1668 constitutis
1331 1627 1358 1678 a,
1372 1621 1447 1685 qnae

271 1717 370 1780 aetate
385 1732 507 1796 graves
522 1731 561 1778 ac
571 1715 659 1796 juris
674 1713 816 1778 scientia
827 1710 1116 1778 commendabiles
1134 1712 1291 1776 existant.

310 1822 517 1886 Assistontes
536 1822 592 1886 isti
615 1821 650 1885 in
668 1819 796 1903 judicio
817 1819 1069 1902 degradationis
1085 1821 1214 1884 habent
1227 1823 1344 1886 votum
1360 1819 1450 1890 deci-

272 1935 395 2009 sivum,
414 1937 448 1998 et
468 1929 674 2015 probabilius
694 1931 864 1996 sententia
883 1949 1003 1996 eorum
1024 1929 1125 1996 debet
1150 1948 1225 1996 esse
1245 1949 1396 2010 concors,
1415 1939 1449 1999 et

272 2060 342 2108 non
357 2045 491 2107 tantum
507 2039 655 2122 amajori
667 2043 762 2123 parte
775 2039 815 2121 (c.
827 2039 857 2114 3,
871 2038 912 2103 de
924 2037 1019 2129 Serra
1033 2045 1064 2102 et
1073 2057 1109 2102 re
1112 2039 1216 2122 jud.];
1229 2058 1310 2126 napr
1320 2042 1448 2108 lactum

274 2177 290 2208 «
299 2149 511 2216 concorditer
522 2173 537 2206 a
554 2148 736 2232 opponitur
750 2148 839 2212 facto
854 2147 1009 2230 amajori
1023 2151 1118 2230 parte
1135 2147 1173 2230 (o.
1190 2148 1240 2226 30,
1258 2148 1299 2214 de
1313 2148 1444 2234 Elaea),

272 2261 419 2326 maxime
432 2259 468 2324 in
483 2259 626 2324 materia
639 2257 816 2323 criminali.

311 2369 343 2434 Ψ
353 2369 474 2433 Forma
489 2367 741 2449 degradationis
755 2368 856 2433 realis
872 2367 1060 2433 traditurin
1076 2367 1262 2434 pontificali
1277 2369 1447 2436 Romano:

271 2479 357 2544 Fieri
366 2477 466 2542 debet
476 2477 683 2561 abepiscopo
695 2483 892 2543 consecrato
900 2478 1047 2562 proprio,
1057 2477 1114 2542 vel
1122 2479 1164 2543 ab
1173 2477 1239 2544 alio
1249 2477 1447 2547 consecrato

271 2587 432 2671 deputato
446 2585 485 2668 (c.
510 2587 577 2649 111.
594 2585 686 2661 1.,’111
701 2586 755 2666 6⁰).
774 2585 900 2650 Clerico
918 2585 1071 2650 vestibus
1092 2587 1196 2652 saeris
1210 2587 1342 2667 induto,
1362 2591 1448 2656 acsi

271 2673 411 2760 deberet
436 2695 470 2758 in
496 2694 607 2758 officio
635 2711 696 2756 sno
725 2693 924 2757 solemniter
945 2694 1151 2772 ministrare,
1172 2695 1340 2776 gradatim
1365 2699 1447 2782 ipsae

270 2808 385 2868 vestes
410 2820 513 2868 sacrae
539 2821 646 2886 usque
671 2801 713 2866 ad
736 2807 863 2866 cottam
889 2820 948 2866 seu
977 2801 1260 2885 superpelliceum
1281 2805 1446 2872 inclusive
1553 2845 1559 2858 ·

271 2915 482 2978 auferuntur.
508 2911 630 2975 Postea
653 2928 732 2974 reus
757 2909 839 2974 olim
864 2908 1060 2974 tradebatur
1077 2910 1182 2992 judici
1202 2913 1364 2990 saeoulari,
1389 2916 1446 2998 qui

271 3040 340 3086 non
355 3020 583 3102 cognoscebat
595 3019 636 3084 de
648 3018 762 3084 valore
778 3018 1041 3100 degradationis,
1053 3038 1165 3103 neque
1177 3019 1218 3084 da
1233 3022 1446 3090 criminatori

272 3128 498 3202 ecclesiastici,
525 3131 642 3209 utpote
655 3143 782 3196 ,carens
805 3125 1040 3208 jurisdictione
1065 3126 1307 3205 ecclesiastioa;
1333 3135 1446 3196 tamen

272 3238 383 3323 quoad
391 3237 533 3303 crimina
542 3235 639 3299 mixti
647 3235 723 3312 fori,
736 3236 904 3319 potuisset
914 3254 1248 3319 novumprocessum
1256 3238 1445 3304 instituere.

472 3463 594 3521 SECTIO
614 3465 647 3520 ll.
663 3493 698 3505 -
714 3461 752 3520 Da
771 3479 862 3521 rmrus
881 3478 1083 3522 rruroaausus
1102 3480 1243 3524 raconem.

401 3638 421 3687 1.
434 3634 578 3699 rrnetpua
590 3645 674 3699 poena
690 3633 855 3698 temporalis
867 3633 920 3686 fori
933 3635 1114 3689 ecclesiastici
1129 3637 1173 3689 ast
1187 3635 1313 3702 infamia.

311 3784 342 3846 1ο
365 3782 507 3848 Infamia
528 3788 581 3847 est
604 3782 748 3866 privatio
765 3782 864 3848 bonae
879 3784 978 3848 famae
995 3789 1029 3849 et
1043 3783 1157 3850 illaesae
1173 3785 1443 3852 existimationis.

268 3893 326 3959 Est
341 3893 465 3977 duplex
480 3915 487 3956 ε
505 3893 644 3958 infamia
652 3896 749 3977 sacti,
766 3913 841 3979 quar
853 3914 896 3960 ax
907 3895 1020 3979 pravis
1035 3898 1187 3962 moribus
1203 3898 1319 3976 oritur,
1337 3904 1372 3962 et
1385 3916 1447 3981 per

270 4003 545 4068 emendationem
566 4002 736 4078 aboletur;
760 4003 899 4067 infamia
918 4005 1019 4087 juris,
1039 4023 1114 4089 quae
1135 4006 1334 4070 auctoritate
1358 4005 1445 4090 juris

269 4112 312 4176 ob
330 4115 426 4194 turpe
441 4111 569 4176 crimen
581 4111 745 4190 infligitur
762 4131 769 4174 :
785 4111 858 4176 haec
873 4111 945 4177 sola
964 4112 1131 4177 rationem
1146 4129 1256 4196 poenae
1270 4113 1383 4178 babet.

307 4219 339 4283 2⁰
350 4218 492 4283 Infamia
503 4218 591 4301 juris
607 4218 714 4282 tribus
725 4219 836 4284 modis
846 4220 1057 4284 contrahitur
1072 4240 1080 4284 :
1096 4221 1170 4303 ipso
1180 4223 1269 4304 jure,
1288 4218 1444 4304 dumjus,

268 4331 348 4392 ante
363 4325 467 4391 ullam
484 4326 700 4404 sententiam,
717 4326 885 4411 aliquibus
899 4327 1029 4394 delictis
1043 4329 1194 4393 annectit
1205 4328 1391 4406 infamiam,
1409 4335 1447 4394 ut

268 4434 400 4499 crimini
419 4436 508 4498 laesae
527 4434 727 4516 majestatis,
746 4434 879 4510 haeresi,
896 4436 1020 4512 usuris,
1042 4436 1223 4514 lenocinio,
1247 4439 1323 4513 eto,
1342 4438 1444 4505 modo

268 4545 397 4607 crimen
420 4542 464 4606 sit
484 4543 671 4607 notorium.
695 4542 887 4608 Generatim
907 4544 964 4629 qui
981 4547 1058 4628 jura
1082 4545 1171 4610 civili
1193 4550 1274 4608 sunt
1286 4546 1443 4622 infames,

269 4651 372 4716 etiam
383 4652 461 4734 juro
476 4650 638 4716 canonico
653 4668 714 4733 pro
730 4651 852 4715 talibus
866 4653 1045 4742 habentur,
1063 4653 1128 4717 nisi
1140 4653 1271 4738 hoojns
1283 4673 1443 4738 expresse

269 4759 444 4824 infamiam
462 4757 573 4824 tollat:
590 4759 637 4825 ita
651 4759 953 4825 communiterlll).
969 4760 1184 4828 contrahitur
1195 4766 1360 4846 praeterea
1372 4781 1443 4828 sen·
