3418 5566
555 605 642 653 maan
663 577 1033 662 oornrns'oncnnrlucu.
1053 593 1055 596 ’
1323 587 1384 674 299

211 727 348 812 quando
361 727 409 793 ita
423 731 606 814 opponitur
618 731 708 805 tldei,
723 733 762 794 ut
775 730 819 794 sit
829 729 1006 814 culpabilis
1022 727 1178 813 ejusdem
1190 729 1384 810 ignorantia

210 835 265 902 vel
280 854 375 902 error
384 837 473 902 circa
485 855 541 902 res
552 837 643 903 fldei.

250 946 281 1028 b)
293 945 476 1011 lntldelitas
491 949 672 1024 contraria,
690 967 732 1012 ex
747 949 850 1014 ruodo
865 946 1077 1032 repugnandi
1091 946 1182 1024 fldei,
1200 944 1383 1010 subdividi·

210 1054 315 1117 turin
329 1055 579 1137 paganismum,
597 1056 808 1138 judaismum
828 1059 863 1120 et
876 1055 1046 1132 haeresim,
1063 1059 1097 1118 et
1110 1055 1184 1118 baec
1197 1053 1318 1117 divisio
1330 1059 1383 1117 est

211 1161 1385 1249 adaequata:nampeccatuminddelitatissoucontrarevolationemsst

211 1272 284 1336 sive
295 1272 453 1355 negando
465 1293 508 1338 ex
522 1279 594 1340 toto
609 1275 665 1340 vel
674 1295 717 1341 ex
728 1280 824 1359 parte
837 1280 1020 1358 utrumque
1031 1273 1296 1346 Testamentum,
1310 1269 1382 1334 sive

211 1380 420 1446 admittendo
434 1381 538 1447 Vetus
554 1389 589 1448 et
602 1384 760 1464 negando
775 1383 998 1460 Novum,sivo
1017 1380 1157 1446 taudem
1170 1377 1382 1444 admittendo

211 1491 405 1571 utrumque,
423 1489 483 1554 sed
506 1507 576 1556 non
599 1491 742 1572 integre.
766 1491 814 1556 De
828 1491 959 1556 duabus
979 1488 1149 1574 prioribus
1174 1485 1384 1551 infidelitatis

211 1595 388 1678 speciebus
397 1597 509 1678 agitur
521 1598 629 1664 inboc
643 1597 873 1683 tituloltaque
889 1599 920 1662 1⁰
934 1597 1154 1682 paganismus
1163 1597 1217 1659 est
1226 1591 1383 1657 errorvel

212 1708 304 1768 secta
315 1722 510 1788 repugnans
520 1704 599 1772 fidei
614 1707 758 1790 scn'ptae,
775 1707 846 1771 sive
856 1723 987 1786 negans
1002 1703 1165 1787 mysteria
1179 1706 1213 1767 et
1221 1700 1383 1767 veritates

211 1811 311 1878 aDeo
325 1813 504 1889 revelatas,
523 1818 595 1878 tum
609 1814 645 1878 in
666 1810 799 1890 Vetere,
816 1818 889 1877 tum
904 1813 940 1877 in
955 1813 1048 1878 Novo
1073 1811 1289 1876 Testamenta
1302 1828 1311 1871 ε
1326 1809 1384 1892 qui

209 1920 510 2006 hancseqnnntur,
526 1923 650 2006 pagani
674 1927 708 1988 et
730 1917 1384 2006 gentilesappellantnr.Hujusspecies

212 2032 265 2092 est
279 2033 372 2093 secta
383 2029 656 2106 sarracenorum,
675 2030 723 2096 sic
736 2049 757 2096 a
771 2031 907 2101 Sarraca
922 2030 1052 2095 drabiae
1065 2027 1200 2093 civitate
1212 2043 1385 2108 nuncupa·
1429 2099 1433 2108 ,

212 2139 334 2214 torum,
352 2155 422 2202 non
435 2156 517 2203 vero
532 2156 552 2203 a
566 2139 648 2205 Sara
661 2157 768 2204 uxore
782 2139 936 2216 dbrahae,
953 2157 973 2204 a
995 2156 1062 2222 qua
1077 2155 1113 2201 se
1134 2135 1299 2218 originem
1318 2132 1386 2198 tra·'

211 2246 292 2310 here
308 2246 533 2309 mentiuntur:
550 2247 606 2310 isti
621 2251 804 2331 utrumque
820 2247 1076 2312 Testamentum
1090 2263 1133 2310 ex
1148 2247 1244 2328 parte
1261 2240 1382 2307 admit-
1492 2307 1494 2312 .

212 2357 299 2428 tunt,
317 2353 562 2430 ethlahumetis
576 2353 741 2419 Alccrano
752 2354 937 2420 adhaerent.

250 2461 283 2524 T·
296 2460 489 2525 Iudaismus
505 2465 557 2527 ost
571 2479 667 2527 error
681 2462 861 2526 hominnm
874 2461 988 2544 legem
1009 2461 1174 2526 duntaxat
1197 2457 1378 2524 Mosaioam

213 2567 415 2632 sectantium
438 2590 446 2632 :
473 2569 509 2632 in
529 2569 593 2633 hoc
613 2574 764 2653 peccant,
789 2569 880 2651 quod
899 2568 1013 2650 legem
1033 2581 1172 2642 novam,
1196 2568 1295 2649 cujus
1317 2565 1384 2629 hlo-

213 2676 304 2741 saica
326 2683 399 2742 erat
417 2677 537 2741 umbra
552 2681 587 2740 et
604 2677 725 2758 ligura,
747 2677 911 2760 reJiciant.
932 2676 1040 2741 tudaei
1060 2692 1142 2757 ergo
1155 2675 1211 2739 hio
1225 2672 1385 2738 dicuntur

212 2784 270 2867 qui
282 2783 457 2848 adhaerent
472 2783 536 2850 soli
550 2783 661 2849 Veteri
677 2783 894 2850 Testamenta
914 2785 1042 2868 absque
1064 2781 1132 2847 ilde
1152 2781 1189 2845 in
1211 2781 1381 2846 Christum
1423 2797 1424 2800 ’

211 2895 374 2976 tanquam
395 2910 517 2956 verum
535 2892 701 2956 Messinm.
732 2892 804 2957 Vox
822 2892 936 2956 Iudai
954 2890 1136 2974 aliquando
1160 2890 1321 2974 adripitur
1341 2887 1384 2958 ad
1472 2951 1476 2958 .

213 2998 470 3080 significandam
485 3003 636 3080 gentem,
653 3001 700 3063 sic
720 2999 844 3063 dictam
858 3017 878 3064 a
893 2997 981 3062 trihu
996 2997 1092 3074 luda,
1115 3016 1194 3062 oum
1211 2997 1305 3080 prius
1326 3015 1385 3079 ap·
1412 3081 1416 3091 1

211 3106 419 3189 pellerentur
441 3107 571 3171 llehraei
598 3109 639 3172 ab
666 3107 786 3181 Heben,
808 3109 906 3189 cujus
929 3105 1057 3172 ramilis
1079 3104 1209 3169 cultum
1227 3103 1300 3170 veri
1323 3104 1382 3168 hei

213 3215 478 3298 sempertennit.

252 3323 278 3404 c)
290 3322 338 3386 Ex
353 3323 606 3387 definitionibus
620 3322 774 3405 sequitur
788 3321 1109 3406 qnodpaganismus
1119 3319 1172 3396 sit,
1185 3319 1316 3385 ratione
1327 3337 1384 3384 ex-

211 3430 385 3506 clusionis,
400 3431 538 3512 gravior
555 3431 738 3513 judaismo,
764 3447 845 3494 nam
865 3428 979 3512 pluras
1002 3426 1162 3493 articulos
1179 3426 1259 3491 tldoi
1280 3432 1384 3508 negat

213 3557 315 3622 qnam
326 3538 533 3621 judaismus;
551 3538 610 3602 sed
625 3537 965 3624 absolutetloqcendo,
979 3537 1172 3619 judaismus
1183 3540 1235 3599 est
1247 3533 1384 3616 grador
1483 3531 1485 3540 ’

212 3645 424 3728 paganismo,
442 3647 522 3731 quia
531 3645 636 3729 jndaei
652 3647 819 3729 majorem
833 3645 892 3708 Dei
908 3649 942 3710 et
956 3644 1204 3727 scripturarum
1219 3641 1383 3724 cognitio-

213 3770 293 3816 nem
304 3751 431 3818 habent
443 3770 546 3837 quam
560 3752 716 3834 gentiles,
733 3757 768 3816 et
783 3753 860 3816 ideo
877 3769 997 3816 eorum
1009 3752 1185 3834 peccatum
1206 3751 1316 3832 magis
1329 3753 1382 3813 est

212 3857 443 3925 voluntarium
458 3864 494 3924 et
504 3857 745 3924 inexcusabile.

417 4091 433 4164 ς
448 4093 481 4149 ll.
497 4092 538 4172 lle
552 4092 819 4152 communicatione
831 4091 965 4165 fideliam
979 4105 1046 4151 cam
1057 4091 1181 4165 jurae.

523 4263 855 4318 reclamassemus
869 4255 936 4330 arga
949 4263 1072 4329 judeos.
1116 4261 1118 4270 ’

253 4409 286 4490 c)
306 4407 407 4472 Licita
429 4407 618 4472 tolerantur
633 4407 739 4492 judaei
761 4409 852 4474 iuter
871 4409 1088 4486 christianos,
1114 4413 1152 4472 ut
1180 4411 1313 4474 constat
1341 4427 1384 4473 ax

218 4517 277 4582 att
289 4515 360 4597 huj.
378 4516 441 4591 tit,
454 4520 488 4579 et
501 4515 565 4581 hoo
579 4524 632 4581 est
645 4518 818 4583 contemta
833 4515 1006 4600 Apostolo,
1023 4514 1065 4580 ad
1079 4514 1260 4592 Romanos,
1272 4535 1315 4594 x1,
1328 4517 1378 4594 25,

217 4623 275 4686 ubi
292 4623 391 4687 docet
406 4623 540 4706 judaeos
553 4629 633 4689 aute
647 4625 752 4689 tinem
759 4623 877 4689 mundi
888 4624 930 4689 ad
940 4622 1110 4687 Christum
1118 4623 1378 4689 convertendos.

214 4728 310 4794 Ratio
326 4736 388 4808 est,
405 4730 483 4816 qnia
494 4730 599 4815 judaei
614 4732 694 4798 dant
708 4732 787 4798 tldei
800 4731 990 4797 christianae
1005 4735 1210 4814 perpetuum
1229 4731 1381 4796 testimo·
1465 4809 1467 4814 Ι
