3412 5570
420 513 480 578 lou
879 532 931 580 tus
952 529 1132 580 csuourcou.

421 651 527 716 tentia
544 667 697 718 censurae
719 655 839 718 contra
859 671 895 718 se
908 651 986 720 latae
1007 672 1015 716 :
1037 650 1085 717 ita
1102 649 1250 732 Pirhing,
1270 667 1304 714 n.
1320 648 1376 728 433
1391 649 1582 735 Sobmalzg,
1651 682 1652 758 3

420 779 454 824 n.
472 760 521 836 13,
539 763 615 838 etc,
627 760 660 824 h.
676 765 699 824 t.

637 942 668 996 il.
683 940 775 998 Dubia
788 943 919 1010 quadam
934 944 1084 1000 solvuntur
1098 943 1174 1000 eirca
1189 943 1252 1000 illas
1268 955 1374 1012 penas.

458 1091 490 1154 1ο
503 1089 556 1155 An
567 1110 630 1175 per
644 1093 844 1158 exercitium
859 1099 997 1159 actuum
1022 1095 1152 1160 ordinis
1176 1093 1381 1175 irregulares
1404 1091 1585 1158 alliciantur

418 1197 522 1264 etiam
536 1201 820 1265 excommunicati
836 1200 981 1280 tolerati,
997 1221 1058 1268 seu
1071 1220 1141 1267 non
1153 1200 1309 1266 vitandi?
1323 1199 1471 1265 Dubium
1485 1199 1584 1264 oritur

418 1324 461 1370 ex
472 1311 581 1372 const.
593 1306 1002 1386 Adccitcodcltlartiniv,
1015 1309 1072 1374 ubi
1081 1307 1343 1374 communicatio
1352 1326 1431 1373 cum
1441 1305 1583 1372 toleratis

416 1415 635 1496 permittitur.
679 1469 684 1477 .

456 1519 522 1587 Sed
540 1523 767 1607 respondetur
787 1526 1006 1603 alllrmative;
1029 1543 1110 1591 nam
1126 1527 1206 1610 Jura
1224 1544 1294 1590 non
1314 1524 1538 1606 distinguunt,
1555 1525 1584 1586 et

415 1629 472 1695 illa
491 1631 599 1696 const.
625 1651 695 1698 non
724 1634 834 1699 estin
863 1635 1017 1700 lavorem
1042 1635 1434 1709 excommunicatorum,
1465 1634 1501 1696 at
1521 1647 1583 1696 uon

415 1737 528 1818 agitur
542 1739 583 1804 de
599 1741 950 1806 excommunicatione
964 1741 1099 1818 minori,
1111 1758 1186 1826 quae
1198 1741 1381 1824 opponitur
1393 1743 1526 1805 tantum
1539 1756 1584 1802 re·

414 1845 563 1928 ceptioni
582 1853 884 1926 sacramentorum,
900 1866 970 1914 non
991 1867 1074 1913 vero
1094 1848 1389 1913 administrationi.

454 1951 581 2018 Tamen
597 1955 625 2018 si
643 1956 959 2021 excommunicatus
974 1956 1148 2034 toleratus,
1163 1955 1315 2038 legitime
1325 1959 1478 2038 rogatus,
1496 1971 1583 2019 excr-

414 2063 490 2125 aeat
505 2065 619 2126 actum
634 2063 774 2139 ordinis,
790 2081 861 2128 non
875 2064 1027 2128 incurret
1044 2063 1329 2145 irregularitatem
1344 2083 1351 2140 ;
1378 2063 1458 2146 quia
1478 2062 1515 2126 in
1527 2062 1583 2125 hoc

414 2185 505 2245 casu,
517 2185 596 2233 cunr
610 2169 785 2235 moraliter
799 2172 1030 2237 necessarium
1044 2172 1088 2236 sit
1099 2177 1160 2236 aut
1172 2171 1271 2239 valde
1286 2170 1379 2246 utile,
1396 2176 1435 2235 ut
1456 2188 1584 2236 excom-

412 2277 605 2342 municatus
619 2279 711 2344 huuc
725 2285 839 2344 actum
854 2285 1021 2358 exerceat,
1037 2281 1073 2345 id
1087 2281 1198 2346 lacere
1212 2280 1337 2364 poterit
1352 2280 1425 2346 sine
1439 2285 1582 2364 peccato,

412 2400 452 2448 ae
464 2392 715 2471 consequenter
726 2388 798 2453 sine
812 2407 925 2473 poena.
942 2387 1000 2452 Est
1009 2387 1160 2470 legitime
1175 2391 1327 2470 rogatus,
1344 2387 1481 2472 quando
1496 2392 1582 2453 actus

412 2492 456 2556 ad
467 2494 621 2559 levorem
635 2497 784 2578 patentis
796 2497 955 2580 pertinet,
971 2496 1019 2561 ita
1029 2501 1067 2560 ut
1080 2497 1135 2560 isti
1149 2495 1304 2561 nonleve
1316 2495 1447 2560 bonum
1456 2495 1580 2570 afferat,

413 2617 475 2664 seu
487 2602 607 2684 petitio
623 2603 667 2666 sit
678 2603 766 2668 seria
780 2606 815 2668 et
828 2622 911 2669 vera
924 2621 1028 2669 eausa
1041 2603 1192 2668 exercitii
1207 2603 1346 2668 ordinis.
1361 2639 1401 2650 -
1415 2603 1582 2668 Verumta-

411 2725 504 2786 men,
521 2709 549 2773 si
563 2714 680 2793 posset
693 2711 787 2794 prius
808 2710 1060 2776 absolutionem
1077 2728 1230 2775 censurae
1244 2713 1374 2794 petere,
1389 2709 1445 2775 vel
1459 2707 1581 2794 petenti
1657 2777 1658 2800 χ

411 2816 584 2899 paralium
599 2837 671 2883 non
686 2819 1023 2884 excommunicatum
1038 2819 1246 2895 satisfacere,
1261 2818 1318 2882 vel
1332 2818 1473 2883 tandem
1489 2817 1582 2882 exol-

394 2907 488 2991 'iloio
496 2944 566 2991 non
576 2931 752 2992 teneretur
760 2927 954 2993 ministrare
962 2929 1035 2992 heac
1044 2933 1267 3004 sacramenta,
1275 2945 1345 2992 non
1357 2931 1579 2992 excusaretur.

410 3033 508 3099 Ratio
523 3039 585 3113 est,
601 3037 681 3120 quia
694 3037 788 3102 nulla
803 3041 855 3102 est
869 3038 1066 3112 necessitas,
1083 3041 1119 3102 et
1132 3035 1215 3102 alias
1225 3036 1344 3120 petitio
1360 3035 1434 3118 ipsa
1446 3033 1582 3100 essetil-

409 3141 514 3232 licita,
527 3144 682 3210 Diximus
696 3171 711 3206 a
731 3147 904 3225 toleratus,
918 3173 933 3206 »
949 3149 1113 3232 quianon
1128 3147 1293 3212 toleratus
1306 3146 1497 3210 incurreret
1511 3144 1580 3207 irra-

410 3251 638 3332 gularitatem,
662 3254 796 3318 etiamsi
821 3255 999 3320 absolvere
1021 3253 1311 3320 sacramentaliter
1334 3253 1494 3328 intentet,
1511 3267 1581 3316 curn

410 3358 520 3425 valide
546 3359 723 3427 absolvere
751 3367 909 3446 nequeat.
934 3363 1031 3428 Ratio
1048 3367 1111 3440 est,
1139 3363 1218 3446 quia
1240 3361 1409 3427 nonlicet
1430 3357 1581 3423 lldelibus

410 3469 662 3534 communicare
678 3487 756 3534 oum
770 3471 930 3547 vitandis,
945 3476 979 3534 et
993 3470 1071 3537 ideo
1086 3470 1201 3536 illicita
1215 3474 1307 3534 esset
1320 3469 1450 3552 petitio.

450 3577 482 3640 2⁰
503 3577 555 3640 An
580 3597 642 3660 per
661 3577 845 3642 invalidam
865 3577 1195 3642 administrationem
1219 3580 1512 3642 sacramentorum
1531 3591 1580 3639 ex·

409 3685 680 3750 communicatus
702 3685 853 3750 incurrat
876 3685 1189 3768 irregularitatem?
1216 3685 1315 3768 Resp.
1346 3701 1426 3749 cum
1451 3682 1580 3748 distinc-

410 3793 533 3857 tione:
564 3793 592 3856 si
615 3811 659 3856 ex
692 3791 826 3857 delectu
853 3793 1054 3860 intentionis
1067 3793 1250 3877 requisitae,
1275 3789 1497 3876 probabiliter
1517 3807 1580 3856 uon

409 3901 592 3966 incurritur
605 3900 847 3983 irregularitas,
865 3903 944 3986 quia
961 3907 1068 3979 actus,
1085 3902 1188 3967 etiam
1204 3907 1242 3965 ut
1254 3900 1408 3984 procedit
1418 3919 1461 3964 ex
1478 3899 1580 3962 inten-

411 4010 503 4075 tione
524 4009 668 4091 agentis,
690 4027 760 4074 non
782 4013 836 4073 est
859 4028 942 4074 usus
965 4010 1119 4074 ordinis:
1141 4015 1256 4074 tamen
1279 4010 1347 4092 qui,
1369 4009 1405 4073 in
1425 4005 1579 4073 sacrificio

408 4117 534 4196 missae,
550 4117 724 4181 omitteret
737 4121 870 4182 tantum
880 4119 1181 4196 consecrationem,
1192 4123 1284 4183 esset
1294 4116 1501 4200 irregularis,
1510 4113 1580 4198 quia

410 4225 497 4291 actio
506 4225 580 4308 ipsa
589 4225 714 4288 sulsscit
722 4225 764 4290 ad
776 4224 1060 4307 irregularitatem
1066 4225 1306 4291 incurrendam
1318 4245 1324 4288 :
1337 4224 1385 4288 ita
1399 4221 1577 4300 selmum.

409 4335 455 4417 (h.
470 4340 494 4399 t.
510 4354 545 4399 n.
561 4335 623 4418 25),
639 4338 718 4418 post
732 4333 910 4398 Suarea—
920 4333 954 4398 Si
967 4352 1050 4399 vero
1066 4351 1110 4399 ex
1123 4333 1257 4400 delectu
1272 4332 1425 4397 materiae
1439 4331 1496 4396 vel
1509 4329 1580 4394 sub

407 4442 490 4526 jacti
503 4446 556 4507 est
577 4442 765 4508 invalidum
784 4446 1046 4520 sacramentum,
1068 4431 1384 4508 excommunicatus
1399 4439 1579 4506 incurreret

409 4550 704 4646 irregularitatem,
722 4553 802 4637 quia
814 4569 896 4618 vere
913 4551 1018 4618 violat
1036 4569 1220 4618 censuram
1238 4569 1301 4634 per
1318 4549 1518 4616 exercitium
1533 4563 1579 4612 or

412 4659 509 4726 dinis.
