3504 5548
598 538 685 583 Lllilill
707 538 834 592 QUINTUS
857 537 1076 582 nscsurnttuu.
1364 523 1424 590 489

250 656 371 718 reunia
387 653 527 718 ecclesia
537 655 609 720 sine
624 673 684 739 spe
700 655 981 730 raaediticaticnis,
997 659 1145 737 pereunt
1157 657 1334 739 privilegia
1346 660 1425 724 huic

250 760 324 826 loco
339 762 551 839 inhaerentia,
567 781 610 828 ex
621 780 693 844 reg.
710 783 772 826 xun
786 764 822 827 in
835 764 878 827 6⁰.
893 763 928 826 Si
942 780 1024 826 vero
1041 762 1179 828 daretur
1192 782 1270 846 spes
1285 766 1425 831 reaedifi-

250 869 402 945 cationis‚
416 887 488 934 uon
501 874 651 935 cessaret
663 871 894 954 privilegium3
916 870 977 934 sed
995 889 1051 934 ras
1071 878 1290 936 conservaret
1310 875 1426 939 omnia

252 995 313 1041 sua
323 975 509 1059 privilegia.
523 976 649 1042 Tamen
659 978 688 1042 si
701 978 879 1061 privilegia
891 981 1007 1044 essent
1021 996 1183 1044 concessa
1196 981 1426 1064 principaliter

250 1084 392 1148 aedificio
405 1089 465 1148 aut
475 1083 635 1160 ccclesiae,
649 1085 757 1165 altari,
768 1090 801 1150 et
814 1105 934 1151 eorum
944 1104 1027 1150 usus
1041 1085 1325 1171 requiratlocum,
1339 1108 1372 1153 v.
1388 1109 1421 1171 g.

250 1191 463 1275 indulgentia
478 1193 594 1258 altaris
607 1193 821 1277 privilegiati,
839 1212 910 1259 non
925 1195 1183 1260 destruerentur
1197 1197 1347 1278 quidem,
1364 1197 1425 1262 sed

252 1301 543 1384 suspenderentur
556 1319 665 1386 usque
680 1302 724 1367 ad
736 1301 1036 1368 reaedificationem
1051 1322 1059 1364 z
1073 1303 1121 1366 ita
1132 1304 1324 1368 communis
1335 1310 1422 1370 sent.

250 1408 465 1474 eumFerrar.
478 1409 512 1492 (l.
528 1425 568 1486 c,
584 1428 614 1475 a.
631 1411 662 1487 3,
678 1429 713 1476 n.
732 1411 791 1493 10).

247 1562 251 1569 -
290 1517 318 1599 d)
331 1515 397 1582 Sed
416 1516 578 1601 quaeritur
592 1521 707 1582 utrum
727 1497 943 1600 privilegium
960 1520 1099 1584 liniatur
1112 1525 1221 1584 morte
1239 1521 1426 1585 coneeden-

250 1625 312 1688 tis?
327 1626 358 1688 1⁰
372 1625 609 1708 Respondetur
622 1626 823 1708 regulariter
837 1644 906 1691 non
929 1629 1050 1703 amitti,
1075 1632 1113 1692 ut
1134 1628 1258 1693 docent
1275 1647 1426 1693 commu·

250 1732 338 1797 niter
350 1732 416 1796 DI).
433 1732 540 1810 Ratio,
557 1733 636 1817 quia
645 1733 764 1814 regula
772 1734 941 1815 generalis
956 1735 1107 1817 estquod
1122 1736 1233 1816 gratia
1249 1735 1355 1801 semel
1362 1736 1425 1800 rite

250 1841 390 1904 obtenta
407 1843 442 1905 et
462 1844 635 1921 acceptata
652 1858 723 1905 nou
745 1846 857 1906 cessat
880 1859 940 1924 per
953 1847 1101 1906 mortem
1128 1842 1358 1918 concedentis,
1389 1848 1428 1908 ut

250 1947 380 2012 eruitur
394 1966 437 2012 ex
451 1966 479 2011 c.
496 1949 527 2025 9,
541 1948 583 2012 de
597 1948 662 2030 Off.
671 1949 749 2028 jud.
762 1948 882 2033 delep,
900 1949 935 2014 in
949 1949 992 2026 6⁰,
1008 1953 1042 2014 et
1052 1969 1080 2014 c.
1094 1951 1144 2028 36,
1157 1949 1326 2030 derret,
1338 1951 1424 2016 iu6·.

250 2055 485 2134 confirmatur,
508 2059 587 2142 quia
610 2058 828 2142 privilegium
844 2065 897 2124 est
917 2061 1074 2144 quaedam
1097 2059 1246 2126 liberalis
1275 2061 1424 2138 donatic,

250 2183 325 2250 quae
340 2183 411 2230 non
425 2167 575 2251 exspirat
588 2173 697 2232 morte
714 2167 882 2234 donantis.
895 2170 934 2234 Et
946 2170 1011 2235 hcc
1025 2169 1178 2252 procedit
1191 2171 1233 2235 de
1247 2169 1425 2255 privilegio

250 2272 296 2348 ad,
307 2278 442 2358 tempus
457 2275 595 2340 sicutde
608 2280 784 2359 perpetuu,
802 2277 843 2342 de
853 2277 1031 2361 privilegio
1042 2277 1160 2344 odioso
1176 2279 1262 2342 sicut
1275 2279 1316 2343 de
1334 2280 1426 2343 lavo-

249 2381 357 2459 rabili,
367 2383 436 2447 imo
449 2383 581 2448 etiamsi
591 2401 646 2448 res
657 2385 965 2466 sitadhucintegra,
977 2390 1118 2469 excepto
1130 2385 1251 2450 saltem
1261 2387 1425 2468 rescripto

246 2490 397 2571 justitiae,
423 2492 515 2576 quod
540 2477 696 2576 exspirat
714 2499 825 2561 morte
854 2495 1081 2572 concedentis,
1113 2495 1141 2559 si
1167 2513 1222 2559 res
1245 2494 1348 2558 luerit
1375 2494 1426 2558 in·

249 2601 375 2681 coepta:
391 2617 501 2679 secus,
519 2602 547 2665 si
561 2619 616 2665 res
631 2619 701 2666 non
715 2606 807 2666 esset
820 2603 965 2683 integra.

288 2707 441 2772 Diximus
454 2709 667 2793 reputariter,
685 2711 766 2794 quia
780 2714 861 2774 sunt
878 2727 978 2774 casus
997 2711 1033 2772 in
1052 2711 1175 2793 quibus
1196 2709 1314 2774 ilnitur
1326 2709 1426 2794 privi-

248 2815 377 2896 legium
396 2834 458 2898 per
478 2821 625 2881 mortem
648 2816 877 2882 concedentis.
899 2817 1067 2900 Imprimis
1083 2818 1242 2900 exspirat,
1265 2819 1293 2882 si
1309 2818 1426 2883 datum

220 2965 225 2976 ·
249 2923 352 2987 fuerit
365 2942 445 2988 cum
467 2923 639 3001 clausulis,
657 2925 811 3008 quandiu
833 2927 958 3002 vicero,
981 2931 1041 2990 aut
1058 2944 1164 3008 usque
1185 2927 1233 2990 od
1244 2925 1426 3009 beneplaci-

250 3039 322 3096 tum
336 3019 500 3096 ausimne.
519 3033 715 3097 Haeo.verba
732 3033 880 3097 limitant
892 3032 1110 3117 privilegium
1128 3034 1169 3098 ad
1185 3035 1292 3100 vitam
1305 3051 1426 3099 conce-

251 3139 372 3205 dentis.
383 3140 636 3215 Verumtamen,
651 3139 763 3224 quoad
771 3139 926 3203 ultimam
939 3139 1136 3216 clausulam,
1150 3139 1313 3226 quidquid
1328 3142 1372 3204 sit
1383 3141 1424 3205 de

251 3266 354 3311 sensu
369 3247 469 3313 obvio
485 3247 679 3325 verborum,
694 3252 837 3312 censent
858 3249 1075 3312 communius
1095 3249 1196 3314 hodie
1217 3247 1274 3312 GC.
1290 3248 1426 3332 privile-

251 3356 346 3436 gium
369 3355 432 3418 sub
457 3355 521 3420 hac
545 3353 697 3420 clausula
722 3354 841 3419 datum
862 3374 1093 3439 perseverare,
1119 3358 1198 3441 quia
1221 3358 1294 3422 haec
1320 3357 1426 3422 verba

250 3463 398 3545 benigne
411 3465 625 3548 interpretari
638 3470 794 3548 possunt,
811 3466 845 3529 in
855 3466 920 3531 hcc
935 3484 1038 3530 sensu
1050 3467 1140 3551 quod
1150 3468 1306 3552 princeps
1316 3469 1426 3532 inten-

253 3569 309 3635 dat
324 3572 435 3636 solum
444 3590 564 3637 cavere
581 3573 670 3656 quod
684 3572 899 3657 privilegium
914 3593 985 3640 non
995 3576 1422 3641 transeatinccntractum.

252 3677 363 3762 Aliqui
377 3683 493 3744 tamen
507 3680 731 3762 distinguunt,
750 3699 793 3746 ex
806 3700 834 3746 c.
851 3683 882 3760 5,
899 3682 940 3746 de
957 3682 1115 3768 Rescript.
1132 3703 1145 3760 ?·'
1158 3683 1186 3747 si
1201 3683 1370 3748 diceretur
1383 3683 1425 3749 ad

174 3779 177 3788 ⁴
252 3786 502 3873 heneplacitum
514 3813 530 3846 «
547 3792 704 3854 nostrum
721 3813 749 3866 n,
761 3796 924 3866 cessaret;
940 3790 1061 3856 sivero
1072 3790 1255 3857 haberetur
1269 3792 1312 3856 ad
1325 3791 1426 3856 bene·

253 3896 448 3981 placitum«
465 3895 560 3961 Sedis
571 3897 771 3980 Apostolicae
788 3923 815 3974 s,
830 3899 977 3964 duraret.

292 4003 325 4067 2⁰
340 4003 494 4086 Exspirut
508 4010 617 4070 morte
632 4005 861 4083 concedentis,
878 4025 915 4070 ra
930 4006 1041 4072 adhuc
1055 4008 1200 4090 integra,
1217 4009 1245 4072 si
1261 4009 1304 4071 sit
1317 4010 1426 4090 gratia

254 4128 325 4174 non
338 4113 437 4188 iacta,
448 4111 669 4178 eadfacienda
681 4132 742 4195 per
752 4118 980 4192 exsecutores,
993 4133 1074 4180 nam
1084 4116 1242 4200 princeps
1252 4117 1336 4182 nihil
1348 4136 1426 4183 con-

254 4216 372 4294 cessit,
395 4217 456 4281 sed
480 4222 612 4283 tantum
637 4220 730 4284 dedit
750 4221 947 4286 facultatem
974 4223 1193 4289 concedendi.
1219 4223 1322 4305 Ergo,
1346 4243 1424 4290 cum

254 4329 364 4390 morte
374 4325 591 4390 concedentis
600 4329 749 4411 exspiret
758 4329 953 4394 commissio
963 4331 1051 4395 iacta
1062 4331 1264 4408 exsecutori,
1277 4333 1425 4415 exspirat

254 4433 367 4516 ipsum
384 4432 611 4517 privilegium.
633 4434 737 4499 Secus
758 4439 873 4500 tamen
888 4437 917 4500 si
932 4439 1127 4504 commissio
1144 4438 1265 4502 luisset
1283 4439 1370 4504 iacta
1389 4440 1425 4504 in

254 4540 406 4605 favorem
417 4541 522 4624 ipsius
533 4541 678 4624 delegati
687 4561 747 4606 seu
756 4545 979 4610 commissarii
991 4565 998 4622 ;
1010 4547 1096 4612 ratio
1107 4550 1169 4624 est,
1182 4546 1262 4629 quia
1270 4534 1425 4630 respectu

255 4647 343 4713 illius
359 4653 411 4714 est
425 4649 534 4732 gratia
546 4649 644 4714 iacta.
