3418 5566
355 549 416 614 309
447 618 448 621 ,
696 627 699 634 ,
814 564 866 614 rus
886 564 1066 612 erroneus.

398 685 427 762 r)
440 681 524 748 Cum
536 683 678 765 paganis
692 684 955 747 communicatio
966 681 1102 766 politica
1113 699 1182 747 non
1197 681 1332 747 videtur
1343 682 1525 766 prohibita

360 790 425 855 nisi
445 791 554 855 subsit
573 789 763 874 periculum
785 791 1028 856 subversionis.
1046 791 1172 863 Tamen
1189 809 1196 853 :
1213 791 1245 854 1·
1263 790 1436 856 christiani
1457 809 1527 856 non

359 905 504 983 possunt
522 897 664 981 paganis
684 897 877 962 cohabitare
896 903 930 962 et
947 899 1113 964 conviviis
1127 915 1206 962 cum
1222 899 1347 974 aienti,
1363 917 1407 963 ex
1420 917 1492 982 cap.
1508 900 1529 962 5

358 1007 430 1088 huj.
445 1005 494 1068 tit.
504 1005 600 1070 Ratio
610 1010 672 1082 est,
684 1005 762 1089 quia
773 1005 847 1082 hac
859 1007 1121 1072 communicatio
1131 1011 1184 1070 est
1196 1005 1358 1083 intimior,
1374 1025 1413 1072 ac
1426 1023 1529 1077 causa

361 1113 509 1180 scandali
530 1113 586 1178 vel
607 1112 836 1198 possessionis
859 1133 934 1179 esse
955 1119 1078 1198 potest.
1100 1115 1132 1178 θ’
1150 1115 1223 1179 Non
1242 1115 1369 1179 debent
1385 1115 1528 1198 paganis

359 1241 456 1287 anna
470 1227 504 1286 et
520 1222 585 1288 alis
599 1223 827 1287 iustrumenta
841 1223 960 1288 bellica
974 1224 1241 1289 subministrare.
1259 1224 1295 1287 ln
1309 1223 1402 1287 bulla
1417 1222 1529 1289 Goenae

358 1349 460 1413 poena
494 1315 856 1396 excommunicationis
885 1331 962 1397 latae
988 1333 1167 1397 sententiae
1189 1331 1419 1416 puniebantur
1444 1331 1529 1396 tales

357 1437 664 1504 subministrantes.
682 1439 747 1504 Sed
760 1439 833 1504 bano
846 1457 948 1524 panna
965 1457 1035 1505 non
1046 1444 1232 1504 renovatur
1243 1439 1402 1505 inconst.
1421 1437 1528 1523 Apes-

358 1547 464 1611 tob'car
489 1545 599 1626 Sedis,
618 1551 653 1610 et
665 1545 766 1613 hodia
780 1548 923 1612 societas
945 1548 1128 1613 christiana
1137 1566 1207 1614 non
1221 1548 1366 1631 amplius
1377 1549 1531 1632 subjacet

357 1660 522 1739 perpetuo
536 1655 685 1738 pen'culo
700 1656 887 1720 invasionis
908 1657 1181 1722 sarracenorum.
1197 1657 1324 1722 Eodem
1338 1656 1441 1721 modo
1454 1673 1530 1739 pre
1571 1636 1576 1645 ⁴

357 1763 494 1827 bibetur
513 1781 556 1826 ne
579 1763 654 1847 quis
674 1762 868 1829 infidelibus
886 1763 1016 1830 revelet
1034 1769 1165 1830 secreta
1181 1764 1453 1838 christianorum,
1473 1762 1530 1827 vel

359 1875 512 1954 temporo
534 1871 613 1934 belli
633 1871 769 1954 quasvis
789 1890 922 1938 merces
944 1873 1074 1939 eisdem
1095 1872 1225 1938 deierat
1240 1875 1279 1954 (c.
1300 1872 1339 1936 tc
1356 1872 1428 1954 huj.
1451 1871 1526 1954 tit).

358 1979 390 2041 3ο
399 1977 554 2062 Princeps
565 1979 779 2057 christianus,
790 1981 980 2061 generatim
989 1979 1369 2065 loquendc,illiciteagit
1378 1980 1528 2045 ineundo

358 2085 470 2151 faedus
491 2103 570 2152 cum
591 2086 783 2152 infidelibus
800 2087 916 2152 auxilii
935 2105 1037 2153 eausa
1054 2091 1173 2154 contra
1186 2087 1305 2154 fideles
1323 2109 1331 2150 :
1349 2105 1430 2152 nam
1450 2087 1530 2152 talia

357 2194 497 2272 foedera,
511 2195 552 2260 de
563 2175 953 2278 seimpiaetchristianis
961 2197 1160 2280 periculosa,
1173 2215 1292 2262 severe
1307 2197 1530 2280 probibentur

351 2303 394 2366 ¹in
409 2301 588 2386 Scripturis
608 2303 647 2386 (ΙΙ
669 2303 754 2380 Cor„
773 2323 820 2382 vr,
837 2303 1018 2380 14;Deut.‚
1035 2323 1088 2380 vn,
1109 2306 1154 2387 i).
1178 2304 1252 2368 Dixi
1275 2323 1282 2366 :
1304 2303 1531 2387 «generatim

333 2470 335 2474 .
357 2409 529 2495 loquendo
538 2435 566 2489 »‚
577 2412 657 2495 quia
668 2411 698 2475 si
704 2411 822 2489 tideles
835 2412 953 2477 baberi
967 2429 1037 2478 non
1048 2417 1192 2496 possunt
1207 2413 1243 2476 in
1256 2411 1347 2477 bello
1358 2415 1453 2496 justo
1474 2413 1531 2477 de-

358 2519 502 2596 ieusivc‚
517 2519 631 2585 licebit
645 2537 747 2604 opera
761 2519 915 2585 auxiliari
929 2519 1118 2589 infidelium
1128 2521 1195 2598 uti;
1212 2539 1292 2586 nom
1307 2541 1350 2586 ex
1363 2538 1434 2603 reg.
1448 2541 1481 2584 rv
1493 2521 1529 2585 in

359 2627 463 2711 antiq.
479 2647 486 2689 :
500 2651 516 2686 α
528 2628 625 2704 Quod
640 2647 710 2694 non
725 2635 778 2694 est
786 2629 917 2694 licitum
927 2629 962 2694 in
973 2629 1061 2712 lege,
1074 2631 1258 2696 necessitas
1268 2630 1348 2695 facit
1356 2629 1496 2696 licitum.
1511 2653 1528 2688 »

360 2735 585 2801 Confirmatur
598 2737 701 2802 etiam
722 2738 880 2822 exemplo
894 2739 1076 2804 abrahami
1088 2757 1167 2804 cum
1175 2738 1288 2815 Assar,
1302 2737 1438 2804 Davidis
1450 2755 1530 2804 cum

358 2843 484 2922 Hiram,
500 2851 563 2911 etc.

452 3089 467 3156 θ
481 3087 527 3144 ΙΙΙ.
544 3085 615 3156 Qnae
623 3085 736 3160 judan
749 3087 831 3146 inter
844 3083 1027 3234 egiristlitttztos
1039 3084 1208 3214 picentibus
1222 3084 1285 3145 sint
1298 3099 1438 3146 concenc

824 3189 858 3234 ve
883 3189 937 3248 pro
962 3175 1053 3234 itta.

605 3355 624 3404 1.
640 3351 800 3406 Generatim
814 3361 949 3405 concessa
961 3353 1005 3404 vel
1016 3350 1159 3416 prohibita
1169 3349 1282 3416 judeis.

401 3505 434 3587 a)
457 3503 624 3570 concessa
644 3509 725 3569 sunt
746 3497 926 3589 sequentia¹
941 3525 948 3566 :
965 3507 996 3580 1⁰
1008 3506 1066 3588 jus
1081 3503 1227 3569 civitatis
1247 3502 1359 3587 quoad
1381 3501 1532 3567 dominia

361 3631 488 3690 rerum,
512 3617 718 3678 testamenta
743 3618 778 3677 at
797 3617 1012 3679 contractus:
1033 3630 1054 3676 a
1072 3612 1188 3676 multis
1211 3615 1326 3676 tamen
1346 3608 1428 3674 locis
1449 3609 1531 3674 oiim

357 3719 463 3803 judaei
475 3721 687 3802 cogebantur
698 3725 863 3803 perpetuo
875 3720 1046 3796 exsulare;
1061 3719 1121 3786 sed
1133 3721 1233 3786 hodie
1247 3719 1420 3802 sinajusta
1429 3733 1532 3782 causa

362 3827 687 3911 expelli-nequeunt.
705 3827 829 3892 Causas
841 3827 914 3892 illas
930 3831 1109 3892 enumerat
1124 3827 1281 3904 Ferraris,
1298 3845 1331 3890 v.
1348 3825 1528 3898 Hebraeum,

361 3954 395 3997 n.
411 3935 516 3999 abac.

399 4046 432 4109 9·
448 4043 584 4108 Publica
596 4043 772 4128 protectio,
787 4064 830 4110 ne
846 4046 1025 4111 turbentur
1038 4045 1074 4109 in
1085 4046 1155 4109 suis
1169 4044 1408 4110 festivitatibus
1420 4041 1533 4108 atriti-

361 4155 424 4218 bus
439 4158 474 4217 et
487 4153 683 4218 coemeteria
697 4168 815 4218 eorum
831 4154 1018 4220 violentur:
1034 4171 1107 4238 quae
1119 4153 1341 4237 probibentur
1353 4152 1416 4216 sub
1431 4167 1532 4235 poena

361 4260 721 4326 excommunicationis
749 4261 898 4327 ferendae
922 4262 1115 4336 sententiaa,
1146 4279 1188 4325 ex
1206 4278 1234 4324 c.
1256 4260 1327 4325 ch.
1351 4265 1373 4322 t.
1399 4279 1407 4322 :
1436 4276 1532 4323 secu-

361 4368 496 4433 ritatem
516 4368 653 4446 babent,
673 4388 718 4433 na
741 4369 791 4434 eis
812 4373 976 4434 noceatur
992 4369 1028 4433 in
1048 4369 1129 4445 vita,
1146 4367 1308 4432 membris
1336 4371 1372 4430 et
1394 4367 1533 4431 fortuna

362 4477 400 4557 (c.
417 4478 437 4539 9
455 4477 526 4559 but.
547 4476 622 4560 tit).
639 4477 673 4540 Si
686 4495 769 4542 vero
792 4477 1004 4560 delinquant,
1021 4475 1224 4558 regulariter
1238 4475 1402 4559 puniendi
1418 4478 1534 4539 sunta

361 4583 562 4664 magistratu
582 4579 683 4660 civili,
700 4585 787 4649 sicut
804 4586 916 4649 caeteri
938 4585 1049 4660 cives3
1070 4585 1098 4647 si
1121 4602 1203 4648 vero
1227 4584 1349 4648 delicta
1365 4583 1534 4648 redunda-

362 4691 488 4756 reatin
502 4691 714 4774 religionem,
731 4693 980 4777 subjicerentur
988 4692 1094 4776 judici
1109 4691 1347 4769 ecclesiastico,
1364 4711 1407 4757 ex
1422 4698 1530 4758 const.
