3418 5566
513 609 601 656 LIBER
623 607 749 663 QUINTUS
769 602 990 654 antemittit.

568 1044 787 1122 mruuus
827 1039 936 1118 rut.
995 1141 996 1144 Ὺ

378 1242 421 1288 DE
447 1241 696 1288 scitissimum
719 1243 761 1288 ΕΤ
786 1239 977 1288 oaotatrts
1002 1240 1045 1284 AB
1070 1236 1136 1284 ttts.

468 1579 485 1654 ς
500 1581 521 1637 1.
536 1555 653 1640 Natura
667 1583 696 1638 at
708 1577 841 1638 acratas
856 1574 1040 1636 schismatis.

664 1761 685 1812 1.
700 1759 771 1821 Quid
783 1757 840 1812 sit?

210 1918 243 1982 1⁰
257 1917 420 1993 Schisma,
437 1913 550 2000 quoad
569 1915 639 1979 vim
660 1914 820 1990 nominis,
842 1913 1024 1978 scissuram
1041 1911 1218 1994 significat,
1236 1917 1271 1976 et
1283 1929 1341 1976 cu-

167 2025 278 2108 jusvis
291 2023 542 2090 communionis
554 2022 783 2104 diruptionem
797 2019 954 2096 denotat3
971 2019 1083 2104 quoad
1098 2038 1172 2084 rem
1186 2021 1221 2084 in
1236 2037 1340 2084 sensu

166 2134 254 2217 juris
273 2133 436 2210 canonici,
461 2131 607 2198 sumitur
625 2149 688 2216 pro
712 2130 873 2195 scissione
898 2147 959 2194 seu
981 2129 1194 2213 separatione
1217 2146 1285 2212 qua
1305 2147 1341 2192 se

169 2241 273 2326 aliqui
284 2242 439 2307 dividunt
448 2242 490 2307 ab
506 2241 635 2306 unitate
648 2239 814 2317 Ecclesiam
828 2237 919 2304 unde
935 2238 1048 2303 stricte
1065 2236 1194 2302 definiri
1211 2240 1339 2320 potest:

179 2349 377 2415 Voluntaria
390 2356 424 2414 et
438 2351 604 2433 pertinax
618 2349 729 2413 scissia
754 2349 795 2412 ab
816 2349 939 2412 aniane
954 2345 1153 2411 universalis
1173 2345 1340 2424 Ecclesiae,

167 2476 231 2542 per
243 2459 483 2523 detractionem
498 2457 837 2522 debitaabedientice.
1223 2436 1226 2445 ’

209 2565 326 2631 Unitas
340 2565 495 2632 Ecclesiae
510 2565 701 2647 generatim
715 2564 868 2630 consistit
881 2564 916 2627 in
932 2563 1061 2630 unitate
1084 2563 1174 2640 fidei,
1190 2579 1341 2628 commu-

172 2677 284 2743 nionis
298 2681 332 2743 'et
347 2677 542 2760 regiminis;
562 2681 666 2760 prout
680 2675 827 2741 Ecclesia
848 2675 1023 2758 speciatim
1047 2674 1282 2740 consideratur
1301 2676 1339 2738 ut

171 2804 294 2872 corpus
310 2787 502 2870 mysticum,
520 2803 582 2850 seu
595 2789 634 2850 ut
649 2786 792 2850 societas
808 2790 948 2849 externa
962 2789 997 2848 et
1013 2783 1164 2858 visibilis,
1187 2786 1342 2848 constare

173 2895 325 2960 debetex
336 2895 505 2960 universis
519 2894 687 2970 fidelibus,
698 2899 860 2978 tanquam
869 2890 1343 2968 memb1is‚etRomanoPon-

175 3003 275 3082 tilica,
292 3007 456 3087 tanquam
469 3003 589 3085 eapite.
1167 3053 1170 3058 ,
1324 2980 1330 2990 ’

213 3110 331 3196 Itaque
349 3110 496 3176 schisma
517 3115 569 3176 est
592 3110 753 3176 discessio
772 3111 813 3174 ab
837 3111 966 3174 unitate
987 3107 1154 3187 Ecclesiae,
1176 3112 1344 3193 quatenus

173 3221 247 3288 haeo
261 3224 313 3286 est
326 3238 450 3304 corpus
464 3221 662 3304 mysticum;
680 3220 766 3284 sicut
781 3237 863 3300 ergo
878 3219 999 3295 unitati
1010 3218 1090 3284 fidei
1105 3217 1231 3282 directe
1241 3234 1344 3301 oppo-

175 3329 268 3394 nitur
279 3329 431 3405 haeresis‚
458 3328 506 3393 ita
531 3329 652 3393 unitati
666 3327 915 3393 communionis
935 3335 970 3392 et
981 3326 1157 3409 regiminis
1178 3330 1348 3408 repugnat

176 3438 332 3503 schisma.
360 3436 443 3502 ilinc
473 3436 706 3502 schismaticus
732 3435 854 3500 dicitur
875 3434 932 3499 ille
960 3436 1015 3519 qui
1045 3434 1077 3498 S.
1101 3433 1265 3510 Pontifici,
1289 3432 1346 3498 vel

176 3545 338 3609 membris
352 3543 508 3610 Ecclesiae
529 3544 561 3609 S.
586 3543 739 3608 Pontifici
761 3542 922 3626 subjectis
946 3543 1197 3607 communicare
1221 3541 1345 3617 renuit,

178 3659 239 3716 scu
254 3654 296 3719 ah
314 3654 395 3738 ipsis
409 3654 546 3720 recedit.
568 3654 658 3718 hicet
680 3651 827 3717 schisma
840 3653 884 3714 sit
899 3650 1055 3735 quadam
1076 3650 1209 3726 seditio,
1232 3656 1347 3714 tamen

178 3761 313 3846 proprie
329 3761 442 3827 differt
455 3781 476 3828 a
491 3762 668 3838 seditione,
685 3761 764 3845 quia
778 3760 851 3824 haec
865 3759 1109 3824 dissentionem
1127 3756 1238 3823 solum
1252 3757 1348 3820 indu-

178 3870 224 3934 cit
237 3870 273 3934 in
295 3873 384 3934 statu
405 3869 505 3948 civili,
529 3870 675 3935 schisma
697 3885 781 3935 vero
799 3867 834 3932 in
854 3865 1001 3933 Ecclesia
1012 3885 1073 3932 seu
1095 3865 1256 3932 societate
1273 3864 1348 3930 reli-

179 3975 286 4057 glosa.

216 4082 268 4147 Ad
282 4084 449 4150 rationem
455 4085 645 4152 schismatis
661 4103 731 4150 non
743 4083 927 4168 requiritur
935 4081 1130 4148 constitutio
1140 4099 1240 4147 novae
1247 4084 1347 4144 sectae

177 4191 214 4255 in
230 4190 387 4271 Ecclesia,
406 4191 461 4256 vel
474 4211 630 4258 accessus
648 4192 690 4257 ad
708 4192 782 4258 illas
805 4195 936 4257 sectas:
960 4190 1015 4274 qui
1036 4191 1084 4255 sic
1102 4193 1210 4270 agunt
1238 4187 1349 4252 solent

179 4297 340 4383 appellari
353 4300 556 4366 schismatici
564 4300 716 4385 perfecti.
728 4299 923 4365 Essentialis
936 4297 1039 4379 igitur
1049 4295 1178 4362 malitia
1188 4296 1349 4360 schisma-

178 4407 221 4472 tis
244 4408 399 4472 consistit
420 4409 457 4472 in
479 4410 663 4473 terminoa
685 4427 761 4492 qao,
785 4427 844 4472 seu
869 4407 908 4469 in
925 4405 1089 4489 pertinaci
1107 4408 1142 4468 et
1164 4402 1348 4468 universali

178 4535 317 4582 recessu
332 4517 373 4582 ab
391 4515 593 4592 obedientia,
615 4534 686 4582 non
711 4520 827 4582 autem
840 4516 876 4578 in
891 4513 1035 4578 termino
1052 4513 1100 4576 ad
1111 4531 1222 4596 quem,
1237 4529 1299 4576 seu
1312 4511 1349 4574 in

179 4644 318 4692 accessu
332 4628 375 4693 ad
396 4630 524 4693 sectam
539 4630 741 4710 separatam,
763 4643 831 4710 quo
849 4642 931 4690 casu
950 4621 1122 4688 schismati
1141 4639 1277 4705 semper
1295 4619 1349 4684 ad-

178 4737 333 4820 jungitur
353 4737 503 4803 haeresis.
