3508 5568
539 561 626 642 crasa
649 561 784 619 cusanus
805 559 1026 610 pecuarium.
1186 592 1189 601 .
1335 540 1375 608 35
1450 559 1458 580 ·

204 683 305 755 tante,
322 699 354 744 v.
371 697 404 761 g.
422 679 449 744 si
465 698 590 761 magna
604 681 648 744 sit
660 679 871 764 inaequalius
886 679 1171 755 contrahentium,
1188 679 1292 744 timor
1307 679 1373 743 dis·

201 787 404 863 cordiarum,
426 787 675 864 scandalorum,
694 793 775 866 etc.;
791 807 872 854 nam
885 787 984 872 Papa,
1001 805 1080 852 curn
1094 787 1203 870 possit
1215 792 1372 871 respectu

202 896 367 971 omnium,
381 895 484 962 etiam
496 902 611 980 potest
621 901 778 979 respectu
792 897 937 962 duomm
950 914 1079 979 ponere
1093 896 1377 980 impedimentum

203 1003 365 1068 dirimens
381 1023 388 1066 :
404 1003 473 1068 imo
488 1004 524 1068 in
538 1022 676 1088 poenam
697 1004 891 1086 gravissimi
906 1003 1028 1080 delicti,
1043 1004 1232 1086 prasertim
1248 1004 1276 1067 si
1293 1020 1378 1086 pen-

203 1109 281 1174 deat
295 1111 330 1174 in
346 1111 511 1186 futurum,
528 1116 563 1175 et
576 1111 737 1177 timeatur
750 1110 1021 1176 continuandum
1040 1112 1075 1174 in
1090 1111 1246 1194 posteris,
1262 1115 1377 1194 potest

203 1217 354 1302 aliquem
379 1222 544 1302 perpetuo
568 1217 794 1296 inlrabilitare,
822 1237 866 1283 ne
893 1218 1151 1284 matrimonium
1176 1218 1377 1283 contrahere

202 1326 321 1408 possit,
336 1325 433 1403 sicut,
453 1330 540 1391 teste
555 1323 735 1403 Galderin.,
751 1325 906 1390 Urbanus
920 1326 945 1390 V
963 1325 1190 1392 inhabilitavit
1208 1325 1378 1390 Beruabo-

204 1450 295 1508 nem,
314 1432 565 1498 vicecomitem
588 1432 887 1510 Mediolanensem,
911 1435 1054 1516 ejusque
1075 1433 1201 1499 liberos
1221 1433 1375 1498 Ecclesiae

204 1541 357 1606 rebelles.
380 1543 548 1609 Caeterum
571 1550 609 1607 ut
629 1542 730 1619 licite,
755 1543 825 1608 imo
846 1548 881 1606 et
903 1543 1012 1607 valide
1028 1548 1222 1608 statuantur
1235 1542 1379 1626 impedi-

204 1656 319 1715 menta
341 1651 543 1728 dirimentis,
563 1654 748 1736 requiritur
766 1655 860 1734 justa
880 1671 992 1728 causa,
1025 1653 1106 1736 quia
1123 1652 1379 1716 matrimonium

205 1764 258 1823 est
274 1760 362 1840 juris
377 1760 540 1825 naturalis
563 1761 757 1842 permissivi
780 1766 937 1843 respectu
954 1760 1187 1840 singulornm3
1212 1758 1303 1843 quod
1321 1761 1379 1842 jue

206 1867 275 1932 lolli
291 1886 361 1932 non
375 1873 499 1951 potest,
515 1867 570 1933 rel
582 1869 708 1933 mutari
724 1869 851 1952 absque
865 1870 960 1950 justa
971 1886 1085 1933 causa.

348 2057 380 2107 11.
396 2055 448 2117 Qui
463 2053 623 2121 obligentur
637 2055 746 2122 legibus
760 2056 789 2109 et
805 2054 1017 2120 impedimentis
1031 2053 1230 2120 nuptialibus?

245 2199 346 2286 Resp.
373 2203 403 2266 l.
428 2203 460 2268 Si
487 2203 732 2287 impedimenta
753 2209 833 2269 sunt
854 2205 942 2289 juris
961 2203 1125 2268 naturalis
1148 2207 1182 2267 et
1198 2201 1315 2280 divini,
1338 2203 1380 2267 iis

205 2307 355 2397 ligantur
372 2327 493 2375 omnes
511 2310 680 2390 homines,
698 2311 800 2376 etiam
823 2311 979 2376 infideles
996 2331 1003 2374 :
1020 2329 1101 2376 nam
1116 2311 1158 2376 ab
1173 2310 1379 2392 obligatione

204 2417 291 2499 Juris
311 2416 475 2483 naturalis
498 2422 532 2482 et
550 2418 654 2482 divini
669 2436 773 2484 nemo
789 2419 959 2483 eximitur.
976 2423 1005 2482 i.
1026 2418 1281 2501 Impedimentis
1292 2419 1380 2502 juris

208 2525 424 2590 ecclesiastici
444 2525 595 2606 ligantur
617 2509 827 2603 sationales,
852 2545 913 2590 seu
931 2527 1100 2610 baptizati,
1125 2527 1227 2591 etiarn
1249 2525 1380 2608 regula-

206 2633 290 2697 riter
315 2633 487 2697 haeretici:
518 2651 599 2698 nam
620 2633 655 2696 hi
683 2651 803 2698 omnes
827 2633 1019 2698 subduntur
1042 2633 1209 2710 Ecclesiae,
1237 2635 1379 2718 ejusque

206 2739 350 2822 legibus.
384 2741 425 2804 nt
449 2739 615 2816 inildeles,
653 2745 691 2805 ut
714 2740 821 2825 judaei
858 2746 893 2806 et
919 2742 1054 2825 pagani,
1086 2760 1165 2806 cum
1188 2741 1256 2806 sint
1283 2748 1381 2806 extra

207 2847 400 2923 Ecclesiam,
426 2865 497 2912 non
520 2848 670 2929 ligantur
694 2849 747 2913 his
771 2849 926 2930 legibus3
955 2849 1042 2914 bene
1067 2867 1149 2914 vero
1170 2849 1236 2913 illis
1260 2868 1335 2934 quae
1360 2867 1381 2915 a

208 2955 307 3040 Papa,
335 2961 374 3018 ut
400 2956 549 3038 principe
576 2954 723 3038 politico,
753 2955 895 3040 aliisque
922 2956 1128 3040 principibus
1156 2956 1204 3022 eis
1228 2957 1381 3041 praescri-

208 3063 345 3127 buntur.

520 3147 562 3196 111.
578 3145 756 3209 Quotupliela
769 3144 827 3197 sint
840 3144 1066 3209 impedimenta?

249 3287 346 3368 Resp.
369 3287 399 3348 l.
422 3285 597 3368 Duplicia:
623 3285 829 3365 dirimentis,
855 3303 929 3369 qum
949 3285 1069 3349 vitiant
1092 3286 1243 3352 valorem
1268 3290 1381 3354 matri-

207 3394 325 3470 monii,
343 3398 380 3456 ut
393 3393 458 3460 hoc
471 3392 582 3458 valide
602 3412 671 3459 non
685 3393 924 3470 contrabatur3
941 3399 976 3456 et
998 3394 1215 3478 impedientia
1231 3403 1378 3474 tuntum,

210 3519 285 3584 quae
299 3502 436 3565 obstant
449 3500 631 3580 honestati,
643 3507 682 3565 ut
691 3501 949 3565 matrimonium
964 3500 1073 3566 valide
1090 3501 1239 3585 quidem,
1250 3521 1321 3568 non
1332 3509 1379 3568 ta·

210 3627 292 3678 men
305 3609 395 3672 licite
407 3610 627 3675 contrahatur
643 3630 649 3672 :
667 3614 701 3674 et
715 3609 750 3673 in
762 3609 815 3674 bis
829 3609 925 3674 locus
938 3610 1145 3692 estregulae:
1164 3637 1179 3670 «
1193 3611 1295 3677 Multa
1307 3613 1381 3677 fleri

210 3717 443 3799 prohibentur,
470 3735 545 3800 quae
560 3718 777 3782 tomentacia
791 3721 920 3794 tenent,
939 3743 953 3776 u
970 3737 1012 3782 ex
1026 3736 1098 3802 cap.
1114 3719 1153 3784 16
1167 3720 1208 3784 de
1221 3721 1379 3805 deputer.

250 3825 350 3907 Resp.
370 3826 400 3890 ἓ.
424 3823 570 3910 Utraque
602 3826 674 3890 haec
696 3825 941 3907 impedimenta
961 3825 1159 3891 dividuntur
1179 3829 1214 3892 in
1240 3846 1281 3894 ea
1306 3847 1381 3912 quse

211 3937 291 3998 sunt
313 3933 401 4018 juris
427 3934 610 4008 naturalis,
637 3938 672 3998 et
695 3952 770 4018 quse
789 3935 876 4017 juris
898 3935 1050 4000 canonici
1076 3953 1135 4000 seu
1162 3937 1308 4018 positivi.
1334 3937 1381 4001 lle

207 4044 285 4124 jure
303 4041 451 4108 naturali
472 4047 607 4107 tanturn
635 4041 856 4124 impedientia
887 4047 967 4106 sunt
993 4047 1112 4108 votum
1138 4049 1173 4108 et
1200 4043 1379 4128 sponsalia,

212 4152 362 4234 quiores
390 4151 449 4216 uni
468 4152 654 4235 promissa,
675 4150 765 4215 licite
789 4156 824 4248 et
844 4151 988 4216 honeste
1011 4149 1106 4216 alteri
1127 4170 1199 4218 nou
1214 4152 1381 4216 traditur:

212 4257 403 4324 dirimentis
424 4277 506 4323 vero
527 4264 608 4324 sunt
625 4277 717 4324 error
729 4277 895 4344 persona,
916 4267 999 4323 ectus
1019 4259 1200 4341 infantilis,
1222 4261 1384 4344 impoten-

211 4366 272 4443 tia,
297 4367 464 4451 lipameo,
490 4372 524 4431 et
538 4368 813 4451 consuupuinitas
829 4367 865 4431 in
879 4367 993 4451 primo
1009 4367 1120 4451 produ
1140 4367 1236 4431 lioeae
1254 4373 1352 4431 recte}
1370 4385 1382 4432 .·

211 4491 292 4538 nam
320 4473 434 4558 priora
457 4479 603 4558 quatuor
624 4493 667 4538 ex
694 4481 816 4540 natura
844 4493 906 4539 sna
932 4475 1157 4540 adversantur
1185 4475 1382 4540 substantiae

212 4585 440 4648 matrimonii:
462 4584 621 4648 ultimum
640 4601 734 4660 vero,
761 4585 804 4649 ob
826 4588 1026 4667 perpetuam
1048 4583 1292 4667 turpitudinem
1307 4603 1383 4668 quse

212 4693 379 4776 reperitur
406 4694 442 4756 in
469 4692 686 4759 matrimonio
705 4693 810 4776 patris
828 4709 907 4757 cum
923 4692 1007 4793 illia
1028 4697 1061 4757 et
1081 4691 1141 4756 tilii
1162 4711 1240 4759 cum
1261 4699 1381 4772 matre,
