3418 5566
505 645 593 693 usur
613 643 742 704 currum
763 643 982 692 accersamus.
1274 623 1334 688 317

160 761 372 847 culpabiliter
385 764 592 848 opprimunt,
603 767 672 828 tres
685 780 794 829 annos
807 762 1017 848 pernitentiis
1030 780 1132 844 agere
1151 762 1332 840 debebant,

161 879 195 939 et
209 891 317 938 uuum
329 874 453 939 horum
464 873 782 956 inpaneetaquab,
795 871 853 935 ssn.
865 871 899 934 h.
917 871 991 954 tit).
1002 870 1131 937 Dicitur
1143 892 1151 934 :
1164 871 1334 955 «culpabi-

159 983 272 1062 liter»,
289 1003 359 1049 uon
374 985 408 1047 in
420 983 485 1048 hec
499 1000 602 1048 sensu
619 980 710 1065 quod
725 979 982 1064 oppressionem
996 979 1089 1045 illam
1103 980 1331 1057 intenderent,

159 1093 220 1158 sed
235 1094 314 1178 quia
335 1094 525 1177 receperint
543 1093 722 1159 inlectam
741 1108 971 1166 communem,
997 1089 1077 1156 licet
1096 1090 1185 1158 adsit
1204 1091 1335 1176 pericu·

159 1203 231 1270 lum
244 1204 488 1269 suffocationis.
877 1263 884 1280 ,

198 1313 304 1380 Hodie
325 1315 361 1377 in
381 1315 455 1379 ioro
479 1317 620 1379 externo
648 1331 720 1378 non
740 1311 927 1379 attenditur
945 1310 988 1376 ad
1007 1310 1082 1376 illas
1100 1328 1237 1395 peenas,
1256 1329 1335 1377 oum
1458 1386 1460 1389 ,

159 1422 290 1488 crimen
304 1421 387 1488 illud
404 1423 577 1488 deteratur
593 1421 637 1488 ad
648 1422 800 1505 judicem
815 1420 1030 1497 secularem
1055 1421 1092 1485 in
1105 1420 1180 1485 loro
1198 1421 1335 1486 interno

158 1531 386 1597 confessarius
406 1531 551 1616 imponit
567 1530 805 1616 poenitentiam
825 1529 1010 1596 salutarem
1029 1531 1130 1613 juxta
1154 1527 1334 1613 qualitates

161 1640 301 1708 delicti:
327 1642 442 1727 itaque
467 1631 702 1707 recensuimus
725 1641 799 1705 illas
821 1659 960 1725 poenas,
984 1644 1024 1703 ut
1044 1638 1242 1704 confessarii
1264 1656 1334 1721 prae

160 1749 265 1814 oculis
278 1750 426 1816 habeant
436 1750 639 1834 gravitatem
652 1766 832 1834 plenarum
844 1750 886 1814 ab
898 1748 1045 1814 Ecclesia
1057 1748 1204 1814 latarum
1214 1749 1335 1812 contra

159 1859 353 1956 parricidas.
604 1943 607 1954 ¹

198 1966 231 2030 b
245 1967 400 2033 Mulieres
412 1968 448 2031 in
463 1987 499 2033 se
514 1971 736 2051 procurantes
758 1967 928 2044 abortum,
943 1969 1043 2050 juxte
1064 1963 1335 2031 communiorem

28 2115 32 2123 ·
160 2077 367 2142 sententiam
386 2077 540 2141 incidunt
560 2077 596 2140 in
617 2069 1006 2141 excommunicationem
1023 2072 1129 2139 latam
1144 2093 1206 2158 per
1224 2078 1332 2139 const.

159 2183 374 2266 Effrenatam
399 2185 483 2248 Sixti
500 2184 536 2261 V,
556 2187 591 2248 et
611 2187 813 2249 renovatam
830 2184 865 2246 in
885 2186 993 2248 const.
1011 2181 1128 2267 Aperi.
1151 2180 1249 2248 Sedis
1271 2182 1334 2246 sub

160 2312 194 2356 n.
215 2295 245 2370 i,
267 2299 347 2359 sect.
370 2295 400 2358 3.
422 2294 488 2359 Sed
509 2294 550 2359 de
572 2294 692 2359 abortu
713 2293 847 2376 plenius
869 2309 1013 2374 agemus
1034 2291 1070 2356 in
1091 2287 1189 2356 titulo
1204 2288 1262 2356 x11
1277 2291 1335 2374 qui

159 2406 280 2468 tractat
294 2403 336 2467 de
351 2402 533 2467 homicidio
548 2401 739 2484 generatim
754 2406 900 2484 sumpto.

202 2509 232 2593 b)
244 2513 375 2594 Dejure
386 2509 475 2575 civili
490 2509 655 2586 Romano,
673 2508 705 2572 l⁰
722 2512 903 2593 parentum
921 2508 1061 2584 occisor,
1077 2507 1183 2589 virgis
1199 2509 1336 2589 sangui-

159 2620 234 2683 neis
247 2619 458 2698 verberatus,
471 2637 549 2684 cum
563 2637 659 2696 cane,
673 2619 783 2694 simin,
795 2616 886 2700 gallo
900 2616 1090 2699 gallinaceo
1105 2621 1140 2680 et
1153 2617 1271 2700 vipera
1284 2616 1334 2679 in-

159 2725 348 2791 cludendus
359 2733 433 2792 crat
445 2727 480 2790 iu
494 2725 630 2790 culeum
645 2745 706 2791 seu
722 2743 858 2790 saccum
872 2725 1063 2790 coriaceum
1074 2724 1154 2788 etin
1167 2741 1259 2790 mare
1271 2743 1332 2789 seu

158 2834 288 2898 flumen
301 2836 496 2918 proximum
511 2833 762 2914 demergendus
774 2839 834 2898 aut
846 2831 964 2897 bestiis
980 2832 1202 2916 oinciendus.

199 2945 231 3010 2⁰
244 2943 369 3008 Parcus
386 2943 516 3007 occisor
530 2942 715 3037 liberorum
726 2944 821 3026 priua
831 2941 1036 3024 puniebatur
1049 2961 1151 3024 poena
1167 2943 1336 3009 ordinaria

160 3052 344 3127 homicidii,
366 3051 487 3115 deinde
507 3051 627 3115 eadem
647 3068 750 3134 poena
765 3069 832 3134 que
850 3049 940 3114 illius
958 3049 1156 3114 interfector
1169 3053 1331 3134 parentis.

159 3163 264 3226 Mater
277 3161 396 3225 vivum
409 3159 576 3223 infantem
595 3176 615 3222 a
633 3176 669 3222 se
686 3157 815 3222 editum
834 3155 1003 3232 occidens,
1021 3157 1141 3222 vivens
1158 3159 1335 3232 interram

160 3259 272 3334 defodi
287 3265 343 3332 vel
356 3267 393 3330 in
406 3284 501 3330 mare
515 3265 690 3346 submergi
703 3265 857 3329 debebat.

129 3445 134 3456 ,
199 3377 232 3441 3⁰
253 3373 445 3451 Parricidae‚
464 3372 532 3439 late
549 3371 644 3453 tales,
661 3372 891 3458 puniebantur
909 3390 1013 3458 prena
1033 3373 1205 3441 ordinarie
1223 3375 1335 3440 homi-

160 3485 248 3552 cidii.
932 3483 937 3492 '
1205 3529 1208 3534 -

201 3595 227 3674 c)
241 3594 300 3658 Jus
316 3593 488 3669 Gallicum,
504 3595 566 3656 art
584 3591 622 3656 13
633 3589 713 3656 God.
729 3610 834 3674 poen,
850 3590 923 3655 haec
938 3592 1075 3656 statuit:
1092 3592 1157 3656 «Le
1172 3592 1336 3675 coupable

160 3703 349 3768 condamnt
365 3704 487 3766 emori
500 3693 588 3784 pour
604 3698 769 3784 parricide
784 3717 861 3763 sera
871 3699 1012 3763 couduit
1025 3717 1084 3763 sur
1096 3700 1129 3764 le
1146 3699 1214 3764 lieu
1228 3699 1337 3764 d'exe-

160 3811 276 3876 cution
303 3829 345 3874 en
365 3809 526 3884 chemise,
556 3807 716 3890 nu·pieds
736 3811 770 3870 et
803 3805 928 3870 latete
957 3812 1118 3872 converte
1141 3808 1221 3872 d’un
1248 3806 1336 3872 veile

161 3918 246 3982 noir.
264 3915 378 3981 llsera
392 3916 518 3998 enpose
534 3933 593 3979 sur
605 3914 794 3979 l’ecbafaud
815 3913 966 3996 pendant
986 3915 1091 3997 qu’un
1102 3917 1250 3981 huissier
1265 3916 1337 3980 iera

161 4045 205 4091 au
219 4024 341 4109 peuple
355 4023 482 4088 lecture
499 4023 539 4088 de
552 4023 666 4088 l‘arret
680 4023 721 4088 de
738 4023 1014 4101 condamnation,
1031 4028 1065 4089 et
1079 4025 1103 4088 il
1127 4043 1203 4090 sera
1217 4025 1336 4089 imme-

162 4134 348 4199 diatement
362 4132 515 4196 executi.
526 4157 541 4190 »

201 4239 239 4303 ln
259 4245 321 4304 art.
337 4240 397 4304 302
409 4240 602 4304 decernitur
615 4257 717 4322 poene
730 4241 850 4304 mortis
867 4265 882 4298 u
899 4242 971 4305 sina
985 4240 1181 4324 praeJudioio
1194 4235 1336 4326 dispo'si-

163 4347 264 4413 tionis
279 4346 489 4431 partioularis
503 4347 539 4411 in
554 4351 616 4412 art.
633 4346 672 4410 13
686 4351 866 4412 contentae.
881 4373 896 4406 »
