3514 5564
354 569 414 634 150
813 585 866 631 rus
886 583 1067 632 ιιιιοιιιιιιιι.

353 707 586 787 conjugatum,
600 702 733 786 publice
757 720 835 766 cum
859 721 900 768 co
920 691 1093 769 'contraxit
1106 705 1145 786 (c.
1163 705 1247 768 tlh.
1265 709 1302 780 t,
1319 723 1348 770 c.
1368 707 1446 780 lin,
1461 711 1477 785 δ
1492 705 1534 770 St

354 813 429 898 quis
453 813 495 878 de
517 811 628 877 cloud.
650 811 835 896 despuas.);
860 831 941 878 narn
960 831 1004 878 ne
1025 813 1138 896 proles
1158 813 1202 877 sit
1221 813 1345 898 partim
1364 813 1528 896 legitima,

352 920 476 1005 partim
490 919 677 1002 illegitima,
694 919 831 1004 speciali
844 922 962 987 favore
974 922 1061 1004 juris
1081 922 1228 986 babetur
1244 939 1305 1006 pro
1320 921 1473 1003 legitima
1487 922 1529 988 ad

240 1108 245 1116 ⁵
352 1029 579 1104 baereditates,
596 1029 709 1094 cilicia
722 1029 959 1106 ecelesiastica,
977 1033 1039 1094 etc.
1055 1029 1127 1094 lmc
1140 1029 1175 1093 in
1191 1029 1306 1106 dubio,
1324 1030 1441 1094 levore
1455 1049 1530 1114 pro

352 1137 405 1214 lis,
418 1138 639 1220 praesumitur
652 1137 765 1220 potius
786 1136 980 1218 ignorantia
1003 1155 1107 1220 quam
1122 1137 1264 1203 scientia
1279 1136 1526 1220 impedimenti,

352 1245 404 1309 An
417 1263 500 1310 vero
520 1243 717 1327 legitimitas
729 1243 835 1328 prolis
850 1245 957 1327 prosit
970 1245 1103 1328 parenti
1121 1243 1288 1310 maletida
1301 1246 1527 1332 contrahenti,

354 1358 392 1419 ut
406 1354 438 1418 ei
452 1353 633 1442 succedere
649 1351 766 1436 possit,
780 1357 1041 1418 controvertunt
1053 1353 1139 1417 bb:
1157 1353 1401 1418 affirmantium
1415 1353 1529 1438 opinio

353 1462 488 1528 videtur
501 1461 717 1546 probabilior,
737 1479 817 1526 oum
831 1461 908 1526 talis
922 1461 1035 1545 proles
1051 1461 1181 1527 dicatur
1195 1461 1350 1526 absoluto
1363 1461 1527 1544 legitima,

354 1588 423 1636 non
436 1589 519 1637 vero
533 1574 666 1636 tantum
681 1573 838 1654 respectu
857 1571 959 1636 unius
973 1571 1135 1656 parentis.
1152 1571 1185 1634 3ο
1205 1571 1239 1634 Si
1259 1589 1354 1636 error
1371 1571 1460 1655 juris
1482 1571 1531 1636 in·

355 1679 502 1744 tervanit
519 1679 555 1743 in
575 1683 751 1744 ocntractu
767 1679 985 1755 matrimonii,
1006 1699 1076 1746 non
1097 1681 1195 1745 obest
1213 1679 1393 1762 legitimati
1410 1679 1528 1762 prolis,

354 1788 523 1871 quianon
546 1787 634 1852 tollit
656 1788 782 1852 bonam
801 1786 927 1864 fldem3
951 1793 991 1851 ut
1011 1787 1039 1850 si
1064 1787 1164 1870 Gajus
1190 1787 1350 1870 cognovit
1376 1805 1531 1862 sororem

354 1913 501 1979 sponsae,
516 1899 551 1958 et
563 1894 736 1975 ignoravit
749 1895 952 1960 affluitatem
965 1895 1044 1960 inde
1060 1901 1280 1961 consecutam
1299 1911 1375 1960 csse
1391 1895 1531 1978 impedi·

354 2007 509 2069 mentum
524 2003 687 2068 dirimens
706 2004 936 2070 matrimonii:
961 2005 1009 2070 ita
1024 2004 1163 2086 Gregor.
1179 2003 1252 2068 lllll
1270 2004 1313 2069 ad
1327 2008 1448 2088 quest.
1465 2005 1531 2069 ila·

354 2113 543 2178 ronitarum
556 2113 742 2196 respondit,
759 2113 952 2196 legitimum
969 2133 1045 2180 esse
1063 2113 1173 2178 filium
1187 2118 1309 2205 natum
1323 2133 1366 2178 ex
1380 2111 1531 2178 secundo

354 2219 516 2305 conjugio
542 2221 633 2304 quod
654 2226 751 2304 pater
776 2224 852 2305 ejus
872 2223 915 2287 ab
945 2240 1052 2287 uxore
1076 2221 1230 2287 adultera
1256 2221 1429 2286 divertens
1452 2239 1533 2285 eon-

357 2328 469 2404 traxit,
484 2328 563 2412 quia
575 2329 665 2406 bona
677 2329 744 2394 ilde
759 2329 893 2414 putavit
905 2329 939 2394 id
951 2329 1014 2394 sibi
1028 2329 1142 2406 licere,
1159 2333 1231 2393 tum
1246 2328 1326 2413 quia
1340 2328 1533 2412 ignorantia

352 2437 451 2521 juris,
460 2436 734 2520 licetnonprosit
748 2438 931 2520 ignoranti,
945 2444 1060 2504 mmen
1073 2438 1158 2514 aliis,
1168 2439 1219 2502 uti
1232 2437 1395 2523 prolibus,
1408 2454 1531 2502 nocere

356 2564 426 2611 non
446 2546 566 2624 debet3
590 2550 663 2610 tum
688 2545 835 2632 denique
854 2548 934 2642 quia
953 2547 1147 2630 ignorantia
1159 2548 1259 2632 juris,
1277 2547 1356 2613 lieet
1368 2543 1534 2629 impediat

356 2655 482 2721 bonam
496 2656 601 2722 fldem
625 2656 759 2722 civilem
782 2657 824 2740 ad
851 2657 1018 2740 quosdam
1038 2657 1191 2733 allectus,
1212 2661 1251 2721 ut
1275 2656 1530 2739 usucapionem,

359 2767 473 2828 tamen
497 2782 566 2830 non
589 2765 733 2848 impedit
745 2765 871 2831 bonam
894 2765 999 2830 fldem
1016 2764 1250 2847 ‚mcologicem
1273 2782 1349 2847 quaa
1362 2768 1534 2848 spectatur

357 2871 392 2934 in
407 2871 643 2948 matrimoniis,
655 2874 777 2956 quibus
792 2872 865 2938 sola
878 2873 1072 2956 ignorantia
1085 2873 1243 2939 affectata
1253 2873 1447 2955 nooetlcap.
1458 2871 1531 2948 lin,

358 2985 374 3059 ἕ
388 2979 525 3065 Siquis,
544 2981 586 3052 de
601 2981 714 3045 cloud.
731 2982 896 3068 despuas.)
912 2981 965 3065 (l).
988 3061 991 3067 Ι

394 3125 436 3180 Ex
451 3119 499 3179 bis
515 3121 614 3180 soluta
627 3126 749 3180 manent
764 3127 941 3196 argumenta
955 3123 1107 3181 contraria
1119 3137 1156 3180 es
1172 3137 1235 3197 reg.
1252 3139 1302 3180 xm
1317 3121 1348 3180 in
1364 3126 1404 3192 θ’,
1419 3121 1471 3180 lib.
1487 3123 1533 3191 lx,

359 3210 390 3270 ll.
406 3211 441 3270 dc
454 3211 480 3270 J.
492 3215 522 3270 ct
535 3211 567 3270 ι’.
583 3212 657 3286 ipo,
674 3211 725 3270 lib.
739 3213 835 3283 lllllll,
848 3211 879 3270 il.
898 3211 933 3270 dc
950 3212 1101 3284 deamat,
1117 3215 1146 3270 et
1160 3227 1186 3269 c.
1202 3216 1229 3270 4.
1247 3213 1276 3270 Si
1290 3227 1326 3270 es
1342 3211 1534 3270 matrimonio

360 3299 478 3373 publice
496 3304 526 3359 et
544 3299 623 3358 bona
640 3299 698 3358 lide
718 3305 886 3370 contracto,
911 3304 940 3358 et
959 3300 1010 3358 llte
1030 3315 1122 3373 super
1145 3301 1245 3359 valere
1264 3302 1332 3374 ejus
1351 3305 1532 3370 conmotam,

360 3389 460 3462 proles
485 3395 630 3462 concepta
652 3395 699 3448 est
723 3395 792 3448 ante
817 3389 999 3448 sententiam
1023 3389 1131 3460 latam,
1156 3389 1282 3450 babetur
1304 3405 1358 3464 pro
1384 3389 1533 3465 legitima,

305 3499 309 3508 ·
360 3496 425 3554 cap.
439 3485 455 3538 2
470 3479 500 3538 b.
517 3485 553 3549 t.;
570 3494 650 3550 nam,
667 3479 719 3538 lite
730 3479 887 3552 pendente,
903 3480 1050 3554 coniuges
1065 3495 1126 3538 non
1142 3488 1214 3540 sunt
1230 3481 1367 3554 privandi
1377 3481 1534 3540 commodo

362 3585 426 3630 suae
445 3569 668 3644 possessionis;
689 3569 749 3628 imo
771 3569 890 3628 carnale
904 3571 1117 3630 commercium
1137 3571 1181 3632 eis
1201 3572 1393 3646 permittitur,
1409 3585 1434 3629 c.
1450 3575 1478 3642 2,
1500 3572 1536 3632 llt

364 3661 416 3720 tite
425 3661 514 3733 pand.
530 3663 588 3718 Nec
602 3659 650 3718 bic
665 3659 799 3733 procedit
813 3659 863 3717 lib.
880 3663 962 3731 XXV,
975 3661 992 3735 ξ
1006 3667 1034 3732 7,
1045 3661 1076 3718 li.
1093 3661 1128 3720 de
1143 3661 1258 3721 bared.
1272 3661 1371 3734 petit,
1383 3659 1435 3720 lib.
1452 3661 1535 3732 Xllll,

363 3764 388 3807 c.
410 3749 446 3808 de
465 3751 498 3810 ll.
519 3749 562 3819 V,
585 3763 655 3808 nam
675 3748 737 3809 litis
757 3751 975 3810 contestatione
997 3751 1151 3810 inducitur
1176 3751 1254 3810 mala
1277 3751 1352 3810 fidas
1377 3750 1460 3820 licta,
1482 3765 1536 3810 scu

363 3838 472 3909 civilis,
487 3839 585 3912 quoad
601 3839 718 3898 tructus
737 3839 832 3916 pretio
845 3839 1051 3912 estimabiles,
1065 3841 1117 3914 qui
1133 3839 1313 3900 restituendi
1329 3846 1403 3900 suut
1416 3839 1535 3910 victori;

364 3943 425 3988 non
439 3943 509 3987 vero
523 3928 621 4001 quoad
640 3927 699 3987 alia
713 3929 871 3988 commoda
889 3935 918 3988 et
936 3930 1053 3990 tructus
1069 3929 1163 4003 pretio
1182 3945 1242 3988 non
1261 3929 1471 4000 aetimabileS,
1493 3929 1536 3988 uti

364 4021 411 4096 est
425 4017 578 4092 generatio
593 4016 697 4090 prolis,
713 4019 913 4091 presentatio,
932 4019 1047 4092 electio,
1061 4023 1118 4078 etc.

404 4177 504 4260 Resp.
519 4176 549 4242 l.
564 4175 679 4242 Proles
692 4181 781 4241 natae
797 4155 840 4243 ex
854 4177 1053 4262 parentibus
1075 4177 1280 4256 infidelibus,
1303 4179 1360 4263 qui
1378 4180 1538 4261 ignoran-

365 4290 417 4349 ter
439 4289 473 4348 et
499 4284 681 4349 bonafide
707 4290 951 4350 contraxerunt
978 4303 1057 4349 cum
1084 4285 1332 4369 impedimento
1357 4285 1537 4351 dirimente

361 4393 448 4475 juris
472 4391 646 4468 naturalis,
664 4399 745 4457 sunt
765 4392 938 4474 legitimae,
955 4392 1036 4476 quia
1052 4394 1144 4458 bona
1163 4391 1249 4458 [idas
1272 4398 1398 4477 purgat
1415 4393 1537 4458 vitium

398 4568 430 4632 tl)
448 4568 560 4626 Quando
577 4569 611 4621 ab
630 4569 744 4620 Ecclesia
762 4569 870 4634 aliquod
892 4569 1091 4620 matrimonium
1114 4569 1263 4620 declaratur
1280 4569 1437 4630 invalidum,
1457 4585 1484 4618 v.
1507 4584 1534 4634 g,

329 4683 332 4690 .
366 4644 428 4708 quia
441 4649 605 4696 contractum
623 4649 663 4697 est
679 4659 738 4695 cum
759 4643 949 4709 impedimento
968 4650 1063 4708 matos,
1084 4644 1171 4709 proles
1188 4651 1327 4698 conservat
1337 4647 1399 4713 jura
1414 4643 1537 4713 legitimi·

365 4719 426 4772 tatia
442 4719 478 4783 (S.
494 4721 521 4772 C.
533 4720 560 4773 C.
579 4721 606 4772 in
619 4721 721 4772 Nullius
735 4721 903 4786 denormat,
916 4721 997 4788 djan.
1014 4722 1093 4786 188⁰).
