3508 5568
397 520 437 582 32
855 533 907 580 tus
928 533 1109 580 canonicus.

398 655 557 720 trarietur
581 653 724 736 prolem,
754 673 830 739 quse
857 674 927 719 non
954 653 1114 739 deliquit,
1134 653 1177 718 ab
1198 653 1372 718 alimentis
1394 657 1574 736 parentum

399 781 516 827 amen'
692 847 734 898 vl.
749 847 791 899 tn
803 843 1019 898 matrimonium
1034 844 1071 896 sit
1087 845 1116 897 in
1132 843 1292 908 prffiaapto‘t

393 1053 394 1056 ,
435 991 537 1075 'Resp.
554 991 723 1075 Respecto
736 993 990 1056 communitatis
1004 991 1164 1058 humanae
1180 995 1232 1054 est
1250 990 1285 1055 in
1300 995 1489 1073 praeceptc,
1506 1007 1574 1053 nou

400 1117 482 1164 vcro
507 1104 664 1183 respectu
684 1097 898 1182 singulorum
912 1100 1102 1164 hominum.
1120 1098 1217 1164 Ratio
1233 1100 1271 1174 1¹,
1290 1098 1370 1182 quia
1386 1100 1475 1161 Deus
1489 1115 1574 1180 prae-

399 1209 488 1292 cepit
502 1209 653 1290 speciem
667 1208 856 1272 humanam
874 1209 1066 1290 propagari,
1084 1213 1118 1272 at
1129 1206 1382 1272 itacouservari
1393 1204 1500 1288 (Gen,
1514 1209 1546 1284 11)
1565 1225 1572 1268 t

286 1366 291 1378 .
401 1341 416 1375 κ
433 1314 914 1398 Crescite,etmultiplicamini
931 1334 967 1390 »3
987 1314 1362 1398 ergchocpraeceptum
1372 1313 1574 1378 afficitoom-

399 1424 602 1488 munitatem
613 1423 754 1503 generis
768 1423 910 1488 humani
928 1442 935 1485 :
953 1422 1075 1488 etideo
1090 1424 1218 1488 incasu
1229 1421 1442 1488 necessitatis
1458 1427 1575 1504 posset

398 1531 500 1614 isqui
517 1530 758 1596 communitati
778 1530 948 1612 presidet,
970 1529 1102 1613 aliquos
1113 1548 1238 1612 cogere
1252 1529 1571 1595 admatrimonium.

399 1637 495 1703 Ratio
509 1640 549 1716 2¹,
567 1639 647 1722 quia
664 1657 733 1702 non
750 1643 803 1702 est
824 1655 965 1702 necesse
980 1638 1024 1702 ad
1037 1638 1336 1703 conservationem
1355 1637 1493 1719 generis
1515 1637 1575 1700 hu-

398 1747 491 1808 mani
507 1751 545 1809 ut
566 1744 691 1826 singuli
710 1745 930 1810 matrimonio
943 1749 1135 1828 jungantur
1151 1766 1158 1808 :
1175 1746 1245 1810 imo
1261 1744 1373 1820 hodia,
1388 1745 1471 1808 dum
1486 1748 1576 1806 terra

399 1852 592 1934 repletaest
604 1853 813 1929 hominihus,
834 1853 993 1935 expediet
1004 1859 1042 1916 ut
1057 1852 1182 1918 coelum
1191 1851 1363 1936 repleatur
1373 1853 1572 1936 virginibus.

462 2041 514 2093 Vll.
531 2042 572 2091 An
588 2011 804 2102 concubinatus,
819 2039 848 2091 in
864 2049 920 2104 quo
935 2039 1038 2092 unicus
1053 2038 1155 2092 celebs
1169 2039 1262 2092 unicas
1280 2037 1369 2092 celibi
1383 2037 1516 2102 juugitur

677 2113 785 2180 absquo
802 2115 952 2167 contractu
968 2113 1103 2177 maritali,
1119 2114 1157 2166 sit
1169 2115 1281 2167 licitus?

441 2263 539 2345 Resp.
561 2262 718 2342 negative
737 2281 744 2323 :
761 2278 842 2324 nam
858 2260 937 2324 licet
951 2260 1033 2324 olim
1044 2263 1123 2342 jure
1138 2259 1228 2323 civili
1246 2260 1434 2343 permissus
1454 2259 1573 2335 inerit,

398 2375 475 2455 jure
492 2379 606 2436 tamen
621 2369 777 2447 naturali,
801 2370 916 2435 divino
931 2376 966 2434 et
986 2370 1150 2434 canonico
1166 2369 1357 2447 damnatur,
1369 2387 1448 2433 cum
1462 2370 1577 2434 foveat

402 2487 577 2564 peccatum
593 2479 734 2543 mortale
749 2484 843 2544 tanto
858 2479 997 2560 gravius
1015 2485 1049 2542 et
1063 2477 1298 2561 perniciosius,
1315 2483 1442 2561 quanto
1452 2494 1575 2542 cortou·

403 2591 537 2653 tricatus
553 2595 605 2652 est
619 2587 810 2652 diuturnior
825 2593 909 2666 (can.
919 2587 948 2664 6,
966 2587 1103 2662 Audite,
1116 2587 1147 2651 d.
1164 2586 1215 2663 44,
1232 2605 1305 2651 can.
1326 2587 1357 2662 3,
1372 2585 1573 2662 Meretricas,

401 2699 451 2774 32,
467 2718 499 2780 q.
515 2698 557 2780 4).
573 2697 667 2761 Unde
689 2697 931 2772 concubinarii,
946 2697 1054 2761 donec
1067 2696 1226 2762 deserant
1236 2695 1451 2761 occasionem
1464 2696 1574 2778 proxi-

402 2825 494 2870 mam
506 2805 679 2886 peccandi,
694 2823 764 2869 non
779 2808 860 2868 sunt
874 2803 1074 2868 absolvendi
1083 2805 1119 2868 in
1130 2808 1342 2868 sacramento
1353 2803 1572 2885 peanitentiae,

403 2915 444 2978 de
457 2930 524 2998 quo
541 2913 638 2996 plura
652 2912 711 2976 ΤΤ.
732 2919 766 2978 ct
778 2913 925 2977 Trident.
944 2931 1027 2978 sess.
1044 2912 1094 2989 34,
1110 2931 1138 2977 c.
1153 2913 1183 2988 8,
1200 2913 1241 2977 de
1254 2913 1404 2995 Resona.
1423 2913 1573 2975 matrim.

402 3021 468 3086 Nec
487 3021 599 3086 obstat
626 3039 737 3086 canon
756 3021 786 3097 4,
803 3039 882 3085 cum
904 3039 974 3104 seq.
997 3022 1031 3085 d.
1056 3021 1106 3096 34,
1132 3037 1213 3085 nam
1235 3021 1386 3104 loquitur
1408 3020 1449 3084 de
1469 3039 1575 3085 uxore

404 3132 504 3196 ducta
520 3131 593 3206 sine
608 3130 880 3196 solemnitatibus
895 3131 1060 3210 civilibus,
1078 3150 1154 3215 quae
1169 3132 1205 3194 in
1225 3133 1328 3196 sacris
1342 3131 1463 3194 litteris
1485 3137 1519 3194 et
1541 3130 1574 3194 iu

279 3311 282 3320 .
400 3243 477 3320 jure
491 3259 580 3322 saepe
593 3241 658 3306 dici
671 3241 758 3306 solet
770 3243 969 3319 concubina,
986 3240 1065 3306 iicet
1078 3241 1196 3324 reipsa
1209 3241 1253 3303 sit
1262 3258 1344 3304 vera
1355 3257 1452 3303 uxor.

879 3483 1019 3544 SECTiO
1041 3483 1094 3544 111.

714 3647 761 3700 De
778 3647 1029 3713 impedimentis
1045 3643 1260 3699 matrimonii.

445 3805 527 3868 Cum
550 3805 585 3867 in
599 3805 824 3870 matrimoniis
837 3805 987 3872 maxime
1002 3804 1186 3887 spectanda
1200 3805 1243 3867 sit
1256 3804 1417 3870 honestas
1428 3803 1461 3886 (l.
1478 3801 1570 3879 xiii,

405 3915 439 3978 ii.
457 3915 498 3977 cle
514 3913 591 3977 Ritu
607 3913 781 3997 cautiori,
800 3917 890 3977 recte
908 3916 965 3996 jus
984 3912 1117 3977 induxit
1132 3916 1224 3976 certa
1240 3912 1495 3994 impedimenta,
1513 3931 1573 3976 seu

405 4019 579 4084 obstacula
597 4021 750 4096 moralia,
767 4020 890 4102 quihus
913 4025 1005 4084 certa
1025 4019 1243 4084 matrimonia
1261 4020 1305 4084 ob
1323 4018 1506 4102 quamdam
1526 4021 1576 4082 in-

405 4127 594 4192 decentiam
610 4127 688 4190 iniri
701 4131 862 4192 vetantur
879 4147 885 4189 :
901 4131 935 4190 et
949 4127 990 4190 de
1002 4127 1056 4190 his
1070 4127 1106 4190 in
1121 4127 1290 4209 praesenti.

466 4316 485 4364 i.
495 4315 537 4366 rin
551 4311 635 4366 detur
647 4313 677 4364 in
692 4312 825 4375 Ecclesia,
842 4313 872 4366 et
882 4323 970 4376 panas
984 4324 1070 4376 quem
1088 4312 1210 4366 resideat
1223 4313 1345 4378 potestat
1356 4313 1510 4368 inducendi

786 4387 990 4453 impedimenta
1003 4387 1195 4441 matrimonii?

350 4528 355 4543 ’
446 4538 545 4622 Resp.
561 4541 591 4604 i.
610 4539 762 4604 Potestas
775 4541 841 4605 ista
856 4540 954 4604 datur
967 4540 1003 4603 in
1017 4538 1184 4604 Ecclesia:
1200 4537 1248 4602 ita
1273 4539 1337 4604 sub
1360 4539 1576 4607 anathemate

405 4646 559 4712 deiinivit
572 4646 659 4711 Trid.
676 4665 761 4712 sess.
777 4647 826 4724 ii,
848 4665 921 4714 can.
944 4648 975 4724 43
999 4665 1079 4714 nam
1093 4647 1311 4731 praescribere
1331 4649 1477 4715 formam
1498 4666 1578 4714 con-
