3482 5560
346 537 405 600 fac
801 551 853 600 rus
874 551 1052 600 canonicus.
1120 547 1122 552 '

346 672 437 751 gatio
451 670 544 734 nullo
556 672 632 753 jura
646 669 854 752 prohibetur,
877 671 948 736 sive
962 671 1173 755 particularis
1192 673 1236 737 sit
1253 691 1315 756 pro
1330 691 1399 738 unc
1420 691 1512 748 casu,

346 780 417 842 sive
441 777 645 859 generaliter
668 777 900 842 committatur
912 795 973 862 pro
994 779 1151 843 omnibus
1172 779 1337 844 similibus
1360 779 1513 856 casibus,

256 901 260 910 ·
346 886 416 963 sed,
442 891 577 951 utente
599 885 677 960 dixi,
702 889 834 951 tantum
863 888 1019 968 profore
1040 887 1274 964 conscientiae;
1305 887 1457 971 adeoque
1487 887 1514 950 si

344 999 463 1078 postea
486 993 664 1075 detegatur
686 994 979 1078 impedimentum,
1008 996 1134 1059 recurri
1157 995 1292 1060 debebit
1313 995 1355 1060 ad
1377 995 1513 1078 Papam.

290 1153 295 1177 ,
344 1103 502 1167 Doctrina
514 1101 580 1166 ista
600 1100 786 1186 applicatur
807 1102 910 1166 stiam
933 1107 1014 1167 voto
1032 1102 1249 1168 continentias
1269 1108 1442 1186 perpetuae
1464 1120 1516 1166 oc

343 1211 445 1289 culto,
460 1211 496 1274 iu
513 1229 580 1296 quo
596 1211 784 1295 episcopus,
806 1207 862 1274 vel
882 1213 957 1294 ejus
981 1212 1168 1294 delegatus,
1185 1231 1246 1296 pro
1260 1213 1339 1276 casu
1362 1211 1515 1292 urgentis

316 1333 323 1366 ⁸
344 1319 570 1396 necessitatis,
603 1319 798 1403 dispensare
821 1324 944 1402 potest.
970 1321 1002 1384 3⁰
1026 1320 1062 1384 iu
1089 1321 1190 1386 dubio
1214 1340 1259 1386 an
1278 1320 1427 1404 opus·sit
1451 1318 1516 1383 dis-

165 1513 170 1522 ·
241 1423 242 1426 '
342 1429 553 1514 pensatione,
577 1428 706 1494 attendi
731 1429 855 1493 debent
874 1431 1004 1496 motiva
1019 1436 1053 1496 et
1072 1432 1354 1514 praesumptiones
1369 1451 1376 1493 :
1393 1432 1427 1494 et
1447 1427 1516 1512 qui-

343 1537 421 1602 dem
448 1538 476 1603 si
502 1539 721 1622 praesumptio
747 1544 814 1604 stet
841 1558 902 1624 pro
925 1540 1099 1618 libertate,
1128 1541 1306 1624 episcopus
1336 1535 1516 1603 declarabit

343 1664 411 1710 non
440 1645 580 1710 subesse
607 1647 889 1730 impedimentum
913 1669 920 1710 z
944 1648 971 1712 si
1001 1666 1084 1712 vero
1112 1647 1333 1731 praesumptio
1361 1650 1427 1710 stet
1455 1661 1516 1728 pro

342 1754 598 1837 impedimento,
622 1754 799 1839 episcopus
820 1755 1001 1821 declarabit
1027 1755 1110 1819 iilud
1134 1757 1285 1832 subesse,
1313 1772 1424 1838 neque
1450 1753 1516 1816 dis-

340 1863 506 1946 pensabit,
530 1865 595 1928 nisi
616 1882 715 1930 casus
737 1866 780 1930 sit
804 1865 955 1930 occuitus
981 1870 1015 1930 et
1037 1866 1220 1930 necessitas
1239 1869 1369 1946 urgeat.
1396 1863 1448 1927 Sic
1474 1882 1516 1927 ex

342 1973 433 2037 coitu
451 1974 669 2056 praesumitur
692 1975 850 2051 affinitas,
875 1974 955 2040 licet
970 1961 1054 2040 alter
1067 1975 1154 2040 dicat
1178 1993 1297 2040 semen
1311 1973 1416 2037 fuisse
1433 1973 1517 2036 effu-

343 2097 430 2157 sum,
449 2086 512 2145 etc.

409 2267 451 2318 lii.
467 2267 509 2318 nu
524 2266 665 2332 regulares
679 2265 843 2330 dispensare
857 2267 965 2331 possint
979 2266 1008 2320 in
1020 2266 1232 2332 impedimentis
1243 2257 1444 2320 matrimonii?

382 2408 480 2492 Resp.
496 2409 529 2472 1⁰
544 2408 607 2474 Pro
621 2409 695 2474 foro
712 2414 853 2474 externo
870 2408 963 2474 nulio
979 2408 1082 2474 modo
1100 2412 1262 2492 possuut;
1287 2409 1356 2473 imo
1382 2407 1515 2488 reguia-

342 2515 425 2580 riter
438 2533 501 2580 nec
519 2535 580 2599 pro
601 2516 674 2581 foro
689 2517 823 2582 interno
838 2517 873 2580 in
886 2535 968 2581 casu
983 2517 1138 2598 urgentis
1155 2517 1378 2592 necessitatis,
1400 2515 1435 2579 in
1451 2533 1517 2598 quo

344 2624 520 2708 episcopus
535 2625 730 2707 dispensare
745 2623 855 2688 valet:
871 2643 952 2689 nam
968 2623 1072 2689 talem
1085 2624 1282 2700 facultatem
1302 2623 1516 2705 regularibus

342 2733 447 2798 fuisso
460 2748 668 2810 concessam,
693 2752 735 2796 ex
749 2732 842 2796 nullo
857 2737 991 2797 constat
1007 2733 1194 2815 privilegio.
1215 2732 1267 2795 An
1291 2751 1373 2796 vero
1390 2733 1424 2794 in
1437 2735 1518 2796 voto

343 2841 560 2906 continentia
587 2841 783 2924 dispensare
811 2841 954 2924 possint,
986 2840 1063 2904 uide
1093 2840 1181 2905 dicta
1207 2838 1334 2915 libili,
1361 2839 1401 2902 de
1425 2838 1516 2903 Voto.

342 2948 375 3012 2⁰
390 2947 607 3030 Priviiegium
625 2949 745 3013 Leonis
764 2948 800 3024 X,
820 2967 887 3032 quo
912 2948 1167 3030 augustinianis
1189 2966 1249 3030 per
1271 2952 1380 3011 totum
1402 2947 1520 3011 orbem

344 3055 566 3121 existentibus
584 3051 781 3122 conceditur
799 3057 942 3122 facultas
974 3056 1193 3140 dispensandi
1223 3073 1301 3120 cum
1326 3055 1378 3119 his
1400 3054 1458 3138 qui
1483 3055 1518 3116 in

343 3167 452 3249 primo
463 3166 570 3248 gradu
586 3166 759 3230 affinitatis
774 3165 913 3231 occuitae
928 3169 1171 3230 contraxerunt
1193 3165 1339 3228 scienter
1354 3162 1410 3227 uei
1423 3163 1520 3243 igno-

342 3281 466 3354 ranter,
491 3281 530 3339 ut
555 3294 774 3359 perseverare
801 3276 934 3359 possint
957 3276 992 3339 in
1012 3275 1241 3350 matrimonio,
1277 3272 1375 3336 multi
1401 3273 1521 3338 dicunt

345 3401 419 3447 esse
435 3383 624 3448 existentia
642 3384 762 3458 dubiae,
776 3383 832 3447 vei
852 3401 923 3447 non
944 3401 1009 3446 usu
1034 3382 1208 3458 abolitum,
1235 3380 1290 3444 vei
1312 3378 1454 3460 intelligi
1478 3377 1518 3442 de

344 3491 508 3555 affinitate
523 3491 798 3574 superveniente.
815 3491 984 3574 Quidquid
999 3491 1043 3554 sit
1068 3489 1108 3554 de
1128 3490 1180 3553 his
1206 3488 1383 3553 sententiis
1406 3487 1520 3552 docto-

344 3617 433 3676 rum,
455 3600 522 3681 qui‚
539 3602 578 3661 ut
599 3599 730 3681 opinor,
753 3597 921 3681 privilegii
945 3603 1101 3662 tenorem
1124 3614 1194 3662 uon
1212 3597 1445 3679 inspexerunt,
1463 3595 1519 3658 aiii

340 3713 460 3782 ,tamen
476 3725 512 3768 se
527 3704 745 3770 iiiudvidisse
761 3711 795 3770 et
807 3706 932 3788 legisse
955 3710 1124 3770 testantur
1148 3709 1182 3768 et
1195 3703 1311 3784 Pragae
1335 3701 1519 3766 novissime
1578 3746 1581 3762 .

347 3815 524 3878 defensum
536 3813 609 3889 fuit,
626 3813 668 3876 ad
683 3814 774 3896 quod
788 3814 992 3898 impressum
1008 3819 1040 3878 te
1056 3813 1203 3877 remitto.
1228 3813 1260 3875 3ο
1276 3809 1462 3891 Regulares
1478 3809 1520 3872 ad

346 3921 533 4005 petendum
552 3921 703 3984 debitum
729 3921 924 4004 dispensare
948 3925 1092 4015 possunt
1113 3921 1149 3983 in
1173 3919 1337 3984 affinitate
1363 3933 1521 3999 superve-

348 4033 462 4096 niente
489 4049 532 4094 ex
555 4029 676 4112 copula
702 4028 828 4108 illicita,
846 4031 896 4094 uti
920 4031 1023 4095 etiam
1046 4029 1083 4092 iu
1106 4033 1187 4093 voto
1217 4025 1379 4091 castitatis
1404 4043 1522 4088 conse·

348 4145 473 4224 quentc
491 4137 548 4202 vei
573 4137 813 4213 antecedente,
835 4156 913 4201 cum
936 4155 1002 4220 quo
1026 4136 1281 4202 matrimonium
1303 4132 1417 4198 illicite
1443 4151 1522 4196 con-

348 4251 556 4311 tractumest
577 4265 583 4308 :
601 4247 650 4308 ita
661 4263 784 4309 comm.
803 4246 1005 4327 scriptorum
1019 4244 1138 4326 Regg,
1157 4262 1200 4307 ex
1214 4243 1317 4306 variis
1335 4240 1522 4324 privilegiis

347 4355 566 4418 Summorum
579 4352 780 4418 Pontificum
797 4353 873 4417 iulii
889 4352 927 4429 ff,
948 4353 1080 4417 Martini
1094 4353 1130 4429 V,
1148 4351 1196 4414 Pii
1209 4351 1245 4428 V,
1263 4357 1326 4414 etc.
1341 4369 1347 4426 ;
1365 4349 1471 4431 Sayr„
1486 4347 1521 4410 in

349 4463 443 4527 Cleo.
460 4483 530 4546 rep.
545 4461 566 4523 i.
585 4461 635 4536 Vi,
648 4480 676 4526 c.
694 4459 1065 4537 11,Sancb.‚Salmant.,
1084 4465 1160 4536 etc,
1177 4477 1257 4523 nam
1268 4477 1338 4522 non
1352 4457 1522 4538 dispeusa-

269 4579 272 4584 “
350 4578 404 4635 tur
418 4571 614 4654 simpliciter
628 4570 664 4634 in
674 4575 755 4634 voto
771 4570 945 4648 castitatis,
959 4571 1018 4634 sed
1029 4571 1168 4652 praecise
1184 4567 1330 4633 adhunc
1348 4567 1519 4640 eflectum,

349 4687 387 4742 ut
403 4679 552 4743 debitum
567 4679 636 4760 peti
651 4677 767 4760 possit.
781 4677 812 4740 Si
828 4679 970 4741 maritus
985 4695 1063 4742 cum
1078 4677 1333 4756 consanguinea
1350 4675 1467 4739 uxoris
1485 4674 1520 4736 in
