3412 5570
500 689 590 738 trena
611 693 739 746 ourrrus
761 689 980 738 oecenmnmr.
1274 669 1332 736 111

201 811 233 896 b)
254 813 345 876 Licet
368 811 444 876 talis
468 813 638 895 susceptio
657 812 701 876 sit
723 812 965 892 gravissimum
990 815 1178 895 peccatum,
1207 813 1332 884 tamen,

162 921 294 986 seclusa
306 921 496 984 intentione
510 919 680 984 contraria
695 919 901 984 conterentis
917 919 1066 995 ordines,
1079 918 1153 1002 1666
1167 917 1335 982 ordinatio

163 1036 254 1094 esset
267 1029 379 1094 valida
396 1049 403 1092 :
420 1027 590 1110 colligitur
605 1047 648 1094 ex
662 1047 690 1092 o.
708 1031 723 1094 1
738 1030 773 1093 h.
790 1029 852 1104 tit,
870 1029 926 1094 ubi
938 1029 1062 1092 furtive
1074 1023 1250 1092 ordiiratus
1266 1043 1336 1090 non

163 1139 264 1203 debet
277 1139 401 1202 iterum
416 1137 575 1212 ordinari,
591 1137 652 1200 sed
667 1137 799 1202 sublata
813 1155 959 1201 censura
973 1154 1076 1220 quam
1090 1134 1242 1212 incurrit,
1262 1151 1336 1217 per-

162 1247 308 1310 mittitur
320 1245 513 1310 ministrare
527 1245 563 1310 in
577 1244 696 1310 ordine
711 1245 835 1309 furtive
851 1250 1021 1328 suscepto.

202 1355 355 1418 Diximus
370 1353 527 1418 «seclusa
548 1353 737 1418 intentione
761 1353 964 1429 contraria»,
981 1370 1061 1418 nam
1081 1354 1117 1418 in
1132 1352 1336 1439 quibusdam

163 1464 423 1540 Pontificatibus,
440 1481 511 1528 non
521 1481 604 1528 vero
620 1463 655 1526 in
670 1463 854 1528 pontificati
867 1463 1032 1542 Romano,
1043 1464 1210 1546 reperitur
1223 1461 1337 1546 aliqua

164 1573 344 1638 declaratio
367 1573 536 1656 6661111616
556 1572 775 1653 protestantis
798 1589 834 1636 66
854 1596 870 1630 u
887 1589 957 1637 non
982 1570 1160 1636 intendere
1182 1571 1336 1636 ordinare

163 1700 233 1747 non
255 1683 466 1747 examinatos
483 1688 543 1747 aut
560 1682 764 1765 approbatos
786 1707 813 1744 a.
835 1681 939 1746 Porro
953 1687 1085 1746 certum
1100 1685 1162 1756 est,
1181 1681 1337 1746 ordinem

162 1791 286 1854 furtive
310 1794 506 1872 susceptum
526 1788 641 1854 valore
664 1771 813 1866 destitui,
836 1789 864 1852 si
891 1807 1012 1854 revera
1035 1787 1196 1854 ordinans
1220 1790 1339 1854 hahuit

164 1896 267 1962 talem
281 1897 508 1961 intentionem
528 1917 535 1960 :
558 1897 633 1960 1666
657 1895 1006 1988 disputant'nonnulli
1023 1895 1080 1962 CC.
1103 1897 1144 1964 (16
1163 1897 1337 1963 validitate

164 2006 239 2070 talis
254 2005 487 2071 ordinationis.

205 2114 270 2178 Sed
284 2132 363 2178 oum
377 2115 441 2178 hoc
457 2119 567 2178 totum
581 2113 730 2197 pendeat
744 2131 787 2178 ex
800 2131 883 2178 vera
898 2119 932 2178 et
944 2114 1133 2197 subjectiva
1147 2115 1335 2180 intentione

165 2223 362 2298 ordinantis,
381 2227 451 2287 tota
463 2222 605 2306 quaestio
620 2223 793 2286 reducitur
807 2223 850 2287 ed
866 2222 1110 2305 explorandam
1128 2223 1215 2288 hano
1229 2223 1338 2289 inten-

165 2333 304 2397 tionem.
326 2331 429 2396 Porro
458 2331 530 2395 haec
551 2331 695 2396 intentio
717 2349 787 2396 non
810 2349 946 2415 semper
965 2331 1108 2396 resultat
1130 2351 1174 2396 ex
1198 2331 1257 2398 tali
1280 2332 1337 2398 de·

164 2440 357 2516 cieratione,
380 2457 455 2522 quae
474 2439 586 2522 potius
608 2438 742 2502 videtur
762 2439 896 2522 adjecta
916 2440 1030 2505 animo
1055 2441 1266 2509 absterrendi
1290 2441 1338 2505 sic

163 2547 319 2613 volentes
337 2547 461 2612 furtive
475 2547 635 2622 ordinari,
651 2565 755 2629 quam
770 2547 885 2614 animo
902 2565 973 2612 non
987 2547 1177 2613 ordinandi.
1194 2549 1237 2612 itt
1250 2549 1338 2614 ordi·
1420 2593 1426 2604 ·

163 2657 256 2722 natio
276 2660 366 2721 66661
387 2656 499 2732 dubia,
513 2673 592 2720 cum
613 2674 684 2720 non
703 2660 837 2720 constet
858 2656 1067 2720 sullicienter
1086 2656 1127 2721 (16
1146 2658 1336 2723 1616611666

163 2764 494 2846 veraetsubjectiva‚
502 2763 557 2827 vel
567 2763 609 2827 de
619 2764 810 2827 intentione
819 2763 1156 2846 praevalentetluare
1167 2765 1335 2831 ordinatio

163 2872 210 2936 sic
225 2873 313 2936 iacta
327 2870 468 2936 deberet
479 2870 595 2935 iterari
605 2871 668 2934 sub
682 2869 888 2945 conditione,
900 2871 1118 2953 potissimum
1132 2872 1161 2934 si
1176 2878 1335 2953 ageretur

164 2978 205 3042 de
226 2979 425 3052 sacerdotio,
444 2995 488 3042 ne
504 2981 681 3042 remaneat
695 2976 837 3040 dubium
851 2995 931 3041 cum
946 2978 1096 3061 periculo
1113 2979 1333 3044 invaliditatis

163 3087 307 3151 aliorum
322 3092 614 3151 sacramentorum
628 3103 702 3170 quaa
716 3104 737 3152 a
751 3085 939 3153 sacerdotio
955 3085 1201 3172 dependenti&
1212 3087 1333 3174 Congr.

164 3193 262 3294 (lonc.
280 3195 315 3258 11
332 3194 416 3258 febr.
432 3195 532 3276 1110).

232 3400 263 3451 11.
279 3401 317 3451 De
332 3397 422 3464 penis
436 3397 501 3450 lstts
515 3399 614 3450 contra
627 3397 731 3451 1661166
745 3398 932 3462 suscipientes
946 3397 1077 3452 ordinem
1092 3400 1121 3454 61
1133 3400 1274 3464 potestate

576 3473 720 3528 relaxandi
734 3474 797 3528 illas
811 3486 919 3539 poenas.

204 3636 235 3718 α)
245 3638 276 3699 t⁰
286 3635 787 3720 Incurruntsuspensionemab
797 3636 1016 3701 exsecutione
1032 3636 1191 3701 ordinum
1201 3637 1249 3701 sic
1259 3655 1334 3701 sus-

163 3750 349 3827 ceptorum,
367 3751 405 3808 ut
417 3750 512 3827 patet
525 3765 568 3810 ex
588 3763 616 3809 6.
631 3764 681 3828 pr.
699 3746 733 3809 h.
751 3751 788 3820 1.,
804 3745 861 3809 uhi
875 3743 1074 3828 prohibetur
1087 3744 1280 3810 ministrare
1302 3747 1337 3809 in

164 3852 282 3917 ordine
304 3855 352 3918 sic
375 3859 543 3938 suscepto.
567 3854 634 3918 Sed
652 3854 744 3919 idem
764 3854 946 3918 dicendum
968 3859 1020 3918 est
1043 3853 1085 3918 de
1109 3855 1172 3918 hac
1195 3873 1338 3938 suspen·

83 3987 90 3998 ·
164 3963 271 4038 sione,
286 3979 324 4026 ae
336 3961 378 4025 de
388 3961 445 4026 illa
460 3981 534 4045 qnae
544 3963 652 4027 fertur
665 3967 783 4027 contre
797 3967 973 4046 promotos
986 3979 1048 4045 per
1062 3961 1197 4038 saltum,
1210 3962 1338 4027 scilicet
1439 3973 1443 3980 '

164 4069 323 4153 adempta
338 4075 390 4132 est
404 4070 440 4134 in
462 4070 593 4134 ratione
613 4088 766 4135 censurae
788 4089 850 4152 per
868 4075 976 4134 const.
997 4070 1196 4153 1666161166
1218 4069 1336 4150 866116·

164 4175 319 4236 remanet
330 4175 446 4235 autem
461 4177 498 4234 ut
514 4171 801 4254 impedimentum,
813 4190 874 4236 seu
889 4171 1093 4236 inhabilitas.

203 4278 235 4341 2⁰
251 4277 297 4342 Ex
312 4279 537 4360 prohibitione
551 4278 640 4343 iacta
656 4279 692 4343 in
708 4279 894 4344 Pontitioali
908 4281 1073 4354 Romano,
1088 4280 1267 4344 incurrunt
1281 4299 1339 4344 ex-

163 4386 518 4459 communicationem,
529 4390 563 4450 et
577 4386 618 4449 de
633 4388 855 4476 consequenti
870 4387 1131 4470 suspensionem
1146 4388 1337 4453 611666666-

163 4495 255 4559 tione
283 4494 410 4558 ordinis
439 4493 673 4578 61666666611,
702 4495 772 4560 imo
799 4501 834 4559 et
856 4501 1059 4560 caeterorum
1086 4494 1335 4560 ordinum-rite

163 4607 420 4683 susceptorum:
433 4605 566 4667 6666161
576 4601 725 4666 exdiotis
736 4603 772 4666 in
783 4602 880 4667 titulo
892 4601 1005 4666 llllvll
1016 4606 1103 4666 etex
1114 4601 1192 4666 dicti
1202 4621 1333 4687 ssupra,

162 4709 355 4776 Notandum
375 4709 467 4794 quod
489 4710 561 4774 hec
584 4710 762 4792 suspensio
779 4729 850 4776 non
870 4716 922 4775 est
946 4709 1175 4791 irregularitas
1198 4707 1332 4796 propria

165 4818 262 4896 dieta,
279 4818 339 4886 sed
353 4821 487 4888 tantum
500 4816 692 4887 inhabilitas
708 4817 864 4910 quaedam
878 4819 921 4886 ad
940 4817 1138 4891 exercitium
1153 4818 1290 4892 ordinis.
