3342 6278
862 450 913 502 iiis
933 453 1114 504 canonicam.

777 775 1050 876 *arianus
1093 800 1206 875 xm.

820 981 859 1026 bn
873 981 999 1028 mantis
1012 983 1093 1028 tuate
1112 977 1158 1035 (i).

909 1129 1073 1149 m

446 1261 479 1341 a)
492 1259 628 1328 Natura
642 1267 675 1323 et
686 1259 834 1322 varietas
848 1260 1055 1342 repuleram.
1069 1262 1100 1324 l·
1111 1259 1242 1342 Regula
1255 1278 1276 1325 a
1288 1258 1434 1344 rependo
1444 1255 1548 1326 dicitur,

406 1365 485 1449 quia
498 1365 710 1430 rectitudinis
725 1383 882 1430 normam
903 1367 1042 1448 praebet.
1062 1365 1229 1430 Definitur
1243 1366 1278 1430 in
1294 1369 1373 1449 jure
1388 1365 1480 1430 Rom.
1495 1361 1521 1443 tl.
1533 1357 1550 1436 l,

406 1475 488 1537 nn.
502 1473 550 1554 t).
564 1471 722 1554 «Regula
736 1477 798 1548 est,
816 1490 891 1556 quae
906 1491 981 1536 rem
998 1492 1073 1556 quae
1089 1479 1152 1548 est,
1169 1473 1317 1537 breviter
1331 1475 1473 1546 enarrat,
1484 1493 1497 1526 o
1507 1485 1551 1531 seu

406 1600 482 1664 qua
494 1583 551 1664 jus
565 1581 788 1666 praeexistens
801 1580 986 1644 summarie
1001 1580 1115 1644 refert.
1131 1581 1188 1644 Est
1210 1599 1293 1662 ergo
1307 1567 1552 1662 sententiaque

406 1689 485 1754 dam
499 1689 669 1771 generalis
687 1687 836 1772 plurium
855 1688 972 1770 legum
991 1693 1027 1754 et
1045 1707 1216 1754 canonum
1236 1688 1392 1754 eamdem
1412 1687 1553 1754 rationem

404 1797 614 1872 habentium,
626 1813 798 1860 summam
808 1797 926 1878 paucis
936 1796 1166 1880 complectens
1177 1817 1184 1872 ;
1196 1805 1231 1860 et
1241 1796 1318 1862 ideo
1327 1814 1396 1861 non
1408 1814 1451 1862 ex
1461 1790 1554 1875 regila

405 1905 443 1967 dt
454 1906 523 1987 jus,
540 1902 600 1968 sed
614 1921 658 1968 ex
668 1905 747 1986 jure
759 1903 998 1985 praeexistente
1014 1903 1102 1968 iacta
1116 1909 1168 1968 est
1182 1904 1310 1985 regula

445 2011 624 2093 2⁰Regutae
633 2012 764 2076 ratione
775 2012 985 2076 auctoritatis
995 2017 1029 2076 et
1040 2011 1431 2094 originisdividunturin
1441 2008 1555 2075 authen

393 2121 491 2184 ticos
506 2125 541 2183 et
560 2119 762 2184 doctrinales
778 2137 839 2183 seu
854 2119 1074 2184 drodmdt'cas.
1093 2119 1160 2184 lllae
1177 2126 1256 2184 sunt
1275 2119 1555 2200 collocatamque

405 2227 605 2292 auctoritate
619 2225 823 2308 legislatoris
839 2227 1004 2304 nituntur,
1022 2245 1145 2312 nempe
1157 2229 1258 2311 jussu
1267 2228 1397 2292 Summi
1410 2222 1556 2292 Pontisscis

276 2329 284 2346 '
405 2332 461 2398 vel
475 2334 688 2417 imperatoris
702 2335 839 2398 insertae
854 2335 1010 2418 suntjuri
1024 2337 1198 2413 canonico,
1220 2355 1281 2400 seu
1301 2336 1421 2420 quinto
1436 2337 1556 2401 etsexta

406 2440 642 2520 Decretalium,
663 2442 719 2507 vet
734 2445 812 2526 jure
832 2444 921 2508 civili
942 2463 1002 2508 seu
1020 2443 1302 2511 Pandectis.1stae
1319 2441 1557 2528 regulaejusia-

406 2551 500 2616 ciunt
528 2557 561 2615 et
589 2551 735 2616 fundant
757 2550 984 2618 intentionem
1010 2552 1201 2635 allegantis,
1230 2555 1338 2619 donec
1364 2549 1557 2619 adversanti

406 2677 524 2724 casum
547 2677 568 2724 a
591 2658 711 2742 regula
736 2665 916 2743 exceptum
939 2661 1113 2755 ostendam
1141 2681 1222 2728 nam
1246 2661 1339 2728 nulia
1364 2661 1484 2744 regula
1503 2655 1558 2722 sine

407 2770 617 2851 exceptione.
630 2769 838 2835 Doclrtiaales
854 2777 944 2847 sunt,
958 2791 1034 2856 qua
1048 2790 1069 2837 a
1081 2772 1334 2856 jurisconsultis
1347 2771 1403 2836 vel
1418 2771 1489 2837 aliis
1502 2766 1560 2830 dot·

407 2878 537 2942 toribus
558 2879 699 2961 privatis
717 2879 826 2945 instar
849 2883 1059 2948 axiomatum
1079 2884 1228 2948 inventae
1248 2889 1282 2948 et
1301 2888 1473 2967 usurpata
1488 2883 1559 2944 sunt.

407 2985 660 3070 Depromuntur
687 3006 729 3050 ex
755 2990 858 3053 variis
874 2991 962 3073 juria
988 2992 1137 3056 textibus
1163 3011 1201 3058 ac
1220 2991 1507 3074 dispositionibus,
1520 2983 1561 3050 ml

408 3094 510 3158 etiam
521 3091 802 3179 pbilosophorum
815 3097 923 3176 dictis,
938 3118 1062 3183 nempe
1078 3119 1121 3165 ex
1128 3103 1206 3184 jure
1216 3101 1363 3184 positivo
1377 3105 1414 3165 et
1424 3093 1560 3165 naturali·

407 3199 479 3265 Ista
494 3201 620 3283 regulae
633 3204 690 3285 jus
704 3222 774 3268 non
784 3205 922 3283 faciunt,
932 3209 1333 3290 necjmisauctoritatem
1342 3202 1562 3284 habent,unde

407 3309 1561 3400 nontundantintentionemallegantis,sedutiliterallegaripossunt.

408 3420 442 3480 et
456 3417 588 3481 admitti
604 3415 727 3496 solent,
738 3421 875 3503 quando
891 3421 1084 3487 scholarum
1101 3428 1135 3488 et
1149 3423 1319 3488 curiarum
1335 3423 1448 3488 stabili
1464 3429 1497 3488 et
1509 3415 1565 3483 uni·

407 3521 507 3586 iormi
523 3543 587 3588 usu
603 3531 746 3610 receptae
769 3532 804 3591 et
820 3529 1014 3611 approbatae
1035 3536 1124 3594 sunt.
1143 3523 1310 3595 Vocantur
1329 3531 1434 3595 etiam
1454 3531 1565 3594 bocar-

408 3627 500 3706 dicae,
520 3633 635 3696 forsan
654 3651 674 3698 a
694 3633 898 3712 Burcbardo‚
921 3637 1078 3721 episcopo
1095 3635 1346 3716 Wormatiensi,
1367 3639 1426 3723 qui
1448 3641 1567 3703 senten·

408 3737 471 3802 tias
483 3739 646 3822 juridicus
662 3742 813 3819 tradidit;
827 3749 862 3807 at
878 3745 967 3810 circa
987 3746 1153 3826 originem
1168 3747 1261 3811 vocis
1278 3765 1349 3812 non
1363 3742 1566 3812 consentiunt

408 3846 542 3911 cruditi.
566 3847 770 3914 dividuntur
786 3852 900 3928 etiam,
917 3831 1049 3918 ratione
1065 3855 1285 3932 extensionis,
1305 3853 1529 3936 ingeneratae
1543 3852 1568 3911 et

407 3954 638 4036 particulares.
664 3957 845 4022 Generoles
865 3965 955 4037 sunt,
978 3978 1052 4044 quae
1075 3961 1168 4026 nullo
1191 3967 1282 4026 certo
1304 3960 1379 4027 loco
1402 3967 1463 4026 aut
1485 3973 1569 4038 argu·

408 4066 526 4127 mento
544 4063 811 4146 comprehensae,
832 4085 894 4149 per
912 4069 1112 4132 universum
1127 4071 1186 4152 jus
1201 4069 1458 4146 diffunduntur3
1475 4063 1569 4154 parti-

409 4169 538 4240 culares
552 4189 645 4246 xero,
663 4191 737 4256 quae
752 4178 845 4238 certo
857 4172 932 4239 loco
947 4172 1003 4238 vel
1018 4176 1169 4240 materiae
1184 4175 1398 4260 adaptantur.

447 4277 479 4339 3·
494 4277 632 4360 Regula
639 4279 842 4345 authenticae
852 4281 887 4344 in
898 4281 1122 4348 decretalibus
1133 4283 1302 4368 duplicem
1311 4284 1427 4351 locum
1436 4285 1569 4352 babenb

409 4386 568 4452 undecim
576 4393 753 4472 ponuntur
761 4390 804 4454 ad
819 4391 924 4456 ssnem
937 4386 1013 4456 libri
1027 4392 1253 4458 Decretalium
1267 4392 1386 4476 quinti,
1399 4399 1433 4460 et
1445 4394 1521 4458 ideo
1532 4387 1571 4454 di·

441 4586 476 4648 (t)
491 4585 556 4640 Vide
570 4586 706 4650 Pendeat,
722 4589 760 4640 tit.
773 4589 822 4640 ult.
