3514 5564
359 483 401 549 tto
821 495 874 552 tas
895 495 1075 552 canomautt.

362 616 473 682 reddit
485 615 634 684 invalida
650 619 718 684 :ita
732 637 775 684 err
788 620 937 704 antiquis
950 620 1138 686 canonibus
1151 615 1357 701 generaliter
1371 615 1537 682 deciditur

363 727 402 808 (c.
419 726 439 790 4
454 731 489 790 et
501 727 521 791 6
533 725 568 789 h.
585 727 640 808 t.);
658 745 739 790 nam
759 732 910 810 spectato
927 730 1004 810 jure
1029 725 1185 804 naturali,
1212 745 1268 800 res
1291 725 1350 790 uni
1369 724 1538 810 promissa

364 833 483 916 nequit
504 834 614 898 valide
640 833 736 900 alteri
757 836 935 918 promitti:
961 835 1020 900 sed
1041 853 1171 900 vovens
1195 853 1258 918 per
1279 838 1399 897 votum
1429 831 1536 896 conti-

271 959 272 962 *
364 940 488 1005 ncutiae
515 941 684 1024 promittit
711 941 780 1007 Deo
802 961 925 1026 corpus
953 945 996 1006 ab
1019 942 1112 1007 omni
1140 947 1216 1006 actu
1239 943 1406 1018 venereo,
1436 941 1539 1004 etiam

363 1047 466 1124 licito,
482 1048 759 1126 custodiendum3
780 1068 861 1132 ergo
883 1065 1013 1116 vovens
1029 1051 1148 1134 nequit
1167 1047 1278 1116 valide
1298 1049 1396 1116 alteri
1415 1066 1538 1132 corpus

363 1157 561 1239 promittere
575 1175 637 1240 per
654 1157 826 1241 sponsalia
846 1160 1050 1242 praesertim,
1071 1177 1150 1224 cum
1166 1159 1242 1224 talis
1262 1158 1443 1245 promissio
1462 1162 1536 1221 ten·
1562 1185 1563 1196 ¹

364 1263 459 1330 deret
486 1263 529 1330 ad
556 1265 657 1328 usum
683 1265 900 1348 conjugalem
927 1271 1008 1332 voto
1034 1266 1253 1331 contrarium.
1276 1265 1371 1330 Unde
1384 1281 1538 1350 sequens

362 1372 543 1455 promissio
563 1372 762 1456 sponsalitia
781 1377 834 1437 est
851 1373 1009 1451 invalida,
1033 1373 1094 1439 etsi
1120 1372 1234 1458 puella
1249 1373 1321 1438 voti
1343 1372 1464 1454 ignara
1482 1370 1540 1435 de-

363 1478 482 1545 ssorata
508 1481 570 1558 sit,
593 1481 715 1564 cuique
743 1480 919 1546 immincat
945 1479 1109 1546 damnum
1133 1480 1231 1546 aliter
1253 1499 1324 1546 uon
1352 1477 1539 1564 reparabile

363 1607 466 1672 quam
488 1608 550 1673 per
577 1571 848 1668 matrimonium,
877 1597 916 1655 ut
932 1595 1051 1657 tenent
1071 1591 1203 1676 Laym,
1229 1591 1382 1655 Schmier
1402 1593 1437 1653 et
1464 1587 1537 1662 alii;

364 1697 516 1780 quiaper
530 1697 632 1762 istam
645 1697 903 1765 deflorationem
920 1716 990 1764 non
1005 1703 1120 1782 potest
1139 1697 1211 1764 tolli
1233 1699 1303 1762 lieo
1319 1700 1377 1780 jus
1398 1715 1440 1761 ex
1458 1699 1538 1760 voto

364 1807 546 1887 quaesitum
566 1824 573 1866 ε
595 1823 707 1888 nequa
726 1805 796 1871 ullo
815 1809 893 1889 jure
915 1812 976 1871 aut
995 1806 1103 1873 solida
1121 1807 1252 1872 ratione
1277 1810 1425 1882 constat,
1451 1804 1540 1868 banc

364 1913 434 1976 vim
454 1930 515 1976 seu
531 1912 749 1996 privilegium
769 1913 924 1980 solvendi
949 1913 1193 1996 obligationem
1210 1915 1281 1979 voti
1300 1931 1376 1979 esse
1398 1911 1540 1978 attribu-

365 2027 438 2084 tum
452 2018 675 2086 deflorationi.
693 2021 787 2087 Unde
803 2023 837 2085 in
853 2020 913 2087 tali
930 2040 1023 2100 casu,
1040 2040 1107 2106 quo
1127 2022 1299 2087 defloratae
1320 2021 1391 2086 voti
1410 2021 1556 2101 ignarae.

364 2128 522 2192 imminet
536 2128 702 2194 damnum
718 2129 817 2194 aliter
826 2149 896 2194 non
908 2130 1096 2214 reparabile
1119 2147 1221 2214 quam
1239 2149 1300 2215 per
1321 2128 1470 2212 nuptias,
1499 2126 1539 2190 de

364 2234 430 2300 alio
441 2236 594 2301 remedio
607 2236 829 2320 cogitandum
843 2243 904 2316 est,
922 2237 1050 2304 scilicet
1063 2243 1102 2303 ut
1115 2243 1251 2321 petatur
1261 2235 1480 2320 dispensatio,
1498 2235 1540 2300 ad

365 2362 468 2427 quam
482 2345 666 2428 petendam
682 2345 821 2410 dolosus
837 2346 1019 2412 dessorator
1033 2346 1213 2429 obligatur.

400 2537 565 2597 Diecscam
575 2539 695 2610 Sancb,
707 2539 850 2599 Schmatz.
862 2542 970 2600 etaliis
986 2561 993 2599 ε
1012 2545 1154 2602 t⁰votum
1171 2555 1231 2600 non
1247 2541 1370 2614 obligat,
1386 2538 1477 2598 rebus
1491 2553 1542 2596 no

365 2625 494 2686 labiliter
507 2628 642 2700 mutatiS,
655 2635 688 2686 ut
697 2629 728 2686 iu
743 2629 800 2688 boc
817 2646 900 2690 casu.
924 2637 954 2689 2⁰
971 2631 1078 2702 Filius,
1099 2631 1267 2704 postposito
1284 2636 1352 2711 voto
1373 2625 1541 2702 religiouiS,

365 2720 484 2774 tenetur
497 2731 617 2776 manere
631 2707 663 2775 iu¹
677 2717 787 2777 saeculo
803 2720 839 2778 ad
856 2721 1095 2780 succurrendum
1111 2721 1204 2794 patri,
1219 2723 1248 2778 et
1265 2719 1381 2778 debitor
1400 2719 1438 2776 ad
1453 2717 1541 2776 satis·

366 2804 535 2864 iaciendum
551 2807 766 2879 creditoribus3
783 2823 855 2884 crgo
869 2817 898 2868 et
912 2809 1071 2870 defloratur
1085 2815 1203 2870 tcuetm
1217 2811 1249 2868 iu
1268 2809 1324 2867 boc
1345 2823 1418 2867 casu
1434 2809 1542 2868 ducere

365 2892 553 2965 defloratam,
569 2910 630 2954 non
645 2897 783 2956 obstante
797 2903 881 2971 vot0;
897 2899 969 2973 quia
980 2900 1123 2974 obligatio
1142 2899 1267 2974 justitiae
1284 2905 1331 2958 est
1349 2897 1454 2956 tortior
1467 2895 1542 2954 obii·

366 2981 485 3056 gatione
499 2983 667 3059 religionis.
681 2989 770 3060 Hesp.
787 2988 823 3046 ad
841 2993 866 3046 t.
882 2989 958 3048 bist.
975 2995 1054 3062 aut:
1069 2989 1095 3049 si
1111 2989 1235 3048 mutatio
1248 2988 1363 3046 accidat
1377 2986 1415 3045 ab
1430 2985 1541 3045 extrin-

365 3087 450 3146 seco,
465 3071 512 3132 val
526 3075 668 3133 moralem
683 3076 890 3150 impotentiam
900 3078 1023 3138 inducet
1036 3079 1219 3152 exsequendi
1236 3083 1349 3148 votum,
1364 3093 1450 3137 conc.
1466 3083 1540 3152 ειμι,

365 3161 391 3220 si
406 3163 565 3222 accidatex
579 3179 669 3238 prava
679 3165 833 3224 voluntate
847 3167 995 3238 voventis,
1011 3183 1079 3242 neg.
1093 3173 1174 3238 'aut.;
1190 3167 1265 3226 alias
1280 3165 1410 3240 quisque
1425 3177 1478 3238 per
1491 3163 1540 3221 de-

366 3251 470 3310 lictum
485 3254 573 3313 vellet
587 3268 621 3313 se
635 3271 653 3314 a
666 3261 735 3314 voto
755 3256 893 3315 liberare.
910 3259 951 3316 Ad
967 3263 993 3316 2.
1009 3261 1081 3332 Ncg.
1099 3272 1195 3327 cons,
1217 3257 1288 3329 qnia
1306 3271 1361 3314 nec
1379 3255 1472 3325 filim,
1486 3265 1542 3310 uec

247 3411 248 3414 Ἴ
366 3341 482 3400 debitor
496 3344 527 3401 in
542 3343 591 3402 bis
608 3344 731 3403 casibus
746 3347 875 3404 assumit
889 3346 1191 3405 statumcontrarium
1205 3352 1283 3416 voto,
1294 3344 1541 3417 sedbujusexsc·

350 3433 447 3509 ‘cutio
463 3437 583 3490 vtantum
598 3432 734 3492 differtur
752 3434 790 3493 ob
814 3437 1038 3510 necessitatem
1057 3442 1086 3494 at
1105 3435 1263 3494 defloratur
1286 3425 1453 3493 assumeret
1479 3447 1540 3489 ma-

367 3521 542 3580 trimonium
563 3528 631 3579 voto
652 3523 849 3596 contrarium,
866 3525 947 3598 quod
971 3525 1002 3583 in
1025 3525 1231 3598 prejudicium
1249 3525 1326 3598 juris
1341 3526 1401 3582 Deo
1421 3521 1540 3598 quaesiti

367 3611 410 3669 itti
426 3625 486 3668 uon
501 3611 580 3670 licet.
596 3616 654 3670 Nea
669 3613 721 3671 tati
735 3629 806 3673 casu
819 3619 866 3672 cst
877 3613 1020 3688 obligatio
1028 3614 1154 3687 justitia
1168 3614 1206 3673 ad
1218 3614 1454 3678 matrimonium,
1471 3611 1543 3685 quia

312 3751 314 3757 .
355 3701 523 3772 'sponsalia
536 3707 609 3760 suut
623 3702 769 3773 invalida,
784 3703 854 3761 licet
867 3703 1010 3762 damnum
1029 3703 1143 3761 illatum
1162 3703 1220 3761 alio
1240 3703 1327 3760 rnodo
1343 3700 1542 3774 reparandum

369 3791 426 3861 sit,
442 3797 514 3864 puta
528 3805 581 3864 per
594 3792 831 3864 procurationem
852 3791 1099 3866 disponsationis.
1120 3795 1151 3850 ln
1168 3791 1404 3866 obligationibus
1423 3790 1542 3864 religio-

368 3881 418 3938 nis
433 3887 462 3938 et
473 3881 607 3954 justitiae,
624 3888 834 3958 serraturrog.
850 3883 908 3954 Qui
918 3883 1005 3957 prior
1019 3889 1159 3956 tempore,
1172 3884 1203 3940 in
1216 3888 1255 3941 6⁰.
1272 3883 1320 3941 Sic
1330 3881 1409 3940 enirn
1427 3881 1479 3954 qui
1492 3895 1544 3954 per
1662 3880 1667 3887 '

369 3975 472 4030 votum
487 3971 602 4029 vineam
619 3972 759 4044 promisit
772 3973 923 4044 Ecclesia,
939 3973 1018 4031 licite
1034 3987 1098 4031 eam
1115 3985 1175 4030 non
1190 3971 1291 4030 vendit
1305 3975 1335 4030 et
1347 3970 1447 4028 tradit.

411 4181 510 4265 Resp.
526 4181 556 4246 i.
574 4181 698 4247 Votum
713 4181 858 4267 simplex
880 4183 1109 4260 continentia,
1131 4199 1345 4266 consequens
1361 4177 1542 4265 sponsalia,

370 4290 460 4373 parit
471 4290 755 4373 impedimentum
763 4290 954 4374 impediens
963 4291 1181 4368 matrimonii,
1197 4296 1375 4374 etconseq.
1390 4287 1545 4354 dissolvit

370 4398 484 4481 priora
498 4398 670 4482 sponsalia
684 4418 726 4464 ex
741 4405 884 4483 utraque
902 4406 997 4483 parte
1012 4421 1019 4463 :
1035 4400 1083 4464 ita
1097 4399 1129 4463 S.
1150 4399 1187 4462 D.
1205 4400 1252 4482 (in
1274 4401 1305 4477 4,
1330 4398 1361 4462 d.
1382 4397 1433 4473 38,
1455 4417 1487 4480 q.
1512 4398 1541 4473 t,

372 4511 434 4570 art.
461 4506 496 4580 3,
523 4526 555 4589 q.·
579 4507 626 4589 i),
656 4506 778 4590 dajot,
803 4508 938 4584 Auara,
964 4509 1077 4584 Azan,
1104 4506 1265 4573 Salmaut.
1292 4513 1326 4571 et
1349 4505 1404 4572 alii
1426 4510 1545 4571 contra

373 4613 508 4690 sarab,
518 4613 644 4697 Laym,
663 4613 757 4692 Zoes,
772 4619 848 4692 etc,
864 4612 943 4680 licet
957 4614 1076 4682 Saucb.
1092 4615 1160 4698 (lib.
1171 4614 1195 4691 l,
1208 4615 1374 4690 demta,
1388 4613 1472 4698 disp.
1490 4613 1541 4689 46,
