3418 5566
366 553 425 617 310
823 570 875 616 Jus
894 569 1073 616 canonicus.

406 689 502 772 (θῦε
512 689 623 772 poents
638 687 716 750 latis
730 694 846 750 contra
861 693 1068 771 apostatare
1082 686 1160 768 fide.
1172 683 1349 767 l⁰lnteger
1360 664 1552 768 poenarum'

236 865 237 872 ,
366 801 546 880 apparatus
561 797 684 878 quibus
703 795 853 860 haeretiei
875 798 1149 878 compescuntur,
1172 793 1216 858 ad
1240 797 1412 877 apostatas
1434 791 1540 857 eilde

366 904 586 970 extenditur:
611 903 702 968 unde
726 903 1079 977 excommunicantur,
1103 900 1351 983 irregularitate
1375 900 1541 966 innodan-

367 1017 432 1088 tur,
452 1017 514 1078 etc.
537 1011 681 1077 Easdem
699 1029 818 1093 poenas
834 1011 1013 1076 incurrunt
1031 1029 1151 1076 eorum
1168 1012 1331 1088 lautores,
1347 1015 1541 1093 receptores

367 1128 401 1188 et
412 1123 620 1188 defensores.
1271 1179 1275 1186 .

405 1235 438 1298 2⁰
452 1233 542 1298 Alias
553 1237 668 1298 tamen
683 1234 832 1316 majores
848 1237 883 1296 et
893 1233 1067 1314 graviores
1083 1233 1260 1298 incurrunt
1278 1250 1382 1317 quarn
1396 1231 1461 1315 ipsi
1472 1231 1541 1295 har·

366 1343 472 1418 retici,
491 1359 570 1406 cum
589 1345 750 1424 apostatae
773 1359 908 1424 semper
930 1341 1093 1424 quamdiu
1115 1343 1232 1406 vivant
1252 1343 1378 1423 etpost
1393 1343 1541 1404 mortem

246 1499 248 1507 .
367 1470 475 1534 nsque
490 1450 533 1514 ad
548 1450 821 1533 quinquennium
842 1451 1002 1528 accusari,
1020 1451 1107 1514 etin
1126 1451 1196 1514 suis
1215 1449 1327 1534 puniri
1339 1448 1473 1532 possint
1486 1447 1542 1528 (ex

363 1562 441 1642 jure
451 1559 571 1640 Rom).
587 1557 653 1622 Nec
664 1558 870 1639 suffragatur
883 1559 931 1623 eis
943 1559 1155 1642 poenitentia,
1170 1557 1290 1624 saltem
1300 1557 1412 1643 quoad
1421 1573 1540 1640 poenas

367 1665 571 1750 temporales
585 1665 672 1730 latas
687 1685 707 1730 a
718 1667 795 1748 jure
809 1665 920 1742 Rom,
933 1666 982 1730 uti
997 1667 1205 1749 suffragatur
1218 1665 1397 1730 haereticis.

407 1775 432 1856 e)
448 1771 570 1837 Modus
583 1773 862 1838 reconciliationis
875 1781 1120 1858 apostatarum.
1146 1775 1177 1837 κ’
1196 1775 1358 1857 apostata
1369 1774 1540 1857 poenitens

364 1884 401 1945 in
415 1881 556 1945 articulo
576 1881 695 1945 mortis
715 1882 918 1946 constitutus
942 1886 976 1946 et
997 1883 1031 1946 in
1053 1883 1152 1946 terris
1171 1881 1361 1947 infidelium
1376 1881 1537 1952 existens,

366 1993 476 2068 debet,
493 1997 678 2075 antequam
692 1991 888 2055 absolvatur
902 1993 1151 2070 aconiessario,
1166 1993 1323 2075 abjurare
1333 1991 1539 2075 priusverbo

366 2102 581 2185 apostasiam,
606 2105 641 2164 et
659 2101 687 2163 si
707 2118 768 2183 per
788 2099 925 2183 aliquod
948 2101 1110 2184 temporis
1134 2102 1282 2184 spatium
1302 2099 1537 2184 supervixerit,

365 2208 534 2292 abjurabit
548 2226 663 2274 coram
676 2206 845 2271 fidelibus.

404 2319 436 2382 2⁰
451 2317 485 2380 Si
500 2334 572 2381 non
584 2320 698 2398 potest
709 2315 773 2380 hoc
787 2316 890 2380 modo
904 2317 1073 2399 abjurare,
1089 2315 1259 2401 relinquat
1276 2315 1540 2399 chirographum

365 2444 435 2490 suae
450 2424 684 2507 abjurationis,
702 2423 823 2488 saltem
838 2423 936 2505 signo
951 2425 1059 2490 crucis
1076 2425 1316 2507 conscriptum.
1516 2489 1520 2498 ,

405 2535 436 2597 3⁰
452 2533 550 2609 Quod
567 2533 594 2596 si
614 2551 725 2616 neque
741 2533 805 2599 hoc
817 2534 936 2617 possit,
953 2533 1144 2598 committat
1156 2533 1365 2598 confessario
1390 2537 1428 2596 nt
1442 2549 1539 2597 suam

365 2642 614 2726 abjurationem
627 2640 784 2706 fidelibus
798 2642 1003 2707 manifestet.

404 2751 436 2814 1ο
464 2751 537 2816 Non
566 2756 702 2815 tenetur
727 2751 898 2834 poenitens
923 2752 969 2816 sic
990 2752 1027 2815 in
1048 2751 1199 2835 periculo
1222 2751 1301 2816 vitae
1322 2751 1538 2826 constitutus,

366 2859 469 2924 etiam
483 2859 704 2923 suadentibus
717 2857 911 2922 infidelibus
925 2858 981 2923 vel
1001 2859 1264 2934 mahumetanis,
1285 2858 1389 2922 tidem
1403 2856 1541 2922 catholi-

364 2987 451 3045 cam,
479 2985 581 3051 quam
609 2968 723 3043 modo,
754 2968 910 3050 abjurata
931 2966 1141 3042 infidelitate,
1165 2967 1344 3050 amplexus
1369 2971 1432 3044 est,
1461 2983 1540 3032 cum

338 3087 341 3095 “
364 3076 514 3160 periculo
536 3077 615 3140 vita.
641 3076 806 3151 confiteri,
833 3075 892 3138 sed
916 3093 1036 3139 eornm
1055 3076 1233 3139 suasiones
1256 3073 1393 3140 eludere
1414 3079 1538 3159 potest,

363 3185 420 3251 vel
431 3204 501 3250 noa
512 3184 762 3268 respondendo,
775 3184 831 3250 vel
844 3185 1027 3269 aequivocis
1035 3186 1148 3250 verbis
1161 3185 1288 3249 utendo
1300 3206 1307 3247 :
1325 3185 1358 3248 S.
1371 3185 1537 3266 Congreg.

364 3294 396 3358 S.
414 3294 498 3378 lnq.,
516 3295 554 3358 18
565 3292 628 3376 Jnl.
644 3293 722 3357 1630
734 3293 842 3376 (Apud
857 3294 998 3372 Ferret,
1014 3313 1047 3357 v.
1063 3292 1267 3378 Apostasz'c).

403 3403 498 3467 Nom.
519 3401 629 3484 Aliqui
648 3401 751 3464 etiam
771 3400 986 3482 distinguunt
1006 3402 1214 3483 apostasiam
1233 3401 1275 3465 ab
1294 3401 1534 3468 inobedientia.

362 3509 439 3574 Haec
461 3507 692 3573 inobedientia
714 3507 781 3572 late
798 3513 934 3591 sumpta
953 3512 1005 3572 est
1020 3509 1131 3572 omnis
1143 3508 1296 3574 mortalis
1312 3509 1435 3574 divinae
1451 3509 1537 3592 legis

364 3616 599 3698 transgressio.
609 3614 727 3678 stricte
737 3618 771 3678 et
782 3616 918 3698 proprie
933 3615 1117 3700 loquendo,
1129 3617 1277 3681 sumitur
1287 3635 1348 3700 pro
1363 3637 1501 3683 recessu
1519 3636 1539 3682 a

232 3793 233 3798 ,
362 3724 531 3789 mandatis
545 3722 711 3800 Ecclesiae,
728 3740 807 3786 cnm
818 3724 904 3807 quis,
921 3725 1131 3807 exsuperbia
1142 3724 1195 3788 vel
1209 3729 1419 3809 contemptu,
1434 3727 1538 3790 schis-

362 3833 484 3898 matice
500 3833 627 3896 resistit
640 3830 795 3896 Ecclesiae
817 3830 968 3912 legitime
991 3831 1212 3914 praecipienti,
1234 3832 1290 3897 vel
1310 3835 1380 3898 suis
1402 3835 1538 3899 canoni·

362 3941 437 4017 bus,
459 3940 602 4006 decretis
624 3944 658 4004 et
676 3939 780 4022 justis
802 3938 937 4019 legibus
960 3941 1196 4022 obtemperare
1220 3928 1467 4006 contumaciter
1487 3959 1538 4006 re-

362 4054 468 4113 cusat.
479 4048 555 4113 Haec
570 4066 652 4129 ergo
664 4047 895 4113 inobedientia
904 4067 940 4113 se
949 4048 1053 4112 habet
1062 4049 1105 4114 ad
1113 4047 1260 4113 schisma
1268 4051 1356 4114 sicut
1367 4051 1538 4134 apostasia

362 4175 382 4221 a
401 4157 480 4233 ilde,
494 4157 537 4221 ad
551 4157 721 4221 haeresim.

743 4341 774 4395 11.
790 4341 829 4395 De
841 4337 982 4408 apostasia
997 4337 1033 4395 ab
1047 4337 1156 4396 ordine.

402 4490 433 4554 1ο
445 4490 522 4555 llaec
536 4489 707 4572 apostasia
721 4495 774 4554 est
788 4491 968 4555 temeraria
983 4490 1127 4556 deiectio
1141 4509 1202 4556 seu
1217 4491 1376 4554 transitus
1405 4511 1423 4556 e
1446 4495 1537 4557 statu

360 4592 504 4664 clericali
520 4598 563 4663 ad
577 4599 873 4664 conversationem
886 4597 1050 4663 laicalem.
1067 4596 1174 4680 Igitur
1188 4603 1351 4682 apostata
1362 4600 1405 4663 ab
1417 4599 1536 4664 ordine

362 4705 640 4772 dicunturclerici
654 4705 841 4790 majoribus
852 4707 1028 4773 ordinibus
1038 4707 1160 4773 initiati
1172 4708 1239 4792 qui,
1255 4707 1395 4774 dimisso
1405 4707 1534 4784 habitu,
