<?xml version="1.0" encoding="UTF-8"?>
<!DOCTYPE html PUBLIC "-//W3C//DTD XHTML 1.0 Transitional//EN"
    "http://www.w3.org/TR/xhtml1/DTD/xhtml1-transitional.dtd">
<html xmlns="http://www.w3.org/1999/xhtml" xml:lang="en" lang="en">
 <head>
  <title>
</title>
<meta http-equiv="Content-Type" content="text/html;charset=utf-8" />
  <meta name='ocr-system' content='tesseract 3.04.00' />
  <meta name='ocr-capabilities' content='ocr_page ocr_carea ocr_par ocr_line ocrx_word'/>
</head>
<body>
  <div class='ocr_page' id='page_1' title='image "./juscanonicumjux01grangoog/juscanonicumjux01grangoog_0509.png"; bbox 0 0 3500 5552; ppageno 0'>
   <div class='ocr_carea' id='block_1_1' title="bbox 534 530 1367 600">
    <p class='ocr_par' dir='ltr' id='par_1_1' title="bbox 534 530 1367 600">
     <span class='ocr_line' id='line_1_1' title="bbox 534 530 1367 600; baseline 0.006 -10"><span class='ocrx_word' id='word_1_1' title='bbox 534 544 621 592; x_wconf 77' lang='lat' dir='ltr'>cisun</span> <span class='ocrx_word' id='word_1_2' title='bbox 642 546 770 600; x_wconf 84' lang='lat' dir='ltr'>cururus</span> <span class='ocrx_word' id='word_1_3' title='bbox 791 545 1013 592; x_wconf 78' lang='lat' dir='ltr'>nsunrrruruu.</span> <span class='ocrx_word' id='word_1_4' title='bbox 1228 557 1236 572; x_wconf 84' lang='lat'><strong>·</strong></span> <span class='ocrx_word' id='word_1_5' title='bbox 1308 530 1367 596; x_wconf 86' lang='grc'>499</span> 
     </span>
    </p>
   </div>
   <div class='ocr_carea' id='block_1_2' title="bbox 194 661 1369 858">
    <p class='ocr_par' dir='ltr' id='par_1_2' title="bbox 194 661 1369 858">
     <span class='ocr_line' id='line_1_2' title="bbox 194 661 1369 754; baseline 0.005 -29"><span class='ocrx_word' id='word_1_6' title='bbox 194 661 294 726; x_wconf 93' lang='lat' dir='ltr'>tionis</span> <span class='ocrx_word' id='word_1_7' title='bbox 310 663 487 746; x_wconf 74' lang='lat' dir='ltr'>integritas</span> <span class='ocrx_word' id='word_1_8' title='bbox 502 663 685 730; x_wconf 89' lang='lat' dir='ltr'>christiano</span> <span class='ocrx_word' id='word_1_9' title='bbox 697 663 824 748; x_wconf 93' lang='lat' dir='ltr'>populo</span> <span class='ocrx_word' id='word_1_10' title='bbox 840 669 892 729; x_wconf 89' lang='lat' dir='ltr'>est</span> <span class='ocrx_word' id='word_1_11' title='bbox 905 663 1004 730; x_wconf 81' lang='lat' dir='ltr'>valde</span> <span class='ocrx_word' id='word_1_12' title='bbox 1020 665 1222 754; x_wconf 84' lang='lat' dir='ltr'>necessaria,</span> <span class='ocrx_word' id='word_1_13' title='bbox 1237 670 1275 730; x_wconf 92' lang='lat' dir='ltr'>ut</span> <span class='ocrx_word' id='word_1_14' title='bbox 1288 673 1369 731; x_wconf 91' lang='lat' dir='ltr'>sunt</span> 
     </span>
     <span class='ocr_line' id='line_1_3' title="bbox 194 770 1367 858; baseline 0.006 -25"><span class='ocrx_word' id='word_1_15' title='bbox 194 770 353 858; x_wconf 81' lang='lat' dir='ltr'>episcopi,</span> <span class='ocrx_word' id='word_1_16' title='bbox 379 770 435 836; x_wconf 91' lang='lat' dir='ltr'>alii</span> <span class='ocrx_word' id='word_1_17' title='bbox 460 772 600 856; x_wconf 78' lang='lat' dir='ltr'>praelati,</span> <span class='ocrx_word' id='word_1_18' title='bbox 629 777 664 836; x_wconf 90' lang='lat' dir='ltr'>et</span> <span class='ocrx_word' id='word_1_19' title='bbox 690 773 881 854; x_wconf 79' lang='lat' dir='ltr'>generatim</span> <span class='ocrx_word' id='word_1_20' title='bbox 909 771 1101 838; x_wconf 86' lang='lat' dir='ltr'>sacerdotes</span> <span class='ocrx_word' id='word_1_21' title='bbox 1130 777 1189 838; x_wconf 89' lang='lat' dir='ltr'>aut</span> <span class='ocrx_word' id='word_1_22' title='bbox 1212 792 1367 856; x_wconf 79' lang='lat' dir='ltr'>personae</span> 
     </span>
    </p>
   </div>
   <div class='ocr_carea' id='block_1_3' title="bbox 193 875 1366 974">
    <p class='ocr_par' dir='ltr' id='par_1_3' title="bbox 193 875 1366 974">
     <span class='ocr_line' id='line_1_4' title="bbox 193 875 1366 974; baseline 0.004 -25"><span class='ocrx_word' id='word_1_23' title='bbox 193 886 441 965; x_wconf 75' lang='lat' dir='ltr'>ecclesiastica,</span> <span class='ocrx_word' id='word_1_24' title='bbox 452 888 522 954; x_wconf 92' lang='lat' dir='ltr'>imo</span> <span class='ocrx_word' id='word_1_25' title='bbox 534 893 569 952; x_wconf 91' lang='lat' dir='ltr'>et</span> <span class='ocrx_word' id='word_1_26' title='bbox 582 907 702 954; x_wconf 91' lang='lat' dir='ltr'>omnes</span> <span class='ocrx_word' id='word_1_27' title='bbox 717 890 781 959; x_wconf 84' lang='lat' dir='ltr'>viri</span> <span class='ocrx_word' id='word_1_28' title='bbox 792 890 928 955; x_wconf 88' lang='lat' dir='ltr'>honesti</span> <span class='ocrx_word' id='word_1_29' title='bbox 938 907 976 954; x_wconf 94' lang='lat' dir='ltr'>ac</span> <span class='ocrx_word' id='word_1_30' title='bbox 990 889 1056 954; x_wconf 85' lang='lat' dir='ltr'>tide</span> <span class='ocrx_word' id='word_1_31' title='bbox 1066 875 1221 972; x_wconf 69' lang='lat' dir='ltr'>⁸digni(e.</span> <span class='ocrx_word' id='word_1_32' title='bbox 1238 892 1300 955; x_wconf 86' lang='lat' dir='ltr'>th.</span> <span class='ocrx_word' id='word_1_33' title='bbox 1318 892 1366 974; x_wconf 88' lang='grc'><strong>4.).</strong></span> 
     </span>
    </p>
   </div>
   <div class='ocr_carea' id='block_1_4' title="bbox 192 995 1497 1081">
    <p class='ocr_par' dir='ltr' id='par_1_4' title="bbox 192 995 1497 1081">
     <span class='ocr_line' id='line_1_5' title="bbox 192 995 1497 1081; baseline 0.005 -21"><span class='ocrx_word' id='word_1_34' title='bbox 192 995 235 1060; x_wconf 78' lang='lat' dir='ltr'>Ar</span> <span class='ocrx_word' id='word_1_35' title='bbox 247 995 407 1060; x_wconf 80' lang='lat' dir='ltr'>indicitur</span> <span class='ocrx_word' id='word_1_36' title='bbox 419 1014 498 1061; x_wconf 92' lang='lat' dir='ltr'>cum</span> <span class='ocrx_word' id='word_1_37' title='bbox 512 997 577 1061; x_wconf 88' lang='lat' dir='ltr'>boc</span> <span class='ocrx_word' id='word_1_38' title='bbox 592 997 796 1076; x_wconf 82' lang='lat' dir='ltr'>discrimine,</span> <span class='ocrx_word' id='word_1_39' title='bbox 809 998 899 1080; x_wconf 87' lang='lat' dir='ltr'>quod</span> <span class='ocrx_word' id='word_1_40' title='bbox 914 997 1106 1081; x_wconf 88' lang='lat' dir='ltr'>requiratur</span> <span class='ocrx_word' id='word_1_41' title='bbox 1119 999 1256 1079; x_wconf 87' lang='lat' dir='ltr'>gravior</span> <span class='ocrx_word' id='word_1_42' title='bbox 1266 1018 1369 1065; x_wconf 87' lang='lat' dir='ltr'>causa</span> <span class='ocrx_word' id='word_1_43' title='bbox 1495 1029 1497 1034; x_wconf 96' lang='lat'>·</span> 
     </span>
    </p>
   </div>
   <div class='ocr_carea' id='block_1_5' title="bbox 108 1087 1396 4534">
    <p class='ocr_par' dir='ltr' id='par_1_5' title="bbox 127 1087 1368 2487">
     <span class='ocr_line' id='line_1_6' title="bbox 192 1087 1368 1188; baseline 0.004 -21"><span class='ocrx_word' id='word_1_44' title='bbox 192 1087 254 1184; x_wconf 87' lang='lat' dir='ltr'>pro</span> <span class='ocrx_word' id='word_1_45' title='bbox 267 1104 422 1186; x_wconf 89' lang='lat' dir='ltr'>personis</span> <span class='ocrx_word' id='word_1_46' title='bbox 437 1104 689 1170; x_wconf 89' lang='lat' dir='ltr'>illustrioribus.</span> <span class='ocrx_word' id='word_1_47' title='bbox 706 1105 740 1168; x_wconf 88' lang='lat' dir='ltr'>Si</span> <span class='ocrx_word' id='word_1_48' title='bbox 758 1123 905 1188; x_wconf 89' lang='lat' dir='ltr'>persona</span> <span class='ocrx_word' id='word_1_49' title='bbox 917 1105 1092 1172; x_wconf 85' lang='lat' dir='ltr'>diffamata</span> <span class='ocrx_word' id='word_1_50' title='bbox 1107 1106 1368 1173; x_wconf 84' lang='lat' dir='ltr'>essettideindi-</span> 
     </span>
     <span class='ocr_line' id='line_1_7' title="bbox 192 1211 1368 1296; baseline 0.004 -21"><span class='ocrx_word' id='word_1_51' title='bbox 192 1229 260 1291; x_wconf 88' lang='lat' dir='ltr'>gna</span> <span class='ocrx_word' id='word_1_52' title='bbox 274 1217 308 1275; x_wconf 90' lang='lat' dir='ltr'>ct</span> <span class='ocrx_word' id='word_1_53' title='bbox 318 1211 359 1276; x_wconf 92' lang='lat' dir='ltr'>de</span> <span class='ocrx_word' id='word_1_54' title='bbox 369 1213 520 1296; x_wconf 90' lang='lat' dir='ltr'>perjurio</span> <span class='ocrx_word' id='word_1_55' title='bbox 533 1212 778 1278; x_wconf 90' lang='lat' dir='ltr'>committendo</span> <span class='ocrx_word' id='word_1_56' title='bbox 789 1217 956 1296; x_wconf 86' lang='lat' dir='ltr'>suspecta,</span> <span class='ocrx_word' id='word_1_57' title='bbox 968 1231 1039 1278; x_wconf 91' lang='lat' dir='ltr'>non</span> <span class='ocrx_word' id='word_1_58' title='bbox 1048 1215 1178 1278; x_wconf 90' lang='lat' dir='ltr'>essetei</span> <span class='ocrx_word' id='word_1_59' title='bbox 1189 1213 1368 1280; x_wconf 88' lang='lat' dir='ltr'>indicenda</span> 
     </span>
     <span class='ocr_line' id='line_1_8' title="bbox 191 1320 1231 1406; baseline 0.006 -24"><span class='ocrx_word' id='word_1_60' title='bbox 191 1320 359 1402; x_wconf 81' lang='lat' dir='ltr'>purgatio,</span> <span class='ocrx_word' id='word_1_61' title='bbox 378 1340 453 1404; x_wconf 87' lang='lat' dir='ltr'>quae</span> <span class='ocrx_word' id='word_1_62' title='bbox 467 1321 664 1387; x_wconf 88' lang='lat' dir='ltr'>scandalum</span> <span class='ocrx_word' id='word_1_63' title='bbox 680 1320 798 1387; x_wconf 90' lang='lat' dir='ltr'>tollere</span> <span class='ocrx_word' id='word_1_64' title='bbox 814 1340 884 1387; x_wconf 91' lang='lat' dir='ltr'>non</span> <span class='ocrx_word' id='word_1_65' title='bbox 897 1322 1028 1388; x_wconf 88' lang='lat' dir='ltr'>valeret</span> <span class='ocrx_word' id='word_1_66' title='bbox 1041 1324 1079 1406; x_wconf 85' lang='lat' dir='ltr'>(c.</span> <span class='ocrx_word' id='word_1_67' title='bbox 1096 1325 1112 1387; x_wconf 89' lang='grc'>4</span> <span class='ocrx_word' id='word_1_68' title='bbox 1128 1323 1161 1387; x_wconf 93' lang='lat' dir='ltr'>b.</span> <span class='ocrx_word' id='word_1_69' title='bbox 1182 1326 1231 1406; x_wconf 89' lang='grc'><strong>4.).</strong></span> 
     </span>
     <span class='ocr_line' id='line_1_9' title="bbox 231 1428 1365 1516; baseline 0.009 -26"><span class='ocrx_word' id='word_1_70' title='bbox 231 1428 374 1494; x_wconf 76' lang='lat' dir='ltr'>l⁰Indici</span> <span class='ocrx_word' id='word_1_71' title='bbox 384 1435 497 1514; x_wconf 90' lang='lat' dir='ltr'>potest</span> <span class='ocrx_word' id='word_1_72' title='bbox 507 1449 610 1514; x_wconf 89' lang='lat' dir='ltr'>super</span> <span class='ocrx_word' id='word_1_73' title='bbox 620 1431 982 1515; x_wconf 88' lang='lat' dir='ltr'>quocumquecrimine</span> <span class='ocrx_word' id='word_1_74' title='bbox 993 1430 1049 1496; x_wconf 82' lang='lat' dir='ltr'>vel</span> <span class='ocrx_word' id='word_1_75' title='bbox 1061 1431 1365 1516; x_wconf 90' lang='lat' dir='ltr'>delictononplene</span> 
     </span>
     <span class='ocr_line' id='line_1_10' title="bbox 191 1537 1366 1627; baseline 0.004 -27"><span class='ocrx_word' id='word_1_76' title='bbox 191 1537 333 1627; x_wconf 87' lang='lat' dir='ltr'>probato</span> <span class='ocrx_word' id='word_1_77' title='bbox 343 1556 455 1621; x_wconf 90' lang='lat' dir='ltr'>neque</span> <span class='ocrx_word' id='word_1_78' title='bbox 465 1537 630 1620; x_wconf 82' lang='lat' dir='ltr'>probabili</span> <span class='ocrx_word' id='word_1_79' title='bbox 646 1557 707 1622; x_wconf 89' lang='lat' dir='ltr'>per</span> <span class='ocrx_word' id='word_1_80' title='bbox 720 1545 836 1616; x_wconf 87' lang='lat' dir='ltr'>testes,</span> <span class='ocrx_word' id='word_1_81' title='bbox 853 1540 924 1604; x_wconf 92' lang='lat' dir='ltr'>imo</span> <span class='ocrx_word' id='word_1_82' title='bbox 939 1539 1255 1624; x_wconf 88' lang='lat' dir='ltr'>quandoqueetiam</span> <span class='ocrx_word' id='word_1_83' title='bbox 1264 1559 1366 1625; x_wconf 91' lang='lat' dir='ltr'>super</span> 
     </span>
     <span class='ocr_line' id='line_1_11' title="bbox 191 1646 1366 1740; baseline 0.006 -33"><span class='ocrx_word' id='word_1_84' title='bbox 191 1646 335 1740; x_wconf 84' lang='lat' dir='ltr'>macula,</span> <span class='ocrx_word' id='word_1_85' title='bbox 352 1666 384 1711; x_wconf 82' lang='lat' dir='ltr'>r.</span> <span class='ocrx_word' id='word_1_86' title='bbox 404 1666 437 1729; x_wconf 88' lang='lat' dir='ltr'>g.</span> <span class='ocrx_word' id='word_1_87' title='bbox 460 1646 593 1713; x_wconf 86' lang='lat' dir='ltr'>deiectu</span> <span class='ocrx_word' id='word_1_88' title='bbox 615 1647 790 1714; x_wconf 84' lang='lat' dir='ltr'>natalium.</span> <span class='ocrx_word' id='word_1_89' title='bbox 813 1648 881 1713; x_wconf 85' lang='lat' dir='ltr'>Sed</span> <span class='ocrx_word' id='word_1_90' title='bbox 904 1653 1118 1724; x_wconf 83' lang='lat' dir='ltr'>necesseest</span> <span class='ocrx_word' id='word_1_91' title='bbox 1138 1655 1176 1714; x_wconf 92' lang='lat' dir='ltr'>ut</span> <span class='ocrx_word' id='word_1_92' title='bbox 1196 1650 1366 1732; x_wconf 79' lang='lat' dir='ltr'>pracedat</span> 
     </span>
     <span class='ocr_line' id='line_1_12' title="bbox 191 1749 1366 1840; baseline 0.008 -26"><span class='ocrx_word' id='word_1_93' title='bbox 191 1749 378 1819; x_wconf 81' lang='lat' dir='ltr'>diffamatio</span> <span class='ocrx_word' id='word_1_94' title='bbox 394 1754 484 1837; x_wconf 92' lang='lat' dir='ltr'>apud</span> <span class='ocrx_word' id='word_1_95' title='bbox 504 1756 612 1821; x_wconf 91' lang='lat' dir='ltr'>bonos</span> <span class='ocrx_word' id='word_1_96' title='bbox 628 1761 800 1838; x_wconf 85' lang='lat' dir='ltr'>etgraves</span> <span class='ocrx_word' id='word_1_97' title='bbox 818 1756 910 1821; x_wconf 86' lang='lat' dir='ltr'>viros</span> <span class='ocrx_word' id='word_1_98' title='bbox 921 1758 960 1838; x_wconf 92' lang='lat' dir='ltr'>(c.</span> <span class='ocrx_word' id='word_1_99' title='bbox 978 1756 1366 1840; x_wconf 80' lang='lat' dir='ltr'>15).Requirituretiam</span> 
     </span>
     <span class='ocr_line' id='line_1_13' title="bbox 191 1861 1366 1950; baseline 0.006 -27"><span class='ocrx_word' id='word_1_100' title='bbox 191 1865 229 1924; x_wconf 90' lang='lat' dir='ltr'>ut</span> <span class='ocrx_word' id='word_1_101' title='bbox 241 1861 364 1932; x_wconf 87' lang='lat' dir='ltr'>indicia</span> <span class='ocrx_word' id='word_1_102' title='bbox 378 1863 529 1928; x_wconf 89' lang='lat' dir='ltr'>criminis</span> <span class='ocrx_word' id='word_1_103' title='bbox 543 1865 611 1929; x_wconf 92' lang='lat' dir='ltr'>sint</span> <span class='ocrx_word' id='word_1_104' title='bbox 620 1865 778 1945; x_wconf 88' lang='lat' dir='ltr'>graviora</span> <span class='ocrx_word' id='word_1_105' title='bbox 792 1868 826 1928; x_wconf 91' lang='lat' dir='ltr'>et</span> <span class='ocrx_word' id='word_1_106' title='bbox 839 1864 1047 1940; x_wconf 83' lang='lat' dir='ltr'>verisimilia,</span> <span class='ocrx_word' id='word_1_107' title='bbox 1060 1883 1121 1929; x_wconf 90' lang='lat' dir='ltr'>seu</span> <span class='ocrx_word' id='word_1_108' title='bbox 1132 1870 1268 1931; x_wconf 86' lang='lat' dir='ltr'>exstent</span> <span class='ocrx_word' id='word_1_109' title='bbox 1281 1884 1366 1950; x_wconf 83' lang='lat' dir='ltr'>prae-</span> 
     </span>
     <span class='ocr_line' id='line_1_14' title="bbox 127 1969 1363 2055; baseline 0.006 -24"><span class='ocrx_word' id='word_1_110' title='bbox 127 1999 134 2012; x_wconf 92' lang='lat'><strong>·</strong></span> <span class='ocrx_word' id='word_1_111' title='bbox 191 1969 404 2054; x_wconf 88' lang='lat' dir='ltr'>sumptiones</span> <span class='ocrx_word' id='word_1_112' title='bbox 421 1971 460 2052; x_wconf 87' lang='lat' dir='ltr'>(c.</span> <span class='ocrx_word' id='word_1_113' title='bbox 477 1971 507 2049; x_wconf 90' lang='grc'>4,</span> <span class='ocrx_word' id='word_1_114' title='bbox 520 1973 559 2036; x_wconf 92' lang='grc'>40</span> <span class='ocrx_word' id='word_1_115' title='bbox 574 1972 607 2035; x_wconf 94' lang='lat' dir='ltr'>b.</span> <span class='ocrx_word' id='word_1_116' title='bbox 626 1973 675 2054; x_wconf 93' lang='grc'><strong>4.),</strong></span> <span class='ocrx_word' id='word_1_117' title='bbox 690 1977 725 2036; x_wconf 88' lang='grc'>04</span> <span class='ocrx_word' id='word_1_118' title='bbox 744 1976 922 2055; x_wconf 89' lang='lat' dir='ltr'>suspectus</span> <span class='ocrx_word' id='word_1_119' title='bbox 939 1989 1009 2037; x_wconf 89' lang='lat' dir='ltr'>non</span> <span class='ocrx_word' id='word_1_120' title='bbox 1027 1973 1135 2055; x_wconf 91' lang='lat' dir='ltr'>possit</span> <span class='ocrx_word' id='word_1_121' title='bbox 1151 1973 1307 2039; x_wconf 88' lang='lat' dir='ltr'>convinci</span> <span class='ocrx_word' id='word_1_122' title='bbox 1321 1973 1363 2039; x_wconf 89' lang='lat' dir='ltr'>de</span> 
     </span>
     <span class='ocr_line' id='line_1_15' title="bbox 188 2076 1363 2162; baseline 0.004 -22"><span class='ocrx_word' id='word_1_123' title='bbox 188 2076 329 2141; x_wconf 88' lang='lat' dir='ltr'>crimine</span> <span class='ocrx_word' id='word_1_124' title='bbox 340 2077 774 2162; x_wconf 81' lang='lat' dir='ltr'>peridoneasprobationes</span> <span class='ocrx_word' id='word_1_125' title='bbox 789 2099 850 2144; x_wconf 86' lang='lat' dir='ltr'>seu</span> <span class='ocrx_word' id='word_1_126' title='bbox 864 2079 1129 2146; x_wconf 88' lang='lat' dir='ltr'>testesidoneos.</span> <span class='ocrx_word' id='word_1_127' title='bbox 1141 2081 1183 2145; x_wconf 83' lang='lat' dir='ltr'>At</span> <span class='ocrx_word' id='word_1_128' title='bbox 1192 2082 1221 2144; x_wconf 88' lang='lat' dir='ltr'>si</span> <span class='ocrx_word' id='word_1_129' title='bbox 1234 2081 1363 2146; x_wconf 73' lang='lat' dir='ltr'>odmen</span> 
     </span>
     <span class='ocr_line' id='line_1_16' title="bbox 189 2186 1363 2273; baseline 0.003 -24"><span class='ocrx_word' id='word_1_130' title='bbox 189 2191 241 2249; x_wconf 92' lang='lat' dir='ltr'>est</span> <span class='ocrx_word' id='word_1_131' title='bbox 254 2186 437 2263; x_wconf 90' lang='lat' dir='ltr'>notorium,</span> <span class='ocrx_word' id='word_1_132' title='bbox 453 2194 589 2253; x_wconf 90' lang='lat' dir='ltr'>nonest</span> <span class='ocrx_word' id='word_1_133' title='bbox 607 2188 702 2254; x_wconf 90' lang='lat' dir='ltr'>locus</span> <span class='ocrx_word' id='word_1_134' title='bbox 717 2188 922 2272; x_wconf 90' lang='lat' dir='ltr'>purgationi,</span> <span class='ocrx_word' id='word_1_135' title='bbox 937 2189 1016 2273; x_wconf 91' lang='lat' dir='ltr'>quia</span> <span class='ocrx_word' id='word_1_136' title='bbox 1032 2189 1219 2255; x_wconf 88' lang='lat' dir='ltr'>notorictas</span> <span class='ocrx_word' id='word_1_137' title='bbox 1239 2190 1363 2255; x_wconf 83' lang='lat' dir='ltr'>sufficit</span> 
     </span>
     <span class='ocr_line' id='line_1_17' title="bbox 188 2294 1364 2380; baseline 0.005 -24"><span class='ocrx_word' id='word_1_138' title='bbox 188 2297 227 2356; x_wconf 90' lang='lat' dir='ltr'>ut</span> <span class='ocrx_word' id='word_1_139' title='bbox 240 2312 342 2376; x_wconf 87' lang='lat' dir='ltr'>poena</span> <span class='ocrx_word' id='word_1_140' title='bbox 363 2294 575 2377; x_wconf 84' lang='lat' dir='ltr'>imponatur3</span> <span class='ocrx_word' id='word_1_141' title='bbox 601 2297 661 2360; x_wconf 87' lang='lat' dir='ltr'>sed</span> <span class='ocrx_word' id='word_1_142' title='bbox 685 2301 765 2361; x_wconf 90' lang='lat' dir='ltr'>tunc</span> <span class='ocrx_word' id='word_1_143' title='bbox 778 2296 917 2380; x_wconf 84' lang='lat' dir='ltr'>procedi</span> <span class='ocrx_word' id='word_1_144' title='bbox 934 2295 1036 2361; x_wconf 89' lang='lat' dir='ltr'>debet</span> <span class='ocrx_word' id='word_1_145' title='bbox 1056 2297 1111 2362; x_wconf 91' lang='lat' dir='ltr'>via</span> <span class='ocrx_word' id='word_1_146' title='bbox 1131 2297 1301 2362; x_wconf 85' lang='lat' dir='ltr'>ordinaria</span> <span class='ocrx_word' id='word_1_147' title='bbox 1319 2296 1364 2362; x_wconf 89' lang='lat' dir='ltr'>ad</span> 
     </span>
     <span class='ocr_line' id='line_1_18' title="bbox 189 2401 1161 2487; baseline 0.005 -24"><span class='ocrx_word' id='word_1_148' title='bbox 189 2401 395 2466; x_wconf 90' lang='lat' dir='ltr'>sententiam</span> <span class='ocrx_word' id='word_1_149' title='bbox 408 2403 724 2468; x_wconf 84' lang='lat' dir='ltr'>condemnatoriam</span> <span class='ocrx_word' id='word_1_150' title='bbox 742 2404 783 2486; x_wconf 91' lang='lat' dir='ltr'>(c.</span> <span class='ocrx_word' id='word_1_151' title='bbox 800 2402 830 2481; x_wconf 89' lang='grc'>4,</span> <span class='ocrx_word' id='word_1_152' title='bbox 848 2404 879 2480; x_wconf 76' lang='lat'>5,</span> <span class='ocrx_word' id='word_1_153' title='bbox 895 2403 926 2479; x_wconf 89' lang='lat'>8,</span> <span class='ocrx_word' id='word_1_154' title='bbox 942 2405 991 2480; x_wconf 92' lang='grc'>40,</span> <span class='ocrx_word' id='word_1_155' title='bbox 1009 2405 1093 2468; x_wconf 74' lang='grc'><strong>4541.</strong></span> <span class='ocrx_word' id='word_1_156' title='bbox 1116 2405 1161 2487; x_wconf 95' lang='grc'><strong>4.).</strong></span> 
     </span>
    </p>

    <p class='ocr_par' dir='ltr' id='par_1_6' title="bbox 108 2497 1363 3345">
     <span class='ocr_line' id='line_1_19' title="bbox 227 2497 1363 2596; baseline 0.004 -24"><span class='ocrx_word' id='word_1_157' title='bbox 227 2509 253 2591; x_wconf 87' lang='lat' dir='ltr'>c)</span> <span class='ocrx_word' id='word_1_158' title='bbox 275 2508 424 2591; x_wconf 76' lang='lat' dir='ltr'>Effectus</span> <span class='ocrx_word' id='word_1_159' title='bbox 435 2512 649 2596; x_wconf 72' lang='lat' dir='ltr'>persequtionis</span> <span class='ocrx_word' id='word_1_160' title='bbox 664 2511 842 2575; x_wconf 79' lang='lat' dir='ltr'>canonicae.</span> <span class='ocrx_word' id='word_1_161' title='bbox 870 2512 901 2574; x_wconf 77' lang='lat'>1⁰</span> <span class='ocrx_word' id='word_1_162' title='bbox 918 2509 1067 2586; x_wconf 85' lang='lat' dir='ltr'>Effectus</span> <span class='ocrx_word' id='word_1_163' title='bbox 1085 2497 1307 2595; x_wconf 85' lang='lat' dir='ltr'>purgationis,</span> <span class='ocrx_word' id='word_1_164' title='bbox 1325 2515 1363 2577; x_wconf 93' lang='lat' dir='ltr'>ut</span> 
     </span>
     <span class='ocr_line' id='line_1_20' title="bbox 184 2614 1363 2701; baseline 0.004 -22"><span class='ocrx_word' id='word_1_165' title='bbox 184 2618 355 2701; x_wconf 69' lang='lat' dir='ltr'>prestita,</span> <span class='ocrx_word' id='word_1_166' title='bbox 378 2623 430 2682; x_wconf 87' lang='lat' dir='ltr'>est</span> <span class='ocrx_word' id='word_1_167' title='bbox 451 2614 618 2683; x_wconf 89' lang='lat' dir='ltr'>absolutio</span> <span class='ocrx_word' id='word_1_168' title='bbox 640 2619 689 2682; x_wconf 90' lang='lat' dir='ltr'>rei</span> <span class='ocrx_word' id='word_1_169' title='bbox 706 2623 821 2683; x_wconf 88' lang='lat' dir='ltr'>tuma</span> <span class='ocrx_word' id='word_1_170' title='bbox 844 2618 1078 2701; x_wconf 88' lang='lat' dir='ltr'>suspensione,</span> <span class='ocrx_word' id='word_1_171' title='bbox 1100 2621 1128 2684; x_wconf 90' lang='lat' dir='ltr'>si</span> <span class='ocrx_word' id='word_1_172' title='bbox 1147 2621 1219 2685; x_wconf 86' lang='lat' dir='ltr'>haec</span> <span class='ocrx_word' id='word_1_173' title='bbox 1237 2621 1363 2686; x_wconf 86' lang='lat' dir='ltr'>inflicta</span> 
     </span>
     <span class='ocr_line' id='line_1_21' title="bbox 186 2725 1362 2808; baseline 0.001 -18"><span class='ocrx_word' id='word_1_174' title='bbox 186 2725 307 2790; x_wconf 89' lang='lat' dir='ltr'>inisset</span> <span class='ocrx_word' id='word_1_175' title='bbox 317 2729 456 2808; x_wconf 88' lang='lat' dir='ltr'>propter</span> <span class='ocrx_word' id='word_1_176' title='bbox 466 2726 590 2808; x_wconf 89' lang='lat' dir='ltr'>objecti</span> <span class='ocrx_word' id='word_1_177' title='bbox 601 2725 752 2790; x_wconf 89' lang='lat' dir='ltr'>criminis</span> <span class='ocrx_word' id='word_1_178' title='bbox 763 2725 967 2806; x_wconf 86' lang='lat' dir='ltr'>gravitatem</span> <span class='ocrx_word' id='word_1_179' title='bbox 978 2727 1018 2808; x_wconf 90' lang='lat' dir='ltr'>(c.</span> <span class='ocrx_word' id='word_1_180' title='bbox 1032 2726 1063 2803; x_wconf 88' lang='lat'>8,</span> <span class='ocrx_word' id='word_1_181' title='bbox 1077 2727 1115 2791; x_wconf 95' lang='grc'>40</span> <span class='ocrx_word' id='word_1_182' title='bbox 1126 2726 1160 2792; x_wconf 90' lang='lat' dir='ltr'>h.</span> <span class='ocrx_word' id='word_1_183' title='bbox 1175 2731 1223 2808; x_wconf 83' lang='grc'><strong>4.),</strong></span> <span class='ocrx_word' id='word_1_184' title='bbox 1235 2731 1309 2791; x_wconf 89' lang='lat' dir='ltr'>tum</span> <span class='ocrx_word' id='word_1_185' title='bbox 1320 2729 1362 2792; x_wconf 92' lang='lat' dir='ltr'>ab</span> 
     </span>
     <span class='ocr_line' id='line_1_22' title="bbox 185 2831 1362 2916; baseline 0 -18"><span class='ocrx_word' id='word_1_186' title='bbox 185 2833 319 2916; x_wconf 89' lang='lat' dir='ltr'>objecto</span> <span class='ocrx_word' id='word_1_187' title='bbox 348 2831 500 2910; x_wconf 89' lang='lat' dir='ltr'>crimina,</span> <span class='ocrx_word' id='word_1_188' title='bbox 523 2833 572 2896; x_wconf 90' lang='lat' dir='ltr'>ita</span> <span class='ocrx_word' id='word_1_189' title='bbox 596 2837 634 2895; x_wconf 90' lang='lat' dir='ltr'>ut</span> <span class='ocrx_word' id='word_1_190' title='bbox 654 2851 733 2897; x_wconf 88' lang='lat' dir='ltr'>reus</span> <span class='ocrx_word' id='word_1_191' title='bbox 765 2832 986 2897; x_wconf 87' lang='lat' dir='ltr'>declarandus</span> <span class='ocrx_word' id='word_1_192' title='bbox 1009 2833 1053 2896; x_wconf 88' lang='lat' dir='ltr'>sit</span> <span class='ocrx_word' id='word_1_193' title='bbox 1078 2833 1243 2899; x_wconf 90' lang='lat' dir='ltr'>innocens</span> <span class='ocrx_word' id='word_1_194' title='bbox 1270 2835 1362 2898; x_wconf 89' lang='lat' dir='ltr'>etin</span> 
     </span>
     <span class='ocr_line' id='line_1_23' title="bbox 184 2939 1362 3024; baseline 0 -20"><span class='ocrx_word' id='word_1_195' title='bbox 184 2942 365 3023; x_wconf 89' lang='lat' dir='ltr'>pristinum</span> <span class='ocrx_word' id='word_1_196' title='bbox 376 2945 503 3006; x_wconf 87' lang='lat' dir='ltr'>statum</span> <span class='ocrx_word' id='word_1_197' title='bbox 512 2939 746 3005; x_wconf 88' lang='lat' dir='ltr'>restituendus</span> <span class='ocrx_word' id='word_1_198' title='bbox 755 2940 840 3021; x_wconf 88' lang='lat' dir='ltr'>(cau.</span> <span class='ocrx_word' id='word_1_199' title='bbox 855 2939 884 3017; x_wconf 90' lang='grc'>6,</span> <span class='ocrx_word' id='word_1_200' title='bbox 898 2942 928 3016; x_wconf 80' lang='lat' dir='ltr'>i,</span> <span class='ocrx_word' id='word_1_201' title='bbox 940 2941 989 3016; x_wconf 90' lang='grc'><strong>49,</strong></span> <span class='ocrx_word' id='word_1_202' title='bbox 1001 2959 1075 3004; x_wconf 91' lang='lat' dir='ltr'>can.</span> <span class='ocrx_word' id='word_1_203' title='bbox 1090 2941 1120 3018; x_wconf 76' lang='grc'>4,</span> <span class='ocrx_word' id='word_1_204' title='bbox 1132 2941 1163 3018; x_wconf 91' lang='grc'><strong>0,</strong></span> <span class='ocrx_word' id='word_1_205' title='bbox 1179 2942 1222 3024; x_wconf 79' lang='grc'><strong>5).</strong></span> <span class='ocrx_word' id='word_1_206' title='bbox 1233 2939 1362 3006; x_wconf 88' lang='lat' dir='ltr'>Deinde</span> 
     </span>
     <span class='ocr_line' id='line_1_24' title="bbox 108 3048 1363 3125; baseline 0.002 -12"><span class='ocrx_word' id='word_1_207' title='bbox 108 3052 110 3058; x_wconf 88' lang='lat'>&#39;</span> <span class='ocrx_word' id='word_1_208' title='bbox 185 3049 374 3115; x_wconf 87' lang='lat' dir='ltr'>declaratur</span> <span class='ocrx_word' id='word_1_209' title='bbox 394 3050 447 3113; x_wconf 89' lang='lat' dir='ltr'>vir</span> <span class='ocrx_word' id='word_1_210' title='bbox 460 3049 541 3115; x_wconf 92' lang='lat' dir='ltr'>boni</span> <span class='ocrx_word' id='word_1_211' title='bbox 560 3048 756 3124; x_wconf 88' lang='lat' dir='ltr'>testimonii,</span> <span class='ocrx_word' id='word_1_212' title='bbox 777 3065 821 3112; x_wconf 82' lang='lat' dir='ltr'>ex</span> <span class='ocrx_word' id='word_1_213' title='bbox 838 3066 866 3114; x_wconf 91' lang='lat' dir='ltr'>c.</span> <span class='ocrx_word' id='word_1_214' title='bbox 883 3049 949 3113; x_wconf 81' lang='lat' dir='ltr'>ah.</span> <span class='ocrx_word' id='word_1_215' title='bbox 971 3054 1007 3125; x_wconf 91' lang='lat' dir='ltr'>t.,</span> <span class='ocrx_word' id='word_1_216' title='bbox 1025 3054 1060 3114; x_wconf 91' lang='lat' dir='ltr'>et</span> <span class='ocrx_word' id='word_1_217' title='bbox 1074 3049 1122 3113; x_wconf 90' lang='lat' dir='ltr'>sic</span> <span class='ocrx_word' id='word_1_218' title='bbox 1139 3048 1266 3114; x_wconf 90' lang='lat' dir='ltr'>tollitur</span> <span class='ocrx_word' id='word_1_219' title='bbox 1280 3049 1363 3115; x_wconf 87' lang='lat' dir='ltr'>inia-</span> 
     </span>
     <span class='ocr_line' id='line_1_25' title="bbox 185 3155 1361 3238; baseline 0 -18"><span class='ocrx_word' id='word_1_220' title='bbox 185 3157 263 3234; x_wconf 91' lang='lat' dir='ltr'>mia,</span> <span class='ocrx_word' id='word_1_221' title='bbox 279 3161 313 3222; x_wconf 92' lang='lat' dir='ltr'>et</span> <span class='ocrx_word' id='word_1_222' title='bbox 326 3157 578 3238; x_wconf 89' lang='lat' dir='ltr'>redintegratur</span> <span class='ocrx_word' id='word_1_223' title='bbox 590 3157 710 3232; x_wconf 91' lang='lat' dir='ltr'>honor,</span> <span class='ocrx_word' id='word_1_224' title='bbox 721 3155 911 3238; x_wconf 80' lang='lat' dir='ltr'>praesertim</span> <span class='ocrx_word' id='word_1_225' title='bbox 927 3155 954 3219; x_wconf 90' lang='lat' dir='ltr'>si</span> <span class='ocrx_word' id='word_1_226' title='bbox 965 3160 1130 3238; x_wconf 90' lang='lat' dir='ltr'>purgatus</span> <span class='ocrx_word' id='word_1_227' title='bbox 1144 3155 1249 3222; x_wconf 88' lang='lat' dir='ltr'>vitum</span> <span class='ocrx_word' id='word_1_228' title='bbox 1263 3157 1361 3221; x_wconf 91' lang='lat' dir='ltr'>bonis</span> 
     </span>
     <span class='ocr_line' id='line_1_26' title="bbox 183 3264 744 3345; baseline -0.005 -14"><span class='ocrx_word' id='word_1_229' title='bbox 183 3267 335 3331; x_wconf 88' lang='lat' dir='ltr'>moribus</span> <span class='ocrx_word' id='word_1_230' title='bbox 349 3265 492 3331; x_wconf 90' lang='lat' dir='ltr'>adornet</span> <span class='ocrx_word' id='word_1_231' title='bbox 507 3265 546 3345; x_wconf 91' lang='lat' dir='ltr'>(e.</span> <span class='ocrx_word' id='word_1_232' title='bbox 564 3264 622 3326; x_wconf 88' lang='lat' dir='ltr'>iin.</span> <span class='ocrx_word' id='word_1_233' title='bbox 639 3264 673 3327; x_wconf 92' lang='lat' dir='ltr'>h.</span> <span class='ocrx_word' id='word_1_234' title='bbox 691 3265 744 3345; x_wconf 78' lang='grc'><strong>4.).,</strong></span> 
     </span>
    </p>

    <p class='ocr_par' dir='ltr' id='par_1_7' title="bbox 183 3355 1357 3669">
     <span class='ocr_line' id='line_1_27' title="bbox 224 3355 1357 3455; baseline 0 -19"><span class='ocrx_word' id='word_1_235' title='bbox 224 3373 428 3455; x_wconf 76' lang='lat' dir='ltr'>purgatione</span> <span class='ocrx_word' id='word_1_236' title='bbox 451 3371 627 3438; x_wconf 88' lang='lat' dir='ltr'>absolutus</span> <span class='ocrx_word' id='word_1_237' title='bbox 649 3389 751 3455; x_wconf 87' lang='lat' dir='ltr'>super</span> <span class='ocrx_word' id='word_1_238' title='bbox 771 3371 892 3437; x_wconf 90' lang='lat' dir='ltr'>eodem</span> <span class='ocrx_word' id='word_1_239' title='bbox 915 3355 1056 3436; x_wconf 81' lang='lat' dir='ltr'>crimina</span> <span class='ocrx_word' id='word_1_240' title='bbox 1075 3371 1265 3454; x_wconf 92' lang='lat' dir='ltr'>generatim</span> <span class='ocrx_word' id='word_1_241' title='bbox 1288 3388 1357 3436; x_wconf 90' lang='lat' dir='ltr'>non</span> 
     </span>
     <span class='ocr_line' id='line_1_28' title="bbox 183 3478 1357 3565; baseline -0.003 -20"><span class='ocrx_word' id='word_1_242' title='bbox 183 3486 297 3564; x_wconf 88' lang='lat' dir='ltr'>potest</span> <span class='ocrx_word' id='word_1_243' title='bbox 321 3482 481 3558; x_wconf 90' lang='lat' dir='ltr'>accusari,</span> <span class='ocrx_word' id='word_1_244' title='bbox 507 3480 573 3545; x_wconf 91' lang='lat' dir='ltr'>nisi</span> <span class='ocrx_word' id='word_1_245' title='bbox 588 3479 830 3565; x_wconf 85' lang='lat' dir='ltr'>superveniant</span> <span class='ocrx_word' id='word_1_246' title='bbox 850 3497 940 3544; x_wconf 90' lang='lat' dir='ltr'>nova</span> <span class='ocrx_word' id='word_1_247' title='bbox 964 3480 1114 3560; x_wconf 88' lang='lat' dir='ltr'>criminis</span> <span class='ocrx_word' id='word_1_248' title='bbox 1141 3480 1274 3556; x_wconf 90' lang='lat' dir='ltr'>indicia,</span> <span class='ocrx_word' id='word_1_249' title='bbox 1301 3478 1357 3544; x_wconf 88' lang='lat' dir='ltr'>vel</span> 
     </span>
     <span class='ocr_line' id='line_1_29' title="bbox 183 3587 782 3669; baseline -0.003 -19"><span class='ocrx_word' id='word_1_250' title='bbox 183 3605 274 3651; x_wconf 87' lang='lat' dir='ltr'>nova</span> <span class='ocrx_word' id='word_1_251' title='bbox 287 3588 425 3653; x_wconf 84' lang='lat' dir='ltr'>infamia</span> <span class='ocrx_word' id='word_1_252' title='bbox 439 3589 479 3669; x_wconf 91' lang='lat' dir='ltr'>(c.</span> <span class='ocrx_word' id='word_1_253' title='bbox 495 3587 526 3663; x_wconf 86' lang='lat'>8,</span> <span class='ocrx_word' id='word_1_254' title='bbox 540 3588 579 3652; x_wconf 88' lang='grc'><strong>40</strong></span> <span class='ocrx_word' id='word_1_255' title='bbox 592 3587 626 3651; x_wconf 91' lang='lat' dir='ltr'>h.</span> <span class='ocrx_word' id='word_1_256' title='bbox 645 3593 681 3665; x_wconf 91' lang='lat' dir='ltr'>t.,</span> <span class='ocrx_word' id='word_1_257' title='bbox 696 3587 782 3668; x_wconf 82' lang='grc'><strong>040.)</strong></span> 
     </span>
    </p>

    <p class='ocr_par' dir='ltr' id='par_1_8' title="bbox 183 3693 1396 4104">
     <span class='ocr_line' id='line_1_30' title="bbox 223 3693 1355 3779; baseline 0.004 -22"><span class='ocrx_word' id='word_1_258' title='bbox 223 3695 255 3757; x_wconf 58' lang='grc'>40</span> <span class='ocrx_word' id='word_1_259' title='bbox 275 3695 421 3760; x_wconf 82' lang='lat' dir='ltr'>Effectus</span> <span class='ocrx_word' id='word_1_260' title='bbox 443 3695 665 3778; x_wconf 89' lang='lat' dir='ltr'>purgationis,</span> <span class='ocrx_word' id='word_1_261' title='bbox 681 3699 726 3759; x_wconf 88' lang='lat' dir='ltr'>ut</span> <span class='ocrx_word' id='word_1_262' title='bbox 747 3695 892 3772; x_wconf 73' lang='lat' dir='ltr'>indicta,</span> <span class='ocrx_word' id='word_1_263' title='bbox 916 3699 969 3759; x_wconf 89' lang='lat' dir='ltr'>est</span> <span class='ocrx_word' id='word_1_264' title='bbox 991 3695 1151 3777; x_wconf 87' lang='lat' dir='ltr'>obligatio</span> <span class='ocrx_word' id='word_1_265' title='bbox 1174 3693 1249 3762; x_wconf 87' lang='lat' dir='ltr'>earn</span> <span class='ocrx_word' id='word_1_266' title='bbox 1269 3715 1355 3779; x_wconf 83' lang='lat' dir='ltr'>prae·</span> 
     </span>
     <span class='ocr_line' id='line_1_31' title="bbox 183 3802 1354 3888; baseline 0.003 -23"><span class='ocrx_word' id='word_1_267' title='bbox 183 3803 305 3880; x_wconf 87' lang='lat' dir='ltr'>standi,</span> <span class='ocrx_word' id='word_1_268' title='bbox 325 3803 391 3866; x_wconf 91' lang='lat' dir='ltr'>nisi</span> <span class='ocrx_word' id='word_1_269' title='bbox 404 3822 448 3867; x_wconf 85' lang='lat' dir='ltr'>ex</span> <span class='ocrx_word' id='word_1_270' title='bbox 459 3805 552 3886; x_wconf 87' lang='lat' dir='ltr'>justa</span> <span class='ocrx_word' id='word_1_271' title='bbox 565 3822 667 3869; x_wconf 90' lang='lat' dir='ltr'>causa</span> <span class='ocrx_word' id='word_1_272' title='bbox 681 3821 760 3868; x_wconf 89' lang='lat' dir='ltr'>reus</span> <span class='ocrx_word' id='word_1_273' title='bbox 775 3804 816 3867; x_wconf 88' lang='lat' dir='ltr'>ab</span> <span class='ocrx_word' id='word_1_274' title='bbox 832 3821 873 3867; x_wconf 88' lang='lat' dir='ltr'>ea</span> <span class='ocrx_word' id='word_1_275' title='bbox 889 3802 1036 3886; x_wconf 88' lang='lat' dir='ltr'>appellet</span> <span class='ocrx_word' id='word_1_276' title='bbox 1053 3823 1060 3866; x_wconf 91' lang='lat'>:</span> <span class='ocrx_word' id='word_1_277' title='bbox 1076 3823 1108 3870; x_wconf 91' lang='lat' dir='ltr'>v.</span> <span class='ocrx_word' id='word_1_278' title='bbox 1128 3823 1174 3886; x_wconf 79' lang='lat' dir='ltr'>g,</span> <span class='ocrx_word' id='word_1_279' title='bbox 1192 3805 1354 3888; x_wconf 89' lang='lat' dir='ltr'>quianon</span> 
     </span>
     <span class='ocr_line' id='line_1_32' title="bbox 184 3911 1396 3990; baseline 0.001 -15"><span class='ocrx_word' id='word_1_280' title='bbox 184 3917 235 3975; x_wconf 89' lang='lat' dir='ltr'>est</span> <span class='ocrx_word' id='word_1_281' title='bbox 258 3912 463 3988; x_wconf 82' lang='lat' dir='ltr'>diffamatus,</span> <span class='ocrx_word' id='word_1_282' title='bbox 480 3913 554 3976; x_wconf 87' lang='lat' dir='ltr'>vult</span> <span class='ocrx_word' id='word_1_283' title='bbox 572 3911 762 3977; x_wconf 89' lang='lat' dir='ltr'>ordinarius</span> <span class='ocrx_word' id='word_1_284' title='bbox 779 3929 850 3990; x_wconf 79' lang='lat' dir='ltr'>nou</span> <span class='ocrx_word' id='word_1_285' title='bbox 870 3911 945 3975; x_wconf 85' lang='lat' dir='ltr'>vult</span> <span class='ocrx_word' id='word_1_286' title='bbox 968 3911 1147 3976; x_wconf 87' lang='lat' dir='ltr'>admittere</span> <span class='ocrx_word' id='word_1_287' title='bbox 1169 3917 1273 3977; x_wconf 86' lang='lat' dir='ltr'>testes</span> <span class='ocrx_word' id='word_1_288' title='bbox 1290 3913 1354 3976; x_wconf 91' lang='lat' dir='ltr'>nisi</span> <span class='ocrx_word' id='word_1_289' title='bbox 1395 3937 1396 3940; x_wconf 41' lang='lat'>¹</span> 
     </span>
     <span class='ocr_line' id='line_1_33' title="bbox 183 4018 1193 4104; baseline 0 -22"><span class='ocrx_word' id='word_1_290' title='bbox 183 4023 374 4098; x_wconf 84' lang='lat' dir='ltr'>extraneos,</span> <span class='ocrx_word' id='word_1_291' title='bbox 389 4020 478 4085; x_wconf 91' lang='lat' dir='ltr'>inter</span> <span class='ocrx_word' id='word_1_292' title='bbox 494 4038 580 4104; x_wconf 89' lang='lat' dir='ltr'>quos</span> <span class='ocrx_word' id='word_1_293' title='bbox 595 4037 675 4084; x_wconf 87' lang='lat' dir='ltr'>reus</span> <span class='ocrx_word' id='word_1_294' title='bbox 688 4037 759 4084; x_wconf 91' lang='lat' dir='ltr'>non</span> <span class='ocrx_word' id='word_1_295' title='bbox 769 4019 864 4093; x_wconf 83' lang='lat' dir='ltr'>vixit,</span> <span class='ocrx_word' id='word_1_296' title='bbox 882 4023 945 4084; x_wconf 88' lang='lat' dir='ltr'>etc.</span> <span class='ocrx_word' id='word_1_297' title='bbox 957 4018 997 4101; x_wconf 92' lang='lat' dir='ltr'>(c.</span> <span class='ocrx_word' id='word_1_298' title='bbox 1015 4019 1073 4082; x_wconf 86' lang='lat' dir='ltr'>tin.</span> <span class='ocrx_word' id='word_1_299' title='bbox 1087 4020 1119 4083; x_wconf 90' lang='lat' dir='ltr'>h.</span> <span class='ocrx_word' id='word_1_300' title='bbox 1145 4021 1193 4102; x_wconf 91' lang='grc'><strong>4.).</strong></span> 
     </span>
    </p>

    <p class='ocr_par' dir='ltr' id='par_1_9' title="bbox 180 4127 1363 4534">
     <span class='ocr_line' id='line_1_34' title="bbox 221 4127 1354 4212; baseline 0.001 -21"><span class='ocrx_word' id='word_1_301' title='bbox 221 4129 254 4191; x_wconf 80' lang='lat'>3⁰</span> <span class='ocrx_word' id='word_1_302' title='bbox 273 4127 420 4192; x_wconf 82' lang='lat' dir='ltr'>Effectus</span> <span class='ocrx_word' id='word_1_303' title='bbox 441 4127 664 4212; x_wconf 87' lang='lat' dir='ltr'>purgationis,</span> <span class='ocrx_word' id='word_1_304' title='bbox 691 4132 730 4190; x_wconf 91' lang='lat' dir='ltr'>ut</span> <span class='ocrx_word' id='word_1_305' title='bbox 750 4135 912 4190; x_wconf 68' lang='lat' dir='ltr'>recusatio</span> <span class='ocrx_word' id='word_1_306' title='bbox 935 4131 995 4190; x_wconf 91' lang='lat' dir='ltr'>aut</span> <span class='ocrx_word' id='word_1_307' title='bbox 1016 4145 1085 4191; x_wconf 91' lang='lat' dir='ltr'>non</span> <span class='ocrx_word' id='word_1_308' title='bbox 1103 4129 1275 4210; x_wconf 66' lang='lat' dir='ltr'>praestitae,</span> <span class='ocrx_word' id='word_1_309' title='bbox 1302 4134 1354 4193; x_wconf 90' lang='lat' dir='ltr'>est</span> 
     </span>
     <span class='ocr_line' id='line_1_35' title="bbox 182 4233 1353 4318; baseline 0 -19"><span class='ocrx_word' id='word_1_310' title='bbox 182 4234 273 4318; x_wconf 87' lang='lat' dir='ltr'>quod</span> <span class='ocrx_word' id='word_1_311' title='bbox 286 4252 367 4298; x_wconf 87' lang='lat' dir='ltr'>reus</span> <span class='ocrx_word' id='word_1_312' title='bbox 382 4234 543 4300; x_wconf 84' lang='lat' dir='ltr'>deficiens</span> <span class='ocrx_word' id='word_1_313' title='bbox 562 4235 597 4298; x_wconf 90' lang='lat' dir='ltr'>in</span> <span class='ocrx_word' id='word_1_314' title='bbox 617 4233 832 4316; x_wconf 85' lang='lat' dir='ltr'>purgatione,</span> <span class='ocrx_word' id='word_1_315' title='bbox 854 4252 916 4298; x_wconf 87' lang='lat' dir='ltr'>seu</span> <span class='ocrx_word' id='word_1_316' title='bbox 937 4233 1057 4298; x_wconf 88' lang='lat' dir='ltr'>nolens</span> <span class='ocrx_word' id='word_1_317' title='bbox 1072 4237 1188 4317; x_wconf 91' lang='lat' dir='ltr'>jurare</span> <span class='ocrx_word' id='word_1_318' title='bbox 1207 4240 1353 4301; x_wconf 88' lang='lat' dir='ltr'>autnon</span> 
     </span>
     <span class='ocr_line' id='line_1_36' title="bbox 180 4329 1363 4434; baseline -0.001 -28"><span class='ocrx_word' id='word_1_319' title='bbox 180 4344 311 4408; x_wconf 89' lang='lat' dir='ltr'>babens</span> <span class='ocrx_word' id='word_1_320' title='bbox 327 4329 619 4424; x_wconf 85' lang='lat' dir='ltr'>compurgatores,</span> <span class='ocrx_word' id='word_1_321' title='bbox 635 4340 801 4406; x_wconf 86' lang='lat' dir='ltr'>habeatur</span> <span class='ocrx_word' id='word_1_322' title='bbox 822 4359 882 4423; x_wconf 90' lang='lat' dir='ltr'>pro</span> <span class='ocrx_word' id='word_1_323' title='bbox 904 4341 1071 4418; x_wconf 84' lang='lat' dir='ltr'>convicto,</span> <span class='ocrx_word' id='word_1_324' title='bbox 1096 4347 1130 4406; x_wconf 91' lang='lat' dir='ltr'>et</span> <span class='ocrx_word' id='word_1_325' title='bbox 1150 4359 1252 4424; x_wconf 75' lang='lat' dir='ltr'>poena</span> <span class='ocrx_word' id='word_1_326' title='bbox 1266 4341 1363 4434; x_wconf 82' lang='lat' dir='ltr'>ordi-¹</span> 
     </span>
     <span class='ocr_line' id='line_1_37' title="bbox 182 4449 1223 4534; baseline 0 -20"><span class='ocrx_word' id='word_1_327' title='bbox 182 4451 277 4516; x_wconf 88' lang='lat' dir='ltr'>naria</span> <span class='ocrx_word' id='word_1_328' title='bbox 290 4451 346 4516; x_wconf 91' lang='lat' dir='ltr'>vel</span> <span class='ocrx_word' id='word_1_329' title='bbox 359 4449 559 4534; x_wconf 88' lang='lat' dir='ltr'>plerumque</span> <span class='ocrx_word' id='word_1_330' title='bbox 574 4449 750 4516; x_wconf 87' lang='lat' dir='ltr'>arbitraria</span> <span class='ocrx_word' id='word_1_331' title='bbox 761 4450 874 4533; x_wconf 90' lang='lat' dir='ltr'>puniri</span> <span class='ocrx_word' id='word_1_332' title='bbox 888 4451 996 4534; x_wconf 88' lang='lat' dir='ltr'>possit</span> <span class='ocrx_word' id='word_1_333' title='bbox 1010 4451 1049 4532; x_wconf 89' lang='lat' dir='ltr'>(c.</span> <span class='ocrx_word' id='word_1_334' title='bbox 1065 4452 1084 4513; x_wconf 79' lang='lat' dir='ltr'>‘t</span> <span class='ocrx_word' id='word_1_335' title='bbox 1098 4449 1131 4514; x_wconf 90' lang='lat' dir='ltr'>b.</span> <span class='ocrx_word' id='word_1_336' title='bbox 1149 4449 1223 4534; x_wconf 85' lang='lat' dir='ltr'>tit).</span> 
     </span>
    </p>
   </div>
   <div class='ocr_carea' id='block_1_6' title="bbox 0 0 1754 5552">
    <p class='ocr_par' dir='ltr' id='par_1_10' title="bbox 0 0 1754 5552">
     <span class='ocr_line' id='line_1_38' title="bbox 0 0 1754 5552; baseline 0 2"><span class='ocrx_word' id='word_1_337' title='bbox 0 0 1754 5552; x_wconf 95' lang='lat' dir='ltr'> </span> 
     </span>
    </p>
   </div>
  </div>
 </body>
</html>
