3504 5548
562 555 647 602 urana
667 553 794 611 omarus
813 555 1032 602 nnanaranmr.
1323 537 1382 606 tat

214 669 310 754 gium
325 679 417 738 esset
434 674 601 757 injustum
620 680 679 740 aut
695 675 824 752 inutile,
841 675 946 740 verba
958 674 1119 740 translate
1134 675 1190 739 vel
1204 676 1307 740 etiam
1319 677 1382 739 im-

213 781 348 864 proprie
360 780 691 865 explicandaessent.
702 783 798 848 Ratio
807 783 1383 867 est,quiap1incepanaquitaliquid

212 887 379 969 injuctum
395 894 558 966 statuere;
580 889 672 976 atqui
687 908 758 955 non
772 890 870 956 decet
883 893 921 954 ut
934 888 1089 955 inutilem
1106 894 1141 954 et
1155 889 1382 956 imstraneam

212 996 381 1062 actionem
395 998 528 1063 elssoiat.
730 995 731 998 ’

251 1103 285 1166 1“
298 1102 515 1186 Privilegium
533 1106 580 1170 ita
599 1091 651 1170 est
669 1105 974 1189 interpretandum,
989 1110 1029 1171 ut
1047 1123 1117 1170 non
1136 1105 1180 1170 ait
1197 1122 1381 1172 onerosum
1405 1139 1408 1146 ·

212 1209 440 1292 privilegiato;
457 1231 555 1278 secus
567 1212 695 1297 aliquid
708 1232 777 1278 non
791 1213 1002 1288 concederet,
1020 1213 1078 1276 sed
1092 1213 1206 1296 potius
1221 1215 1378 1278 auferret.

252 1316 282 1394 d)
293 1317 430 1402 Repete
441 1319 664 1402 particulares
676 1319 964 1403 interpretationis
979 1319 1235 1402 privilegiorum
1252 1340 1260 1383 :
1354 1339 1357 1345 ·

253 1425 285 1486 1⁰
299 1425 416 1502 Quoad
427 1427 604 1509 privilegia
616 1427 834 1510 favorabilia,
850 1445 924 1512 quae
942 1427 1069 1493 scilicet
1082 1446 1217 1492 merum
1227 1428 1381 1494 favorem

212 1533 396 1610 continent,
414 1539 448 1599 at
458 1535 528 1617 juri
542 1535 715 1600 communi
726 1554 798 1600 ,non
813 1536 989 1616 derogant,
1011 1553 1075 1600 nec
1093 1535 1129 1598 in
1147 1535 1381 1618 prejudicium

211 1639 354 1724 alicujus
373 1642 460 1706 tertii
475 1632 610 1718 cedunt,
636 1648 716 1708 sunt
738 1643 806 1706 iate
827 1641 1091 1726 interpretanda.
1108 1643 1205 1708 Ratio
1218 1647 1281 1720 est,
1303 1645 1382 1727 quia

212 1753 292 1813 sunt
305 1768 411 1832 purus
426 1750 524 1815 lavor
535 1751 711 1834 principis3
727 1767 839 1835 porro,
859 1754 959 1833 juxta
972 1751 1126 1832 regulam
1137 1750 1225 1834 juris
1234 1769 1275 1814 xv
1287 1751 1323 1815 in
1333 1751 1378 1826 6⁰,

212 1881 228 1914 a
241 1857 323 1921 Odia
336 1857 495 1938 restringi
510 1862 545 1920 et
555 1857 691 1923 favores
704 1858 865 1924 convenit
878 1856 1048 1941 ampliari;
1061 1883 1077 1916 a
1089 1864 1124 1924 et
1137 1877 1181 1922 ex
1193 1875 1222 1922 c.
1238 1859 1279 1922 ii
1290 1859 1323 1922 h.
1340 1861 1379 1933 t.,

211 1965 414 2030 heneficium
429 1971 463 2032 et
479 1968 576 2032 lavor
590 1966 749 2050 principis
771 1965 886 2043 latam,
912 1967 982 2032 imo
998 1966 1199 2032 latissimam
1217 1966 1380 2050 interpre-

210 2070 500 2161 tationemhahet.
774 2135 777 2143 .

248 2179 280 2242 2⁰
295 2180 412 2256 Quoad
425 2180 604 2265 privilegia
617 2181 744 2262 odiosa,
760 2200 884 2266 nempe
896 2182 965 2265 juri
980 2182 1154 2247 communi
1168 2180 1223 2248 vel
1237 2198 1379 2247 consue·

209 2287 318 2353 tudini
342 2290 542 2372 derogantia
562 2295 623 2356 aut
644 2292 680 2354 in
703 2291 938 2374 praejudicium
956 2291 1056 2368 tertii,
1077 2291 1279 2374 regulariter
1300 2299 1380 2354 caat

208 2397 330 2462 stricta
352 2399 645 2483 interpretationis.
670 2399 808 2466 Constat
827 2419 870 2464 ex
894 2418 922 2465 c.
943 2401 961 2462 'l
986 2405 1021 2465 et
1040 2401 1060 2464 9
1083 2400 1117 2463 h.
1141 2405 1221 2464 tet
1236 2418 1280 2464 ex
1299 2418 1328 2465 o.
1343 2399 1374 2476 8,

209 2503 250 2567 de
261 2503 415 2568 Coaaaet.
430 2505 526 2571 Ratio
540 2511 602 2582 est,
619 2506 698 2589 quia
705 2509 994 2589 juscommunoet
1006 2506 1379 2572 consuetudoordinata

208 2612 344 2676 suntad
358 2613 681 2679 honumcommune
696 2619 731 2678 et
751 2612 932 2679 utilitatem
948 2614 1128 2698 publicam,
1146 2620 1180 2681 et
1192 2615 1268 2679 ideo
1284 2613 1378 2697 quid-

207 2719 287 2802 quid
298 2719 377 2784 huio
388 2721 459 2804 juri
471 2721 622 2802 derogat,
640 2721 813 2798 odiosum;
831 2740 912 2804 ergo
924 2722 1083 2804 restringi
1095 2723 1206 2798 debet,
1224 2727 1262 2786 ut
1275 2741 1378 2806 quam

205 2828 1374 2912 minimum«reoedatanormautilitatiapublica»:hincreg.xvin6⁰‚

206 2936 314 3001 «Odia
329 2940 409 3001 sunt
419 2936 666 3018 restringenda.
677 2963 692 2996 »
705 2937 832 3002 Tamen
842 2938 963 3002 dicitur
974 2937 1184 3020 regulariter,
1200 2938 1280 3020 qrria
1290 2938 1378 3001 exei-

203 3045 296 3125 pitur
308 3044 524 3127 privilegium
539 3063 740 3110 concessum
754 3046 790 3110 in
807 3047 961 3112 levorem
980 3044 1165 3127 religionis,
1189 3045 1377 3110 communi-

205 3154 294 3230 tatis,
310 3171 421 3219 causae
432 3156 507 3237 piae,
516 3152 572 3218 vel
583 3156 755 3222 iubenum
765 3173 947 3220 commune
960 3153 1163 3238 reipublice,
1174 3153 1287 3238 qualia
1297 3157 1377 3216 sunt

203 3280 236 3324 v.
253 3281 286 3344 g.
308 3261 485 3349 privilegia
497 3245 653 3328 militum.
670 3264 767 3328 Ratio
783 3267 844 3340 est,
862 3264 941 3348 quia
952 3263 1147 3347 praestantia
1162 3261 1286 3344 objecti
1300 3259 1376 3324 talis

203 3369 371 3452 privilegii
395 3372 577 3435 othonum
595 3371 685 3456 quod
708 3371 761 3436 his
776 3371 960 3455 privilegiis
981 3376 1191 3455 procuratur,
1216 3387 1376 3452 compen-

205 3482 282 3539 sant
304 3478 511 3544 sultloienter
533 3479 806 3546 vulnerationem
821 3479 909 3563 juris
937 3478 1128 3544 communis
1154 3494 1228 3561 quea
1254 3478 1293 3540 tlt
1314 3495 1376 3561 per

203 3582 370 3666 privilegii
388 3587 634 3652 extensionem.

245 3691 278 3756 Si
292 3692 390 3757 cedat
400 3693 435 3757 in
449 3695 683 3777 prejudicium
693 3695 793 3771 tertii,
809 3695 965 3761 eamdem
979 3696 1129 3759 strictam
1140 3693 1376 3777 patiturinter-

203 3800 440 3883 pretatiouem,
457 3807 496 3867 ut
508 3810 643 3869 constat
657 3823 700 3868 ex
714 3823 743 3869 c.
760 3805 808 3881 ta,
829 3805 871 3869 de
887 3803 950 3886 Off.
969 3805 1088 3886 dalea,
1100 3808 1136 3867 et
1153 3821 1196 3867 ex
1209 3819 1237 3866 o.
1255 3801 1305 3878 16,
1322 3802 1370 3878 19,

75 3893 78 3900 ’
202 3906 254 3984 31,
269 3908 310 3972 de
323 3908 481 3994 Prioiiep.
498 3910 594 3975 Ratio
610 3916 672 3986 est,
692 3913 770 3996 quia
781 3911 938 3997 princeps
959 3897 1028 3976 non
1042 3914 1201 3976 censetur
1214 3908 1302 3973 velle
1316 3908 1373 3972 ali·

203 4014 258 4078 oui
272 4033 458 4097 gravamen
471 4017 607 4093 inferre,
629 4019 695 4082 nisi
711 4019 752 4084 de
765 4019 824 4083 illa
836 4019 1012 4106 voluntate
1026 4022 1168 4083 constet.
1189 4016 1254 4080 DI).
1270 4015 1373 4079 etiam

203 4124 430 4188 communiter
450 4125 623 4208 excipiunt
643 4126 858 4210 privilegium
882 4132 977 4192 motu
1001 4127 1136 4210 proprio
1158 4130 1193 4190 et
1215 4141 1257 4188 ex
1280 4127 1372 4188 certa

204 4228 344 4295 scientia
367 4247 579 4308 conoessum,
604 4215 684 4318 (juia
701 4233 767 4298 hoo
781 4235 996 4318 privilegium
1015 4238 1067 4299 ost
1082 4231 1262 4314 singularis
1276 4231 1372 4294 lavor

204 4337 450 4402 otheneflcium
460 4339 629 4424 principis,
643 4341 832 4424 aoproinde
843 4343 887 4407 ad
897 4345 971 4425 ejus
978 4343 1145 4407 honorem
1153 4339 1258 4404 latam
1267 4339 1372 4402 inter-

203 4443 430 4526 pretationem
444 4445 573 4528 accipit.
