3418 5566
410 457 417 472 ’
540 492 627 542 usur
646 491 773 550 oumros
792 491 1013 542 occurremur.
1298 473 1360 538 353
1431 495 1436 513 ·

233 609 420 696 ditiasuale
437 612 627 679 subdivitur
644 614 681 680 in
698 633 788 679 mere
809 614 956 694 casuale,
979 610 1071 697 quod
1089 609 1129 674 iit
1146 610 1275 696 absque
1293 608 1363 676 ullo

192 723 292 806 eulpa
303 721 497 800 occidentis,
510 723 738 808 etculposum,
749 722 840 808 quod
853 724 893 787 tit
906 740 949 788 ex
962 721 1061 805 culpa
1072 720 1193 787 saliem
1204 719 1360 816 juridica,

194 835 361 915 quatenus
382 831 424 896 ab
446 829 619 897 occidente
643 831 796 899 nonfuit
820 830 968 896 adhibita
992 827 1167 912 diligentia
1187 827 1301 896 debita
1319 827 1363 896 ad

192 938 415 1006 homicidium
429 940 631 1006 cavendum.

231 1050 373 1131 Legistae
391 1048 503 1114 solent
515 1049 664 1115 dividere
680 1050 900 1116 homicidium
914 1050 950 1114 in
971 1047 1205 1128 necessarium,
1217 1045 1308 1132 quod
1324 1045 1364 1110 iit

192 1157 236 1222 ad
249 1143 544 1224 necessariam'sui
558 1158 807 1236 defensionem
827 1159 991 1238 dolosum,
1007 1156 1098 1242 quod
1113 1157 1153 1221 fit
1165 1173 1245 1222 curn
1257 1171 1363 1239 pravo

191 1265 366 1344 voluntate
382 1265 574 1342 occidendi;
589 1266 774 1352 cupiosum,
787 1268 878 1350 quod
887 1266 926 1331 tit
935 1265 1207 1350 exaliqueculpa
1218 1262 1363 1347 juridica

193 1374 236 1438 ob
260 1373 429 1440 deiectum
453 1374 604 1450 coutelae,
630 1358 689 1440 sed
717 1375 790 1439 sine
812 1375 926 1440 animo
948 1369 1133 1450 occidendi,
1159 1375 1194 1438 et
1215 1369 1360 1448 cumulo,

193 1483 285 1568 quod
298 1485 337 1546 sst
349 1501 391 1548 ex
405 1501 486 1549 casu
500 1484 640 1549 omniuo
654 1483 805 1550 fortuito.

233 1593 261 1674 e)
276 1591 415 1675 Propior
429 1592 622 1675 analogiam
634 1609 714 1658 cum
727 1585 922 1670 homicidio,
939 1591 1111 1676 agendum
1126 1595 1179 1658 cst
1201 1591 1304 1658 etiam
1319 1590 1361 1656 de

191 1698 405 1764 mutilatione
425 1719 433 1762 :
456 1699 624 1766 mutilatio
651 1705 704 1766 est
724 1701 912 1784 amputatio
939 1698 996 1764 vel
1022 1698 1189 1764 truncatio
1217 1698 1361 1782 alicujus

190 1805 346 1873 membri.
367 1808 556 1896 blembrum
568 1809 704 1893 proprie
719 1813 772 1874 est
793 1827 871 1892 pars
889 1809 1040 1892 corporis
1062 1827 1137 1892 quse
1155 1807 1363 1890 pecrdiarem

189 1913 400 1980 functionem
416 1917 488 1981 sive
503 1917 654 1981 cilicium
667 1917 779 1993 habet,
795 1918 836 1984 ab
859 1916 932 1982 aliis
954 1915 1107 1999 partibus
1130 1915 1281 1998 corporis
1295 1913 1362 1980 dis-

189 2023 342 2102 tinctum,
358 2029 397 2088 ut
412 2027 492 2088 sunt
506 2023 636 2101 oculus,
651 2025 754 2101 auris,
769 2039 904 2102 manus,
924 2043 997 2109 pes,
1012 2023 1140 2106 lingua,
1157 2028 1220 2090 etc.
1243 2022 1363 2090 Omnia

188 2132 342 2197 membra
355 2133 517 2216 corporis,
533 2131 581 2200 eit
596 2131 777 2217 Apostolus
794 2133 849 2215 (ad
865 2133 976 2210 Rom,
992 2153 1048 2210 mr,
1058 2133 1102 2217 4),
1118 2149 1188 2199 nou
1202 2131 1362 2199 eumdem

136 2237 137 2240 ’
188 2243 302 2304 actum
315 2239 453 2305 hahent.

228 2347 389 2432 Sequitur
402 2349 434 2413 l⁰
449 2367 519 2415 non
532 2367 634 2434 posse
648 2349 714 2416 dici
726 2349 896 2428 mutilum,
910 2350 965 2416 cui
982 2348 1147 2432 infligitur
1163 2348 1275 2416 solum
1288 2345 1362 2414 vul-

188 2475 264 2533 nus,
284 2457 363 2541 qnia
376 2457 513 2535 vulnus,
532 2458 637 2524 etiam
651 2474 730 2523 cum
752 2459 891 2542 copiosa
912 2458 1088 2541 sanguinis
1110 2458 1276 2525 effusione
1290 2456 1363 2523 illa-

189 2570 274 2642 tum,
284 2583 354 2631 nou
363 2571 416 2631 est
426 2568 613 2651 amputatio
623 2567 666 2630 ,Ψ
681 2567 755 2633 Non
768 2567 1119 2645 censeturmutilotus,
1131 2567 1185 2633 cui
1195 2566 1364 2634 abscissus

188 2678 242 2738 est
254 2672 391 2756 digitus,
409 2673 489 2758 quia
509 2674 635 2758 digitus
655 2693 725 2739 non
741 2679 795 2739 cst
807 2675 1011 2752 membrum,
1026 2673 1086 2740 sed
1102 2693 1180 2758 pars
1201 2674 1362 2750 membri3

187 2781 273 2846 item·
281 2781 310 2846 si
317 2781 548 2846 abscideretur
559 2781 721 2864 cartilago
731 2782 865 2847 aurium
878 2780 1029 2848 velnosi.
1046 2781 1172 2847 'lamen
1185 2781 1363 2848 Suarozius

187 2892 294 2972 putat,
310 2905 390 2954 cum
411 2887 496 2964 aliis,
509 2888 586 2954 iilos
607 2906 706 2954 casus
721 2907 796 2954 esse
809 2889 941 2967 dubios,
957 2889 1036 2974 quia
1051 2887 1173 2954 talibus
1186 2889 1364 2955 abscissio-

187 2997 289 3061 nibus
302 2997 452 3082 graviter
466 2997 666 3062 diminuitur
686 2997 863 3079 integritas
874 2996 1024 3081 corporis
1038 2996 1198 3062 hominis.
1335 2983 1337 2988 ⁸

227 3105 266 3172 ln
285 3105 384 3171 titulo
407 3104 475 3183 XX,
492 3105 534 3170 cle
555 3103 699 3190 Corpore
721 3106 861 3185 ciliciis,
884 3105 921 3170 in
934 3104 1046 3190 specie
1061 3103 1364 3172 determinavimus

187 3213 437 3280 mutilationem
451 3230 518 3300 qua
529 3211 761 3308 irregularitas
774 3213 967 3279 incurritur.

409 3399 440 3450 11.
454 3395 579 3450 Gravitas
594 3393 722 3449 criminis
735 3393 883 3448 homicidii
896 3394 926 3450 et
938 3394 1135 3450 mutilationis.

230 3543 262 3610 i⁰
276 3541 501 3611 homicidium
517 3561 562 3610 ex
580 3560 706 3627 genere
722 3558 785 3610 suo
808 3547 861 3610 est
883 3541 1054 3621 illicitum3
1072 3561 1153 3610 nam
1172 3544 1266 3609 omni
1284 3545 1363 3628 jure

189 3652 568 3737 prohibeturmotureli,
583 3653 793 3738 qmanmura
802 3651 1042 3718 dictathomini
1053 3670 1124 3719 non
1134 3669 1210 3718 esse
1221 3653 1364 3736 eripien-

191 3761 272 3826 dum
282 3761 471 3826 mammam
484 3763 563 3826 vitm
578 3761 724 3838 bonum;
741 3760 867 3838 divino,
883 3778 945 3843 per
954 3765 1163 3844 praeceptum
1175 3781 1183 3824 :
1196 3759 1297 3828 «Non
1310 3777 1364 3828 oo·
1403 3833 1405 3836 ,

188 3870 298 3948 cides;
317 3896 332 3930 s
346 3873 508 3948 humano,
521 3876 560 3936 ui
570 3875 665 3957 patet
685 3867 874 3952 exlegibus
889 3869 1045 3934 omnium
1058 3869 1247 3936 nationum.

228 3981 260 4044 2⁰
274 3979 499 4046 homicidium
514 3985 566 4046 est
578 3983 707 4047 crimen
727 3985 824 4046 atrox
839 3995 878 4044 ac
895 3977 1104 4056 detestabile,
1120 3978 1212 4063 quod
1225 3979 1316 4044 Deus
1327 3977 1364 4044 in

188 4089 300 4172 primo
313 4088 492 4155 homicida·
504 4089 585 4154 Cain
600 4107 718 4156 severe
730 4087 875 4172 punivit.
891 4086 956 4151 Per
968 4085 1052 4151 illud
1075 4088 1167 4152 enim
1186 4088 1364 4170 proximus

189 4195 343 4279 privatur
356 4197 446 4262 bono
461 4197 615 4262 omnium
627 4197 798 4262 bonorum
811 4192 1052 4277 temporalium
1065 4195 1216 4260 maximo
1230 4199 1264 4259 et
1281 4195 1364 4260 irro-

188 4305 341 4388 parabili.
1302 4356 1304 4360 ,

228 4416 263 4479 3·
275 4416 366 4481 Licet
375 4416 597 4483 homicidium
613 4415 708 4483 sitab
727 4417 915 4483 intrinseco
929 4414 1073 4493 malum,
1086 4417 1209 4507 ¹tumen
1220 4413 1364 4482 materia

189 4524 280 4590 illius
300 4544 372 4591 non
386 4529 439 4592 est
459 4525 507 4592 ita
525 4526 626 4602 male,
643 4525 732 4590 utin
745 4525 847 4592 nuliis
866 4523 1129 4599 circumstantiis
1150 4521 1365 4591 cohonestari

189 4636 307 4719 possit,
323 4635 411 4702 sicut
424 4635 754 4714 materiamendaoii,
770 4636 922 4715 haeresis,
938 4641 1002 4702 etc.

333 4763 378 4810 ru.
1185 4740 1226 4809 93
