3508 5568
361 595 400 660 to
514 570 517 576 Ι
821 611 871 658 rus
891 609 1071 656 canonicor.

402 731 432 792 l⁰
449 728 591 793 Nomine
614 727 723 791 amba
738 726 905 808 objectiva
915 729 1059 806 sumptae
1072 723 1166 790 venit
1181 720 1302 786 illares
1317 721 1462 796 mobilis,
1480 721 1534 786 vel

296 875 300 884 »
359 837 553 912 immobilis,
566 855 642 920 quae
652 857 672 902 a
683 836 816 919 sponsis
826 835 880 900 vel
891 853 1011 900 eorum
1021 833 1222 916 parentibus
1232 832 1341 906 datur,
1354 832 1449 915 quasi
1463 832 1536 914 pig-

306 1026 309 1034 Ι
363 965 437 1020 nus,
450 947 485 1009 in
500 945 717 1010 securitatem
729 944 834 1008 lutari
848 942 1068 1015 matrimonii,
1077 939 1284 1005 sicutinaliis
1293 939 1532 1004 contractibus.

359 1054 433 1118 Jam
448 1054 475 1116 si
492 1053 567 1138 quis
578 1071 620 1116 ex
629 1052 763 1135 sponsis
772 1054 864 1134 juste
875 1049 1002 1114 resiliat
1014 1068 1034 1114 a
1044 1047 1269 1132 sponsalibus
1280 1048 1381 1111 arrha
1393 1065 1461 1110 non
1476 1045 1536 1110 du-

360 1161 512 1246 plicatur,
526 1180 568 1224 ne
578 1161 703 1244 quisob
710 1158 1153 1243 justumiactumpuniatur,
1162 1155 1319 1238 sedjuste
1329 1154 1496 1230 resiliens,
1508 1153 1537 1218 si

361 1271 497 1335 arrham
510 1269 649 1351 accepit,
664 1267 821 1333 eamdem
831 1267 989 1341 restituit,
1002 1265 1057 1329 vel
1068 1283 1165 1328 suam
1173 1263 1296 1346 repetit
1313 1283 1319 1325 :
1332 1263 1360 1324 si
1373 1281 1457 1326 vero
1467 1279 1536 1326 non

362 1377 499 1460 accepit,
520 1377 562 1441 ad
582 1375 667 1440 nihil
683 1379 827 1440 tenetur.
849 1375 891 1440 tt
912 1375 939 1438 si
965 1374 1041 1458 quis
1055 1374 1182 1456 injuste
1196 1369 1335 1446 resiliat,
1362 1371 1463 1434 arrha
1477 1371 1538 1434 du-

361 1486 513 1576 plicatur,
530 1487 671 1561 horest,
689 1485 856 1568 accipiens
872 1485 1008 1550 arrham
1027 1485 1164 1546 tenetur
1186 1500 1263 1546 eam
1286 1480 1480 1556 restituere,
1503 1483 1537 1542 et

361 1594 508 1660 alterum
532 1599 665 1658 tantum
691 1593 782 1658 dare.
807 1593 923 1658 Arrhae
946 1590 1219 1676 quadruplicare,
1241 1609 1273 1652 v.
1290 1607 1323 1670 g.
1342 1592 1380 1650 ut
1402 1588 1461 1670 qui
1481 1606 1535 1652 ac·
1560 1675 1565 1689 Ι

361 1704 450 1787 cepit
468 1703 537 1778 too,
560 1702 688 1784 pendat
710 1703 780 1778 too,
806 1702 1032 1767 admittuntur
1056 1721 1098 1766 ex
1122 1701 1258 1786 speciali
1282 1701 1534 1792 conventione:

362 1807 450 1875 ultra
465 1807 693 1893 quadruplum
704 1829 787 1874 vero
803 1815 979 1893 nequeunt
993 1809 1110 1893 augeri
1127 1811 1191 1894 (cit.
1212 1811 1268 1874 lib.
1289 1811 1325 1885 V,
1343 1829 1370 1874 o.
1388 1810 1454 1874 hoc
1473 1807 1536 1888 tit.)

362 1917 418 1982 ubi
435 1923 551 1984 tamen
566 1920 688 1994 minor,
707 1917 735 1981 si
749 1919 887 1982 veniam
906 1919 1016 1983 astatis
1032 1939 1102 1983 non
1125 1919 1330 2004 impetravit,
1357 1920 1538 1982 excusatur

248 2061 256 2076 .
362 2018 403 2082 ab
418 2035 557 2081 excessu
584 2019 771 2094 arrarhum,
796 2023 830 2081 et
853 2017 965 2081 solum
989 2017 1033 2081 ad
1052 2017 1199 2093 arrham,
1226 2019 1253 2080 si
1278 2035 1382 2101 quam
1397 2014 1536 2096 accepit,

362 2126 608 2190 restituendam
624 2125 804 2207 obligatur.
821 2124 907 2190 ltem
927 2131 1034 2209 pater,
1053 2128 1157 2209 siper
1181 2145 1262 2191 eum
1282 2144 1353 2190 non
1376 2129 1442 2189 stet
1457 2141 1538 2207 qno-

362 2237 477 2300 minus
495 2235 586 2300 illius
601 2241 660 2300 aut
685 2235 755 2300 tilia
777 2237 913 2318 nuptias
937 2236 1149 2312 contrahant,
1176 2236 1289 2300 datam
1311 2253 1331 2298 a
1350 2254 1386 2298 se
1402 2233 1537 2298 arrham

363 2361 433 2409 non
449 2344 570 2428 perdit,
589 2363 631 2408 nc
655 2343 766 2408 alieno
788 2337 910 2408 delicto
930 2348 1174 2426 praegravetur.
1487 2344 1489 2348 ’
1528 2342 1533 2351 “

402 2451 434 2514 2⁰
450 2451 616 2517 Excessus
626 2452 734 2517 arrhae
750 2451 840 2515 ultra
853 2451 1014 2534 simplum
1028 2452 1157 2534 accepti
1171 2449 1379 2534 probabilius
1395 2467 1465 2513 non
1483 2449 1537 2513 de·

363 2561 463 2624 betur
477 2563 555 2623 ante
570 2559 776 2624 sententiam
787 2558 924 2641 judicis,
948 2559 1014 2622 nisi
1030 2558 1121 2623 aliud
1138 2559 1229 2622 inter
1250 2575 1395 2640 sponsos
1416 2576 1537 2621 conve·

364 2669 453 2731 norit
470 2687 477 2729 :
493 2666 670 2732 itaSanch.
687 2685 765 2731 cum
778 2666 832 2731 cit.
849 2671 968 2731 contra
981 2665 1113 2743 Govar.,
1124 2667 1288 2742 Menneu,
1307 2671 1369 2730 etc.
1381 2664 1536 2730 volentes

180 2756 181 2760 ¹
244 2769 247 2775 ’
364 2772 638 2857 duplicationem,
655 2773 710 2838 vel
723 2773 1074 2858 quadruplicationem
1088 2775 1195 2838 arrhas
1206 2773 1242 2837 in
1257 2774 1465 2839 conscientia
1481 2773 1539 2837 de-

364 2883 445 2958 beri,
464 2881 585 2946 saltem
598 2882 839 2958 conditionate,
856 2883 883 2944 si
898 2901 976 2964 pars
989 2881 1096 2946 altera
1109 2883 1233 2963 exigat.
1258 2881 1354 2946 Ratio
1375 2885 1437 2957 est,
1459 2881 1538 2966 quia

364 2989 419 3055 ille
435 3008 596 3055 excessus
613 2992 683 3055 vim
698 2990 801 3056 habet
813 3009 944 3074 poenae;
967 2992 1039 3055 haec
1051 2994 1168 3055 autem
1183 2989 1384 3072 regulariter
1398 3007 1468 3054 non
1484 2989 1538 3053 de-

364 3098 474 3173 betur,
484 3098 548 3161 nisi
560 3103 637 3181 post
650 3099 855 3163 sententiam
862 3099 996 3181 judicis,
1008 3099 1087 3163 licet
1096 3099 1139 3162 sit
1146 3117 1248 3181 poena
1256 3095 1537 3174 conventionalia,

365 3207 393 3270 si
407 3205 504 3270 aliter
516 3225 585 3270 non
601 3207 645 3270 sit
658 3211 876 3272 conventum.

403 3315 435 3378 3⁰
451 3314 484 3378 Si
498 3315 588 3378 inter
602 3326 746 3397 sponsos
761 3315 888 3398 nuptiae
900 3319 1024 3379 secuta
1040 3320 1130 3389 sunt,
1143 3316 1251 3379 arrhae
1260 3319 1470 3398 repetuntur,
1483 3315 1538 3378 vel

364 3427 604 3506 computantur
629 3423 664 3486 in
685 3423 800 3487 dotem
819 3427 879 3488 aut
899 3423 1120 3488 donationem
1140 3427 1279 3506 propter
1303 3422 1449 3505 nuptias,
1473 3424 1537 3486 nisi

364 3530 456 3595 aliud
481 3530 605 3594 habeat
630 3530 841 3594 consuetudo
867 3529 932 3594 loci
950 3551 957 3592 :
975 3549 1055 3594 nam
1075 3530 1215 3613 impleto
1235 3533 1421 3605 contractu,
1439 3531 1539 3596 arrha

365 3638 438 3702 sine
453 3655 556 3702 causa
569 3642 661 3702 esset
674 3655 780 3720 penes
795 3637 1028 3720 accipientem,
1046 3655 1138 3718 ergo.

405 3745 504 3828 Resp.
521 3746 550 3808 l.
568 3744 673 3810 Poena
686 3745 862 3810 moderata
876 3749 994 3810 contra
1008 3746 1134 3828 injuste
1150 3745 1359 3810 resilientem
1373 3745 1463 3810 licite
1482 3765 1539 3829 ap·

365 3854 504 3936 ponitur
516 3853 552 3915 in
568 3853 782 3935 sponsalibus
801 3873 807 3915 :
824 3853 989 3930 iteSuar.,
1005 3855 1133 3937 Laym.,
1150 3855 1234 3918 Reli.
1258 3872 1337 3918 cum
1349 3854 1404 3918 cit.
1421 3859 1540 3919 contra

366 3959 501 4034 Bartol,
512 3958 643 4035 dovor,
653 3961 748 4036 Wex,
761 3965 823 4025 etc.
836 3962 887 4042 (l).
901 3961 984 4025 Nam
999 3961 1076 4026 talis
1086 3961 1372 4044 poenanullojure
1381 3963 1539 4045 reproba-

367 4074 439 4132 tur:
450 4066 683 4142 nonnaturali,
700 4074 738 4131 ut
750 4068 791 4132 de
807 4086 843 4131 se
851 4072 955 4150 patet,
972 4087 1050 4132 cum
1064 4069 1538 4152 poenaistainvitetadactum

367 4177 549 4240 honestum
554 4177 706 4260 justitia,
720 4193 779 4238 seu
789 4175 832 4239 ad
842 4174 1206 4259 sponsaliaimplenda;
1219 4194 1288 4240 non
1293 4179 1370 4258 jure
1379 4177 1536 4260 positivo,

367 4285 567 4367 qniadehoc
578 4289 799 4360 nonconstat;
810 4284 1015 4368 siquidemc.
1025 4285 1065 4348 29
1079 4285 1234 4362 Gemma,
1246 4285 1278 4349 h.
1297 4290 1319 4348 t.
1332 4285 1483 4368 loquitur
1497 4285 1538 4350 de

367 4393 580 4475 sponsalibus
605 4394 761 4459 invalidis
782 4393 904 4476 puellae
928 4394 1015 4458 inira
1041 4393 1257 4476 septennium
1274 4413 1281 4456 :
1298 4393 1354 4458 vel
1377 4395 1404 4456 si
1428 4393 1540 4458 valida

369 4507 475 4575 erant,
492 4501 606 4584 puella
618 4503 707 4567 lacta
720 4503 907 4585 viripotens
923 4521 965 4567 ex
980 4501 1158 4585 privilegio
1170 4503 1267 4584 juris,
1285 4502 1340 4566 vcl
1350 4501 1537 4576 aliacausa,

400 4659 435 4722 (t)
452 4658 517 4709 Vide
534 4659 571 4708 De
585 4659 701 4725 Angelis,
716 4661 761 4725 qui
771 4659 910 4725 distinguit
922 4661 990 4711 inter
1002 4661 1168 4711 conditiones
1179 4661 1212 4711 ab
1222 4660 1540 4726 extsneisappositas,vel

369 4735 402 4792 ab
417 4736 480 4800 ipsis
494 4736 600 4799 sponsis
612 4749 757 4803 corumque
771 4737 934 4803 parentibus,
948 4725 1089 4801 tutoribus,
1104 4739 1154 4787 otc.
1171 4736 1231 4801 (troc
1247 4736 1297 4799 tit,
1311 4749 1339 4788 n.
1356 4737 1390 4800 i).
