3514 5564
570 549 658 596 urana
677 548 815 604 cumrus
837 547 1058 596 hhctthtlhllitl.
1346 527 1401 592 lii

126 643 138 757 ,⁵
225 669 278 732 ret
286 663 456 749 (oapfln,
468 665 510 729 de
519 663 624 730 Ocnd.
638 666 805 750 opposta).
818 666 851 730 3⁰
860 664 1073 732 Matrimonia
1081 667 1319 743 consummata
1327 681 1405 730 con·

226 791 407 840 versorum
419 773 462 838 ad
476 773 579 838 tidem
594 791 664 838 non
678 779 823 858 possunt
838 773 978 839 dissolvi
990 773 1191 840 auctoritate
1199 771 1308 856 Papa,
1324 789 1405 836 nam

225 885 389 964 suscepto
404 880 584 964 baptismo,
602 882 717 948 statim
728 882 833 948 modo
846 881 1019 948 insolubili
1033 881 1226 964 significant
1241 879 1405 946 unionem

225 988 347 1054 Christi
363 1007 441 1054 cum
456 988 602 1056 Ecclesia
614 1009 676 1074 per
688 992 876 1073 carnem(c.
889 993 921 1068 d,
936 991 1145 1076 cetimum),
1163 1008 1206 1054 ex
1222 1007 1289 1074 qua
1301 989 1405 1071 signi-

231 1097 388 1164 ficatione
402 1096 510 1162 oritur
523 1115 660 1164 summa
673 1097 739 1164 ista
752 1098 989 1166 insolubilitas.

260 1233 347 1292 Dices
362 1249 369 1290 :
387 1233 536 1302 l'llatth.‚
549 1250 579 1304 r,
594 1237 638 1304 tl,
654 1233 792 1294 Christus
807 1235 870 1294 ait:
893 1257 908 1287 «
925 1234 1030 1296 Omnis
1047 1236 1099 1310 qui
1117 1235 1264 1295 dimiserit
1280 1249 1403 1293 uxorem

225 1337 325 1394 suam,
335 1327 460 1395 excepta
471 1322 678 1382 fornicationis
690 1339 792 1396 causa,
803 1325 875 1384 lacit
886 1339 953 1386 eam
963 1326 1121 1400 moechari3
1137 1331 1166 1385 et
1179 1325 1232 1399 qui
1246 1323 1404 1384 dimissam

225 1410 354 1482 duxerit,
369 1410 525 1480 adulterat;
543 1431 558 1466 a
574 1411 652 1470 idem
668 1415 812 1486 repetitur
825 1429 852 1474 c.
868 1431 929 1484 xrs,
940 1417 967 1486 9,
985 1414 1036 1476 ubi
1053 1414 1189 1474 Christus
1201 1414 1404 1488 interrogatus

225 1500 379 1574 respondit
392 1499 428 1558 de
442 1499 641 1560 dissolutione
658 1501 769 1560 vinculi
792 1502 1037 1575 matrimonialis,
1060 1504 1140 1564 sicot
1154 1503 1244 1562 fiebat
1258 1519 1310 1578 per
1324 1503 1406 1562 libel-

225 1591 288 1650 lum
306 1590 434 1665 repudii.
455 1597 485 1649 2⁰
504 1591 612 1649 Eadem
632 1591 801 1652 solubilitas
817 1593 989 1655 insinuatur
1004 1609 1070 1652 can.
1094 1598 1124 1650 ιι
1140 1599 1170 1652 et
1181 1598 1226 1663 23,
1249 1607 1342 1652 causa
1359 1598 1405 1664 32,

225 1693 255 1752 q.
270 1683 298 1742 7,
315 1684 345 1737 et
358 1694 423 1738 can.
441 1683 469 1750 6,
480 1679 581 1754 Siqua
594 1679 714 1752 mulier,
730 1683 777 1751 31,
790 1695 819 1754 q.
833 1686 858 1751 l;
875 1697 957 1756 ergo.
976 1685 1063 1754 neap.
1080 1680 1117 1739 ad
1134 1686 1159 1738 l.
1178 1679 1274 1740 Verba
1288 1681 1357 1752 ista,
1373 1685 1406 1740 ut

225 1771 407 1830 concordent
417 1783 486 1828 cum
500 1769 600 1829 verbis
614 1769 742 1830 aliorum
757 1771 1029 1846 Evangelistarum
1045 1777 1125 1830 recte
1141 1770 1351 1846 intelliguntur
1368 1771 1405 1830 de

224 1859 402 1918 dimissione
424 1861 522 1933 quoad
544 1866 643 1920 torum
662 1865 692 1922 et
709 1861 972 1932 cohabitationem,
988 1865 1092 1934 estque
1107 1874 1216 1920 sensus
1237 1877 1244 1918 :
1267 1860 1319 1934 qui
1339 1860 1405 1919 siue

222 1947 305 2020 justa
318 1961 411 2006 causa
427 1947 636 2008 fornicationis
658 1949 808 2030 dimiserit
828 1964 964 2022 uxorem,
986 1949 1144 2010 faciteam
1164 1947 1324 2018 moechari,
1348 1947 1406 2006 hoc

225 2043 281 2109 est,
301 2037 352 2096 dat
373 2037 399 2096 ei
419 2038 609 2098 occasionem
630 2039 816 2111 moechandi,
842 2045 932 2114 atque
957 2039 999 2098 ita
1021 2039 1148 2098 moechia
1169 2039 1334 2112 imputatur
1352 2038 1403 2096 ei:

225 2127 320 2187 ludaei
341 2125 420 2185 enim
440 2127 664 2202 interrogamut
685 2128 721 2186 de
745 2127 926 2188 dimissione
941 2129 1083 2201 perlecta,
1104 2142 1171 2201 quae
1185 2128 1245 2186 duo
1259 2126 1403 2186 includit:

226 2217 445 2291 separationem
467 2216 524 2276 tori
546 2223 576 2276 et
591 2217 834 2290 cohabitationis,
855 2223 884 2276 et
903 2219 1122 2292 separationem
1142 2216 1256 2278 vinculi
1277 2236 1284 2275 :
1306 2216 1406 2290 quoad

226 2308 368 2381 primum,
390 2305 527 2366 Christus
547 2308 703 2381 respondit
721 2307 834 2366 licitam
853 2321 922 2366 esse
950 2307 1171 2380 separationem
1194 2307 1250 2365 tori
1270 2310 1300 2364 et
1317 2306 1406 2365 coha-

226 2397 380 2458 bitationis
392 2413 428 2456 ex
440 2397 525 2472 justa
539 2411 630 2457 causa
651 2397 859 2458 fornicationis
876 2415 883 2454 ι
899 2397 1000 2470 quoad
1013 2397 1193 2468 seeundum,
1209 2394 1405 2472 negavittieri

227 2502 318 2562 posse
331 2487 549 2560 separationem
563 2486 688 2558 vinculi,
705 2487 832 2546 dicendo
848 2506 855 2544 :
873 2509 888 2539 «
905 2487 960 2556 Qui
976 2485 1134 2562 dimissam
1146 2486 1275 2558 duxerit,
1290 2485 1406 2545 adulte·

226 2582 288 2651 rat;
304 2599 319 2627 n
335 2592 395 2635 non
415 2577 594 2635 adulteraret
616 2581 730 2648 autem,
751 2577 776 2635 si
798 2576 837 2634 oh
858 2577 987 2650 priorem
1013 2576 1240 2636 fornicationem
1257 2577 1406 2650 separatio

227 2665 339 2724 vinculi
353 2665 478 2724 inducta
496 2665 605 2724 luisset
630 2684 636 2722 :
657 2665 727 2724 hinc
743 2666 832 2724 etiam
847 2669 964 2739 apost,
979 2665 1000 2724 l.
1016 2682 1053 2737 c.‚
1070 2666 1111 2725 ait
1129 2665 1283 2726 mulierem
1303 2665 1407 2724 dimis-

228 2769 292 2814 sam
306 2753 413 2814 dehere
426 2769 546 2814 manere
562 2755 731 2828 innuptam.
750 2756 792 2814 Ad
808 2761 835 2814 2.
852 2757 928 2824 Gan.
946 2759 977 2812 l'l
992 2770 1054 2814 non
1074 2756 1221 2830 reperitur
1239 2756 1270 2812 iu
1292 2757 1321 2814 s.
1338 2757 1405 2813 Am·

227 2845 340 2915 hrono,
357 2850 387 2902 et
400 2845 534 2918 procedit
548 2845 715 2904 secundum
725 2845 823 2920 legem
834 2845 944 2904 Juliam
956 2863 962 2903 :
975 2850 1006 2904 at
1015 2845 1287 2920 secuudumlegem
1297 2843 1406 2905 Christi

227 2949 313 3008 equa
327 2939 375 2994 est
388 2933 464 2996 ratio
480 2935 537 2994 viri
556 2942 586 2996 et
599 2935 746 3006 mulieris,
770 2940 804 2994 ut
823 2935 901 2994 idem
923 2939 951 2994 S.
968 2939 1003 2995 h.
1020 2937 1107 2996 docet
1124 2937 1155 2996 in
1171 2951 1236 3010 cap.
1255 2941 1287 2994 to
1308 2939 1403 2996 Luca.

228 3027 299 3084 Can.
320 3029 354 3083 23
374 3024 424 3082 cit.
445 3024 527 3085 hunc
545 3025 634 3084 habet
653 3024 810 3084 litteralem
832 3039 958 3084 sensum
982 3044 989 3084 :
1011 3027 1041 3084 Si
1063 3031 1132 3086 ante
1153 3026 1274 3100 nuptias
1297 3041 1407 3084 concu-

227 3115 319 3174 huisti
333 3129 402 3174 cum
417 3129 520 3173 sorore
536 3115 639 3174 uxoris
649 3119 718 3186 tuae,
729 3120 866 3172 neutram
881 3115 991 3174 hahere
1002 3119 1087 3188 potes
1102 3131 1109 3170 :
1123 3115 1211 3174 istam
1223 3114 1406 3188 propterim·

228 3203 430 3278 pedimentum
443 3203 615 3276 affinitatis;
632 3205 713 3264 illam
726 3211 848 3278 propter
861 3205 1109 3278 impedimentum
1124 3203 1251 3278 puhlicae'
1265 3204 1405 3263 honesta·

228 3295 276 3354 tis.
290 3293 377 3354 Uxori
388 3299 486 3353 tamen
496 3295 610 3369 ignara
621 3295 709 3353 datur
719 3293 846 3354 facultas
856 3294 1033 3353 transeundi
1047 3294 1082 3353 ad
1099 3294 1174 3353 alias
1189 3295 1325 3367 nuptias3
1340 3294 1405 3352 viro

228 3391 329 3444 autem
343 3385 528 3460 delinquenti
541 3389 669 3460 negatur
685 3399 722 3443 ex
737 3399 802 3444 can.
815 3389 861 3456 22,
873 3385 1005 3455 Hivero,
1020 3389 1065 3456 32,
1080 3399 1110 3457 q.
1123 3389 1150 3441 7.
1164 3386 1234 3443 Can.
1250 3384 1330 3442 tcit.
1341 3397 1407 3458 pro

229 3476 308 3536 cedit
330 3475 366 3534 de
389 3475 504 3549 nuptiis
526 3481 595 3549 post
615 3479 741 3535 monem
755 3475 897 3550 conjugis
915 3473 1142 3545 contrahendis,
1165 3474 1246 3534 sicut
1260 3478 1315 3534 cl
1337 3474 1368 3532 h.
1383 3477 1404 3532 t.

229 3565 303 3625 Vide
323 3565 429 3624 Bellar.
452 3571 481 3624 et
495 3565 572 3624 alios
591 3567 644 3624 Π.
661 3564 836 3638 polemicos,
851 3564 888 3623 ad
910 3579 987 3638 quos
1003 3562 1131 3637 questio
1149 3564 1209 3623 ista
1227 3569 1342 3638 spectat
1357 3563 1406 3640 (t).

270 3725 370 3809 Resp.
386 3726 416 3789 2.
431 3725 643 3791 Matrimonia
656 3729 895 3791 consummata
904 3724 1100 3808 judaeorum
1115 3729 1150 3789 et
1174 3723 1318 3791 aliorum
1332 3725 1408 3790 inil-

231 3832 358 3898 delium
371 3851 441 3900 non
455 3838 601 3917 possunt
612 3833 752 3899 dissolvi
769 3853 776 3896 ε
801 3834 833 3897 1ο
848 3851 909 3916 per
928 3833 1075 3899 libellum
1090 3831 1233 3918 repudii,
1251 3833 1330 3918 quia
1342 3834 1406 3898 iste

232 3942 385 4008 suhlatus
401 3948 453 4008 est
466 3961 486 4008 a
504 3942 651 4019 Christos
666 3943 745 4008 licet
758 3942 794 4007 in
808 3941 885 4025 lege
903 3943 1026 4027 Moysis
1038 3961 1109 4008 non
1122 3947 1255 4008 tantum
1269 3942 1407 4025 permis-

233 4069 302 4126 sus,
320 4050 381 4116 sed
395 4050 500 4116 etiam
508 4050 620 4115 licitus
633 4051 737 4115 luerit
751 4069 794 4115 ex
808 4068 912 4116 causa
928 4049 1080 4132 generali
1100 4049 1269 4132 foeditatis
1285 4047 1405 4132 theut,

233 4160 328 4242 xxiv),
345 4162 384 4223 ut
407 4159 622 4224 communior
647 4163 762 4235 tenet;
790 4160 870 4244 quia
885 4159 949 4223 etsi
977 4157 1100 4223 duritia
1115 4157 1311 4222 ludaeorum
1330 4174 1409 4222 cau-

234 4265 432 4332 samlihello
450 4266 591 4344 dederit,
613 4272 728 4333 tamen
743 4269 832 4333 Deus
853 4269 890 4334 in
911 4267 964 4332 his
988 4265 1251 4332 circumstantiis
1277 4264 1409 4350 dispen-

233 4374 332 4452 savit,
356 4379 394 4438 ut
409 4373 599 4440 uxorlicite
621 4379 655 4439 et
675 4375 786 4441 valide
806 4375 1044 4451 dimitteretur,
1068 4373 1190 4440 atalia
1215 4373 1406 4438 duceretur.

265 4528 299 4592 (t)
314 4529 346 4578 Et
359 4529 495 4594 speciatim
510 4529 671 4596 encyclicam
683 4530 820 4596 epistolam
840 4533 969 4582 Arcenam
986 4529 1082 4581 divina
1100 4527 1233 4593 supientia
1249 4525 1313 4578 88³¹
1332 4527 1362 4577 n.
1377 4529 1408 4578 N.

233 4603 328 4654 Leonis
341 4603 405 4666 xlll,
425 4605 513 4656 datam
533 4605 575 4658 die
591 4609 619 4657 lt
632 4603 700 4658 lebr.
719 4609 788 4669 188⁰,
803 4607 832 4660 in
846 4621 899 4674 qua
913 4605 1042 4660 catholica
1055 4603 1177 4658 doctriua
1191 4603 1224 4657 dc
1239 4603 1409 4657 matrimonio

233 4678 343 4733 mirifica
357 4680 508 4748 exponitur.
