3514 5564
549 515 635 564 uasa
657 515 792 570 QUARTUS
812 513 1031 563 anonumum.

698 774 832 838 suerio
854 775 893 838 11.

552 932 837 1000 lmpeatmentum
854 931 1041 986 affinitatis.

483 1109 515 1159 ll.
529 1107 605 1161 Inter
620 1120 691 1173 quas
701 1119 837 1173 personas
848 1106 955 1161 oriatur
966 1106 1088 1160 affinitas
1101 1111 1114 1160 t

249 1249 349 1334 Rasp.
366 1252 401 1314 f.
418 1249 531 1316 Posita
544 1251 666 1335 copula
678 1251 815 1328 carnali,
831 1251 979 1316 affinitas
998 1252 1107 1317 oritur
1118 1251 1154 1316 in
1168 1251 1290 1318 marito
1305 1270 1384 1318 cum

202 1359 473 1440 consanguineis
498 1360 626 1437 uxoris,
653 1359 743 1423 etin
765 1377 872 1423 uxore
899 1377 978 1423 cum
1001 1360 1265 1440 consanguineis
1287 1360 1351 1425 viri
1374 1380 1382 1424 ε

209 1464 298 1530 inter
322 1467 405 1532 alias
432 1473 548 1533 autern
569 1487 745 1553 personas,
766 1472 849 1552 puta
870 1469 961 1532 inter
980 1469 1255 1550 consanguineos
1269 1468 1331 1532 viri
1349 1473 1385 1534 et

209 1575 337 1651 uxoris,
361 1575 455 1641 nulla
479 1581 532 1641 est
553 1575 700 1640 affinitas
721 1571 919 1658 impeditiva
936 1576 1161 1652 matrimonii,
1183 1575 1263 1641 licet
1280 1576 1383 1658 vulgo

208 1682 329 1746 affines
344 1701 380 1747 se
395 1681 618 1766 compellant:
635 1682 682 1746 ita
696 1701 723 1747 c.
741 1682 771 1746 8.
787 1683 821 1745 h.
847 1685 870 1744 t.
887 1681 927 1744 Et
939 1682 1004 1746 hoc
1022 1682 1197 1746 vinculum
1211 1683 1384 1748 affinitatis

208 1793 346 1853 nonest
365 1790 482 1855 fictum
495 1807 516 1854 a
529 1791 618 1873 jure,
637 1790 724 1854 sicut
738 1789 896 1870 cognatio
911 1787 1030 1870 legalis
1044 1793 1103 1853 aut
1118 1790 1311 1872 spiritualis,
1324 1789 1385 1854 sed

208 1901 261 1960 est
288 1895 454 1972 naturale,
480 1897 612 1961 etiamsi
636 1915 680 1960 ex
702 1894 824 1979 copula
841 1895 958 1960 illicita
979 1896 1117 1973 oriatur,
1144 1897 1385 1981 quiapropter

192 1984 374 2068 ¹unitatem
388 2003 510 2080 camis,
528 2007 697 2088 quotanus
715 2002 864 2087 copulati
886 2004 974 2067 flunt
992 2021 1061 2069 una
1074 2021 1164 2081 caro,
1185 2003 1385 2070 naturaliter

206 2109 369 2175 fundatur
399 2109 555 2196 quaedam
579 2111 726 2176 amicitia
746 2116 780 2174 et
801 2109 1036 2194 propinquitas
1068 2128 1314 2195 personarum,
1346 2114 1384 2173 ut

206 2223 398 2299 agnoscunt
413 2224 534 2300 gentes
556 2220 659 2284 etiam
674 2219 825 2283 barbarae
844 2237 851 2281 :
867 2216 946 2282 licet
959 2219 1106 2283 affinitas
1127 2237 1169 2282 ex
1184 2217 1305 2302 copula
1322 2217 1383 2280 iili-

205 2326 272 2391 cita
283 2346 352 2393 non
365 2327 561 2394 attendatur
571 2327 724 2404 civiliter,
740 2325 852 2412 quoad
863 2327 1096 2392 successiones
1105 2332 1139 2392 et
1148 2325 1232 2391 alios
1241 2325 1383 2390 effectus

203 2433 290 2517 juris
306 2455 314 2498 :
331 2453 398 2519 quo
409 2453 513 2500 sensu
525 2435 741 2518 explicaturi.
758 2435 809 2512 lv,
827 2440 843 2514 ς
856 2435 887 2510 3,
901 2435 931 2511 8,
943 2435 980 2500 ff.
991 2435 1032 2499 de
1043 2435 1182 2502 Gradib.
1197 2442 1230 2497 et
1244 2433 1379 2516 affinio.

246 2541 345 2624 Resp.
360 2543 390 2605 2.
408 2542 588 2608 affinitatis
603 2561 713 2625 genus
729 2548 802 2606 erat
814 2521 954 2626 triplex:
968 2544 1130 2626 primum,
1147 2541 1237 2626 quod
1252 2547 1383 2607 contra-

205 2645 493 2714 hebaturtantum
511 2669 580 2714 una
596 2649 941 2733 personamediante;
958 2650 1115 2727 afferrem,
1128 2647 1220 2734 quod
1230 2647 1380 2726 duabus;

206 2757 358 2834 tertium,
396 2757 486 2842 quod
515 2757 622 2822 tribus
653 2759 810 2842 personis
842 2757 1071 2822 mediantibus
1106 2757 1379 2834 contrahebatur,

206 2864 291 2946 (can.
307 2863 327 2927 3
347 2867 381 2928 et
394 2864 453 2928 fin.
468 2865 519 2941 35,
536 2885 567 2950 q.
583 2865 625 2948 3).
643 2865 692 2928 Sit
711 2863 927 2948 exemplum:
942 2863 1042 2948 Cujus
1060 2866 1166 2930 frater
1184 2882 1283 2930 meus
1304 2883 1382 2931 con·

206 2971 308 3035 traxit
319 2971 455 3055 nuptias
476 2990 554 3037 cum
568 2971 709 3049 Bertha;
724 2978 860 3037 mortuo
876 2970 967 3055 (tajo,
983 2971 1106 3038 Bortha
1120 2971 1290 3037 contraxit
1303 2990 1382 3036 cum

205 3075 306 3154 Titi0;
318 3077 433 3156 Titius,
443 3078 720 3154 mortuaBertha,
731 3079 901 3145 contraxit
913 3097 993 3143 cum
1005 3079 1140 3144 Maeuia:
1154 3079 1190 3143 in
1204 3079 1257 3144 his
1274 3081 1381 3145 trihus

204 3185 450 3262 matrimoniis,
471 3185 594 3250 Bertha
613 3190 666 3250 est
678 3186 761 3250 mihi
784 3187 897 3251 affinis
916 3187 1028 3270 primo
1044 3205 1171 3268 genere
1193 3187 1378 3266 affinitatis,

205 3291 309 3356 'fitius
326 3291 488 3371 secundo,
506 3299 541 3358 et
551 3293 670 3358 Maeuia
685 3293 784 3359 tertio
797 3312 935 3376 genere.
947 3293 1052 3358 Hodie
1068 3292 1257 3359 secundum
1272 3299 1306 3359 et
1316 3300 1381 3360 ter-

206 3399 292 3464 tium
314 3418 423 3482 genus
445 3399 616 3466 sublatum
631 3401 700 3478 test,
718 3405 753 3466 et
775 3402 941 3466 remansit
959 3401 1072 3466 solum
1095 3401 1244 3483 primum
1268 3420 1380 3482 genus

205 3506 379 3572 affinitatis
395 3509 434 3592 (c.
451 3507 515 3572 8h.
534 3509 581 3591 t).
596 3507 663 3572 Nec
676 3507 868 3573 audiendus
886 3514 939 3572 est
958 3507 1192 3572 Schneidewin
1210 3508 1380 3591 excipiens

205 3618 406 3684 affinitatem
420 3617 560 3684 secundi
577 3620 713 3700 generis
728 3620 764 3683 in
776 3619 869 3684 linea
883 3625 975 3684 recta
994 3639 1055 3702 per
1068 3619 1090 3682 l.
1107 3617 1172 3695 XV,
1189 3619 1225 3683 fi.
1242 3619 1283 3684 de
1300 3621 1381 3686 Ritu

203 3725 342 3811 nupt.;l.
353 3726 404 3805 IV,
416 3727 470 3806 §7,
482 3727 719 3794 ff..deGradid.
732 3735 766 3791 et
776 3728 922 3810 afficit,
937 3745 1017 3793 nam
1024 3730 1103 3811 jura
1112 3728 1179 3792 ista
1189 3729 1300 3792 civilia
1310 3747 1380 3793 non

204 3839 375 3912 curantur,
398 3833 480 3900 dum
502 3837 560 3919 jus
581 3854 702 3900 canon.
727 3835 826 3900 aliter·
847 3836 996 3920 disponit
1022 3855 1064 3900 ex
1087 3838 1260 3901 communi
1282 3836 1379 3902 intel-

203 3940 293 4005 lectu
303 3942 369 4007 DD.
380 3962 387 4019 ;
398 3942 488 4025 quia,
498 3961 576 4007 cum
591 3943 808 4008 matrimonia
825 3942 925 4007 solita
936 3943 1004 4007 sint
1013 3943 1165 4008 contrahi
1178 3944 1213 4008 in
1228 3944 1378 4009 secundo

202 4067 329 4131 genere
345 4050 516 4114 affinitatis
531 4049 631 4114 lineae
645 4056 761 4127 reeta,
778 4051 931 4116 reductio
951 4051 1186 4133 impedimenti
1203 4051 1378 4116 affinitatis

202 4156 244 4222 ad
258 4157 407 4240 primum
420 4175 530 4239 genus
543 4143 749 4238 generaliter
768 4163 821 4222 ost
835 4157 1058 4239 intelligendu
1078 4159 1113 4222 in
1132 4157 1224 4223 linea
1236 4164 1330 4224 recta
1344 4163 1379 4223 et

203 4267 396 4330 transversa
415 4283 423 4328 :
441 4264 530 4330 unde
544 4266 645 4329 hodia
665 4265 719 4330 vir
738 4269 853 4349 potest
866 4265 989 4331 ducere
1005 4283 1188 4332 novercam
1209 4266 1266 4332 vel
1278 4266 1378 4349 privi-

200 4390 305 4453 gnam
322 4373 440 4439 uxoris
454 4391 525 4438 sum
542 4373 719 4440 defuncta.
