3388 5582
503 588 591 636 masa
612 586 740 644 colurus
761 585 983 636 nrcaarrnron.
1277 569 1335 636 693

161 708 394 793 praferendus
409 710 462 774 est
475 707 656 783 naturalis;
672 725 753 772 nam
769 707 970 789 significatio
981 706 1145 771 naturalis
1161 711 1214 772 est
1225 708 1336 788 magis

161 819 316 899 propria;
333 817 367 881 4⁰
381 818 487 882 verba
500 815 722 897 intelligenda
737 820 817 880 sunt
828 815 1016 880 secundum
1029 832 1169 880 sensum
1186 833 1336 880 commu·

162 943 243 990 nem
253 929 288 989 et
300 924 506 990 modernum
518 923 681 1008 loquendi
694 941 807 1001 usum,
817 923 902 988 adeo
912 927 951 987 ut
964 928 1145 1007 propterea
1155 923 1337 1007 aliquando

133 1072 138 1082 ι
162 1033 392 1099 recedendum
413 1033 494 1097 sita
514 1033 762 1114 significatione
781 1033 955 1116 primaeva.
979 1032 1076 1096 Ratio
1100 1036 1162 1108 est,
1181 1031 1260 1115 quia
1276 1050 1339 1115 per

163 1160 264 1206 usum
273 1146 307 1206 et
316 1139 526 1205 intellectum
534 1157 754 1205 communem
767 1140 951 1204 verborum
962 1140 1238 1221 significationes,
1251 1140 1340 1204 sicut

163 1253 253 1313 notae
267 1254 358 1325 sunt,
374 1247 421 1312 sic
436 1248 631 1313 exolescere
648 1251 682 1311 at
695 1248 822 1312 mutari
836 1247 958 1312 solent.

205 1357 316 1422 Tertia
332 1355 462 1440 reputa.
482 1379 497 1412 «
512 1355 622 1420 Verba
642 1353 800 1438 specialia
816 1352 893 1438 plus
913 1359 1098 1438 operantur
1113 1373 1217 1438 quam
1235 1372 1339 1436 gene-

162 1461 256 1540 ralia,
273 1488 288 1522 a
308 1465 388 1547 quia
407 1463 581 1546 expressio
602 1462 757 1547 specialis
772 1462 882 1542 magis
900 1460 1049 1526 declarat
1066 1465 1217 1526 ruentem
1230 1461 1339 1545 dispo·

163 1573 275 1637 nentis
299 1589 402 1656 quam
426 1569 606 1652 generalis.
631 1570 684 1635 Sic
708 1571 839 1655 species
862 1571 1004 1652 derogat
1026 1571 1156 1651 generi.
1181 1570 1340 1654 Sequitur

163 1681 255 1765 quod
281 1681 386 1745 verba
412 1679 586 1760 geminata
611 1677 807 1762 plusquam
831 1677 995 1761 simplicia
1030 1682 1232 1762 operantur,
1261 1697 1339 1742 cum

161 1787 284 1872 majori
298 1787 410 1852 studio
425 1787 652 1870 proterantur.

204 1896 334 1977 Quarta
347 1894 477 1977 rapula.
510 1893 645 1959 «Verba
660 1893 761 1960 dubia
771 1900 890 1960 contra
904 1896 1136 1980 proferentem
1146 1899 1228 1960 sunt
1237 1890 1340 1959 inter·

162 2003 336 2085 pretanda.
351 2027 366 2060 a
382 2001 479 2067 Ratio
494 2006 556 2079 est,
574 2002 653 2087 quia
667 2003 702 2066 in
716 2004 920 2086 proterentis
932 2008 1102 2087 potestate
1117 2007 1170 2068 est
1184 2007 1337 2066 mentem

165 2128 263 2174 suam
278 2109 426 2192 apertius
446 2108 629 2174 declarare.
650 2109 727 2174 llaec
747 2110 868 2191 regula
889 2109 982 2176 rdet
1002 2111 1037 2175 in
1051 2111 1282 2180 ‚contractibus
1306 2115 1340 2174 at

164 2219 200 2282 in
212 2217 480 2301 probationibus,
505 2235 576 2282 non
589 2235 671 2282 vero
685 2218 721 2281 in
735 2219 913 2284 sententiis
929 2219 1086 2303 judicum
1106 2223 1141 2285 et
1158 2219 1193 2283 in
1210 2218 1339 2283 actibus

160 2323 387 2409 judicialibus.
995 2397 1000 2408 ¹
1156 2389 1159 2396 ,

206 2434 469 2518 Quinturepulc.
484 2433 619 2499 «Verba
631 2433 757 2498 debent
771 2432 1002 2516 intelligioum
1014 2435 1148 2512 ellectu,
1162 2453 1223 2499 seu
1235 2439 1272 2498 ut
1282 2434 1341 2499 ali-

164 2542 246 2626 quid
264 2547 449 2624 operentur
467 2546 503 2606 et
526 2561 596 2607 non
617 2543 685 2606 sint
706 2543 888 2625 superllua.
911 2569 927 2602 »
946 2543 1016 2608 lloc
1037 2542 1190 2626 procedit
1216 2543 1339 2608 tamin

163 2648 296 2732 legibus
318 2650 583 2733 interpretandis
607 2667 711 2732 quam
733 2651 770 2713 in
791 2651 1040 2728 instrumentis,
1065 2651 1191 2714 tamin
1213 2651 1340 2716 odiosis

164 2777 266 2842 quam
279 2758 315 2821 in
330 2757 584 2822 favorabilibus.

204 2864 312 2930 Sexta
327 2863 456 2948 reputa.
475 2887 491 2921 a
506 2862 545 2927 ln
562 2863 674 2938 dubio,
687 2863 745 2928 illa
759 2861 960 2944 significatio
977 2863 1248 2948 estpraelerenda
1262 2883 1337 2947 quae

163 2988 234 3035 non
250 2970 392 3051 derogat
402 2970 472 3053 juri
485 2970 575 3036 tertii
587 2973 660 3054 jam
675 2971 834 3053 quaesito;
847 2971 895 3035 ita
908 2975 946 3034 ut
959 2971 1003 3035 ad
1016 2972 1241 3036 avertendum
1254 2992 1349 3065 prae-0

161 3078 328 3160 judicium
346 3079 433 3162 Juris
453 3079 552 3144 tertio
573 3081 715 3163 quesiti,
733 3081 838 3145 verba
852 3079 956 3144 etiarn
974 3080 1157 3164 improprie
1174 3080 1340 3145 sumenda

165 3187 243 3249 sint.
262 3210 278 3244 »
292 3185 378 3251 ltenr
393 3191 431 3252 ut
444 3187 591 3251 evitetur
607 3185 767 3270 quaelibet
782 3187 953 3271 iniquitas.

206 3293 360 3378 Septima
372 3293 503 3380 reputa.
517 3319 532 3352 «
542 3293 581 3358 ln
592 3295 685 3359 ornni
698 3295 918 3378 dispositione
928 3296 1033 3359 verba
1043 3300 1124 3359 sunt
1132 3295 1341 3360 concilianda

165 3401 290 3478 verbis,
305 3420 366 3466 seu
381 3402 429 3466 ita
443 3401 642 3486 explicanda
652 3406 690 3465 ut
702 3403 923 3468 contradictio
937 3401 995 3467 vel
1006 3401 1094 3485 Juris
1107 3403 1270 3467 correctio
1285 3421 1340 3467 ex-

165 3507 330 3573 cludatur.
342 3534 359 3567 »
374 3511 479 3575 Nemo
496 3510 588 3575 enim
602 3514 762 3575 censetur
776 3508 965 3574 idemvelle
980 3515 1015 3573 et
1029 3509 1131 3574 nolle.
1150 3509 1233 3574 llinc
1247 3511 1278 3573 1ο
1292 3511 1340 3574 ita

166 3621 247 3680 sunt
263 3617 493 3700 intelligenda,
511 3623 549 3684 ut
563 3623 754 3684 consonent
769 3616 1040 3701 praecedentibus
1055 3623 1090 3681 et
1105 3618 1341 3702 subsequenti-

164 3724 245 3800 bus;
262 3725 295 3788 2⁰
310 3726 399 3789 sumi
418 3724 544 3792 debent
561 3731 601 3790 ut
616 3745 637 3792 a
650 3726 891 3794 communibus
907 3725 994 3808 juris
1010 3724 1138 3806 regulis
1158 3744 1261 3808 quarn
1278 3725 1341 3789 mi-

165 3832 258 3897 nima
273 3833 445 3897 recedant.
