3418 5566
558 653 644 700 uasa
665 655 793 710 cunnus
812 653 1034 702 uuunsrsuruu.
1325 637 1382 701 341
1508 705 1510 719 ,

213 778 256 844 ad
270 781 397 843 statum
408 775 562 842 laicalem
577 778 632 843 vel
651 779 755 843 etiam
776 778 994 862 conjugalem
1015 782 1156 853 temere,
1171 794 1233 840 seu
1247 773 1385 859 propria

211 883 422 962 auctoritate,
435 903 470 951 se
482 887 700 951 transierunt.
718 885 751 952 Si
764 887 905 952 clericus
921 887 965 950 sit
980 889 1114 949 tantum
1121 884 1310 948 minoribus
1322 883 1384 949 ini·

211 995 313 1059 tiatus
329 998 364 1057 et
377 993 581 1058 beneficium
594 1011 665 1058 non
677 995 811 1071 habeat,
838 999 970 1058 certum
990 981 1042 1057 est
1059 993 1157 1056 illum
1178 993 1384 1076 apostasiam

210 1123 281 1170 non
293 1103 517 1178 committere,
533 1104 560 1167 si
575 1109 725 1168 transeat
741 1104 783 1168 ad
797 1104 934 1186 nuptias
948 1103 1003 1168 vel
1019 1106 1147 1166 statum
1162 1099 1382 1166 saecularem:

156 1283 157 1291 ,
210 1213 267 1278 ille
281 1213 373 1278 enim
387 1212 511 1277 retinet
520 1212 716 1278 facultatem
724 1213 923 1278 transeundi
933 1212 975 1277 ad
981 1207 1383 1276 conversationemlaica·

209 1320 302 1398 lem;
324 1322 447 1386 sivero
467 1321 673 1388 beneficium
694 1319 1006 1398 habeat,nonnulli
1028 1319 1146 1384 dicum
1167 1318 1271 1382 talem
1289 1335 1383 1382 rece·

211 1429 348 1494 dentem
364 1447 438 1494 esse
451 1433 657 1512 apostatam
672 1428 732 1495 sed
746 1429 961 1495 communior
976 1428 1146 1493 sententia
1164 1429 1279 1508 negat,
1304 1425 1383 1508 quie
1427 1484 1432 1496 .

210 1538 347 1606 ordines
368 1539 518 1604 minores
539 1557 618 1605 cum
640 1539 774 1623 adjecto
799 1539 965 1604 beneflcio
991 1557 1062 1603 non
1083 1537 1296 1602 constituunt
1316 1537 1383 1598 sta-

210 1651 285 1710 tum
298 1647 513 1729 obligationis
525 1653 739 1732 perpetuum,
757 1667 818 1713 seu
833 1651 960 1712 statum
975 1645 1140 1722 stabilem,
1155 1663 1233 1710 cum
1255 1643 1382 1708 beneti-
1406 1671 1410 1678 ·

208 1763 299 1829 cium
314 1763 437 1829 dimitti
446 1765 554 1848 possit
567 1764 640 1830 sina
654 1770 804 1850 peccato.
930 1851 933 1857 Ι

248 1873 280 1935 2⁰
294 1871 406 1938 Poenae
422 1877 503 1938 sunt
515 1874 681 1958 imprimis
697 1874 1003 1940 excommunicatio
1018 1875 1140 1956 major,
1152 1872 1213 1937 sed
1232 1870 1382 1936 lerendae

208 1981 398 2058 sententiae,
414 1999 457 2046 ex
470 1999 542 2065 cap.
555 1982 574 2045 3
588 1982 659 2065 huj.
676 1983 739 2058 tit,
757 1999 796 2047 ae
811 1982 952 2066 proinde
973 1985 1051 2064 post
1077 1980 1207 2044 debitas
1226 1979 1383 2043 monitio-

206 2108 284 2165 nes;
308 2088 368 2154 sed
386 2089 414 2152 si
437 2093 591 2172 apostata
605 2089 640 2154 in
662 2091 764 2154 sacris
786 2089 961 2154 ordinibus
983 2090 1187 2154 constitutus
1207 2087 1382 2151 matrimo-
1440 2104 1445 2115 ·

206 2197 303 2261 nium
317 2197 518 2261 contrahere
532 2197 797 2280 praesumpserit,
819 2198 892 2281 ipso
910 2200 987 2280 jura
1006 2197 1042 2260 in
1061 2194 1382 2260 excommunicatio-

206 2323 287 2369 nem
299 2303 433 2369 incidit:
444 2322 519 2387 quae
535 2309 649 2369 tamen
663 2323 733 2369 non
749 2295 801 2368 est
812 2309 986 2370 reservata
997 2304 1137 2368 Summo
1146 2303 1310 2378 Pontifici,
1320 2301 1380 2367 sed
1409 2323 1411 2326 ·

207 2418 341 2477 tantum
362 2414 545 2496 episcopo:
569 2413 616 2476 ita
633 2416 690 2496 jus
712 2414 815 2498 antiq.
839 2418 873 2476 et
888 2414 1023 2477 constit.
1047 2411 1246 2496 Apostolicac
1269 2410 1378 2477 Sedis.

206 2521 320 2585 Altera
337 2537 439 2603 poena
461 2524 513 2584 est
525 2520 676 2596 inlamia,
700 2539 803 2603 quam
823 2521 897 2602 ipso
911 2522 1001 2585 lacto
1015 2522 1166 2592 incurrit,
1184 2539 1222 2585 ac
1237 2518 1379 2603 proinde

206 2628 305 2692 tertia
318 2647 421 2711 poena
435 2628 498 2692 erit
509 2627 665 2712 quaedam
678 2627 910 2709 irregularitas
926 2633 1000 2692 orta
1011 2647 1054 2692 ex
1068 2629 1218 2692 infamia.
1240 2627 1318 2691 llaec
1333 2631 1380 2691 ta·

203 2755 284 2800 men
297 2753 368 2800 non
384 2739 437 2799 est
450 2735 682 2816 irregularitas
697 2737 832 2820 proprie
842 2737 939 2813 dicta,
949 2737 1015 2801 nisi
1026 2737 1379 2802 matrimoniumcon-

203 2844 337 2908 trahere
353 2846 536 2907 attentaret
550 2847 724 2925 apostata;
753 2862 820 2927 quo
841 2862 922 2908 casu
944 2843 1140 2925 irregularis
1157 2842 1318 2910 evaderet
1335 2843 1379 2907 ob

204 2951 389 3032 bigamiam
402 2949 720 3015 similitudinariam.
733 2951 883 3015 Tandem
897 2952 926 3014 si
938 2953 1038 3016 tertia
1050 2953 1125 3018 viee
1148 2951 1378 3017 commonitus

203 3059 358 3124 habitum
377 3076 448 3122 non
465 3060 738 3142 reassumpserit,
754 3060 971 3143 privilegium
990 3062 1130 3127 canonis
1150 3063 1284 3126 amittet
1302 3063 1341 3144 (c.
1360 3061 1376 3124 l

203 3168 277 3251 huj.
294 3167 368 3248 tit).

421 3327 462 3378 111.
479 3329 518 3378 lta
530 3325 671 3390 apostasia
685 3337 702 3378 a
716 3325 852 3392 religione
864 3337 914 3378 seu
930 3327 1005 3380 statu
1021 3326 1159 3391 religioso.

244 3473 267 3536 l.
286 3470 377 3553 Quid
384 3471 401 3536 ?
417 3472 450 3554 o)
464 3470 521 3556 Est
536 3470 734 3536 omnimoda
748 3470 903 3546 delectio,
918 3473 1101 3538 criminosa
1116 3473 1290 3550 discessio,
1306 3475 1377 3538 sive

203 3581 404 3646 temerarius
417 3596 573 3644 recessus
587 3597 607 3643 a
622 3581 713 3642 statu
728 3579 887 3660 religioso
897 3597 959 3664 per
969 3581 1217 3663 professionem
1230 3586 1379 3646 autvota
1428 3570 1430 3573 ’

203 3688 376 3770 religionis
391 3686 626 3753 substantialia
641 3687 737 3763 inito,
754 3687 828 3753 siue
841 3689 1017 3772 preposito
1032 3690 1199 3755 redeundi
1222 3691 1265 3756 ad
1279 3710 1378 3774 regu-

203 3797 273 3861 lare
285 3796 480 3861 institutum
494 3795 550 3860 vel
562 3814 641 3860 cum
651 3796 826 3878 proposito
838 3815 907 3861 non
918 3797 1094 3862 redeundi.
1110 3799 1280 3882 Apostatae
1295 3819 1378 3882 ergo
1394 3783 1398 3790 ’

203 3909 369 3969 vocantur
388 3902 435 3967 illi
458 3903 607 3985 religiosi
631 3904 689 3987 qui
714 3908 854 3981 temere,
880 3923 1020 3988 prorsus
1047 3907 1180 3989 abjecto
1212 3908 1379 3989 regularis

203 4014 281 4078 vitae
291 4014 476 4097 proposito,
494 4013 656 4077 deserunt
669 4013 863 4077 institutum
874 4013 968 4095 (Vide
981 4020 1063 4078 tom.
1081 4013 1120 4091 ll,
1133 4034 1165 4097 p.
1177 4015 1236 4080 lar
1249 4019 1377 4100 etseq.)

245 4121 274 4203 b)
287 4121 518 4204 Quidproecz'se
529 4122 735 4204 requeratur,
747 4128 785 4184 ut
796 4121 870 4204 quis
880 4123 1105 4186 constituatur
1114 4141 1212 4186 verus
1221 4131 1380 4207 apostata

206 4248 227 4292 α
245 4229 428 4310 reliqiocc?

245 4337 276 4399 l⁰
293 4336 461 4420 Imprimis
475 4338 659 4420 requiritur
678 4343 717 4401 ut
735 4340 810 4422 quis
832 4357 945 4422 opere,
967 4344 1002 4403 et
1018 4359 1089 4403 nou
1103 4345 1237 4404 tantum
1251 4341 1377 4417 anime,

206 4445 248 4508 ab
263 4444 376 4529 aliqua
389 4445 554 4527 religione
569 4447 754 4530 approbata
766 4465 827 4530 per
843 4447 966 4512 Sedem
983 4449 1212 4532 apostolicam
1226 4449 1378 4526 recedat;

206 4551 348 4616 undosi
372 4551 447 4636 quis
466 4554 587 4617 luisset
611 4555 785 4636 protessus
811 4555 847 4618 in
869 4555 1033 4637 religione
1057 4575 1127 4620 non
1152 4557 1337 4640 approbata
1361 4539 1391 4622 a

206 4659 328 4726 Sancta
343 4660 439 4734 Sede,
456 4677 527 4724 non
542 4666 632 4725 esset
646 4663 781 4744 proprie
797 4667 961 4745 apostata.
976 4662 1028 4727 An
1044 4663 1086 4728 ad
1101 4665 1191 4726 hunc
1205 4682 1380 4728 recessum

207 4767 399 4850 requiratur
419 4772 457 4830 ut
477 4772 633 4852 apostata
658 4768 806 4834 dimittat
829 4769 1004 4833 habitum?
1026 4770 1100 4835 Non
1122 4771 1381 4836 consentiebant
