3514 5564
557 593 643 640 nisan
665 585 801 648 cosmus
821 583 1040 638 narraremus.
1350 576 1389 641 93

215 709 404 794 composito
426 709 600 792 religionis
621 711 818 793 dispensare
837 710 945 793 possit
964 709 1005 775 ad
1024 709 1293 788 matrimonium,
1310 728 1389 776 cum

214 819 305 882 istud
327 819 400 884 solo
422 821 499 901 jure
520 819 693 901 pontifloio
717 818 968 902 incompatibile
990 824 1082 884 esset
1101 835 1179 882 cum
1201 823 1290 882 statu
1312 819 1389 883 reli-

214 927 331 1008 gioso:
349 927 488 1011 sequela
501 932 617 992 autem
629 928 694 992 ista
707 935 759 992 est
769 932 888 994 contra
902 931 1089 992 torrentem
1104 926 1168 989 llll.
1186 932 1220 992 et
1235 911 1388 1011 apertam

215 1034 448 1100 definitionem
475 1037 600 1120 cap06,
625 1036 711 1101 Cum
728 1037 777 1101 ad
794 1037 1054 1113 monasterium,
1077 1037 1112 1099 in
1137 1036 1196 1099 fln.
1221 1035 1262 1100 de
1284 1035 1388 1100 Statu

212 1142 381 1220 Mendela,
401 1143 459 1207 ubi
481 1143 554 1208 lnn.
575 1142 618 1208 lll
637 1145 769 1222 asserit,
790 1149 853 1209 net
872 1145 997 1227 Papam
1015 1144 1213 1228 dispensare
1231 1143 1387 1227 possein

212 1255 411 1335 paupertate
433 1257 469 1316 et
484 1251 638 1316 castitate
654 1252 834 1334 religiosa;
855 1271 932 1335 quae
955 1251 1106 1316 definitio
1132 1252 1175 1317 ad
1201 1252 1315 1316 minus
1337 1250 1388 1314 in-

212 1358 396 1441 telligenda
417 1366 469 1426 est
484 1360 525 1425 de
547 1361 802 1444 dispensatione
826 1362 862 1426 in
879 1379 981 1426 sensu
997 1361 1186 1445 composito
1198 1359 1384 1442 religionis.

212 1467 370 1551 Sequitur
384 1469 416 1534 3⁰
437 1469 528 1554 quod
545 1469 697 1551 religiosi
715 1475 878 1554 apostata
898 1471 934 1535 in
949 1469 1033 1536 locis
1053 1469 1302 1548 hereticorum,
1330 1469 1386 1534 uhi

210 1574 372 1661 pleraque
398 1577 646 1661 impedimenta
672 1578 893 1653 matrimonii,
919 1580 997 1659 jure
1028 1577 1255 1642 ecclesiastico
1283 1579 1389 1643 intro·

212 1684 322 1762 ducta,
349 1685 513 1768 abrogata
536 1691 627 1762 sunt,
648 1685 758 1750 valide
778 1685 1035 1751 matrimonium
1052 1685 1256 1751 contrahant
1271 1705 1278 1749 :
1296 1685 1387 1770 quod

208 1792 333 1859 falsum
349 1812 424 1860 esse
439 1795 553 1878 praxis
567 1795 730 1860 continua
743 1795 898 1860 Ecclesia
912 1794 1019 1870 docet,
1035 1798 1099 1859 etc.

246 1929 310 2004 cuj.
330 1933 357 1988 Ρ
369 1933 440 1990 lure
456 1929 596 2002 naturali,
612 1931 715 1990 eadem
731 1947 779 1990 res
796 1931 884 1990 modo
898 1931 1018 1990 diverso
1032 1931 1171 2004 pluribus
1185 1931 1261 1990 tradl
1276 1935 1386 2004 potest,

209 2018 289 2076 sicut
309 2035 415 2078 servus
437 2020 564 2079 traditur
585 2021 708 2098 domino
735 2027 764 2080 et
782 2022 885 2094 uxori;
906 2035 978 2096 ergo
993 2025 1023 2079 et
1037 2020 1216 2094 religiosus,
1231 2019 1285 2092 qui
1299 2019 1386 2078 titulo

207 2108 363 2184 religionis
378 2109 499 2167 tradidit
510 2125 620 2183 corpus
634 2113 704 2181 fleo,
720 2117 816 2184 potest
828 2111 901 2169 illud
912 2111 998 2168 titulo
1008 2109 1134 2185 justitiae
1152 2109 1268 2168 tradere
1286 2108 1385 2167 uxori.

207 2205 237 2258 2⁰
250 2204 358 2260 Votum
376 2201 552 2276 religiosum
568 2203 702 2262 solemne
719 2203 765 2262 vel
782 2203 895 2262 dirimit
910 2202 1151 2273 matrimonium,
1165 2208 1200 2261 ct
1211 2207 1312 2261 cotum
1329 2207 1384 2271 cst,

206 2288 253 2348 vel
267 2295 302 2348 ct
320 2287 451 2348 solenne
466 2297 526 2348 est:
545 2306 606 2348 uon
621 2291 767 2365 primum:
784 2291 859 2350 alias
876 2305 964 2348 omne
979 2296 1082 2348 votum
1102 2290 1248 2350 castitatis
1264 2289 1386 2348 dirimo·

110 2445 115 2454 Ι
207 2384 252 2436 ret
266 2378 508 2450 matrimoniuu13
525 2381 779 2454 ergosecundum
797 2399 803 2436 :
821 2380 997 2440 solemnitas
1010 2387 1109 2440 autem
1121 2385 1258 2438 votorum
1271 2395 1308 2438 ex
1320 2380 1387 2438 sola

206 2468 420 2527 constitutione
434 2467 573 2528 Ecclesia
588 2469 710 2529 inventa
723 2476 769 2530 est
779 2469 815 2544 (c.
825 2485 878 2528 un.
894 2469 930 2528 de
945 2471 1023 2542 Vota,
1040 2471 1070 2527 in
1085 2470 1135 2542 tt).
1152 2474 1182 2528 3⁰
1195 2470 1384 2528 Votumsim-

194 2557 284 2630 plex,
299 2556 404 2616 saltem
418 2558 593 2632 religiosum
612 2559 643 2617 in
660 2561 725 2618 Soc.
741 2561 766 2616 l.
781 2559 818 2618 ab
837 2560 1003 2619 intrinseco
1024 2574 1084 2618 non
1099 2559 1199 2618 differt
1220 2575 1239 2618 a
1257 2559 1385 2618 solemni

207 2661 259 2719 per
278 2663 303 2705 c.
320 2651 336 2704 6
351 2648 380 2706 lr.
402 2655 423 2706 t.
439 2654 469 2707 et
482 2649 602 2709 constit.
619 2651 706 2726 drag.
724 2651 783 2708 llllf
798 2649 1091 2724 insusurrantem
1106 2651 1242 2721 Domino,
1264 2649 1315 2708 uhi
1332 2649 1384 2706 do·

207 2736 299 2796 clarat
318 2737 515 2798 scholasticos
539 2745 567 2798 et
586 2739 776 2814 coadjutores
802 2754 862 2798 non
896 2739 1037 2798 formales
1058 2741 1087 2798 S.
1114 2743 1140 2800 J.
1167 2752 1328 2798 asserere
1356 2743 1385 2796 et

206 2824 325 2900 proprie
341 2829 517 2902 religiosos;
535 2845 596 2888 cort
610 2843 695 2888 secas
709 2845 745 2888 ae
756 2831 836 2902 ipsos
851 2835 914 2890 tom
925 2831 1093 2900 societatis,
1109 2835 1172 2890 tum
1185 2829 1316 2888 atnam
1336 2841 1383 2886 rc-

205 2917 358 2990 calcrtcm
368 2919 531 2992 professos.
547 2923 577 2978 4⁰
597 2919 674 2978 Olim
689 2921 836 2993 professio
851 2919 994 2994 religiosa
1013 2933 1072 2977 non
1095 2918 1254 2978 dirimebat
1274 2917 1382 2976 subse·

205 3021 302 3078 quens
317 3009 541 3067 matrimonium
556 3009 633 3084 (can.
648 3014 694 3080 22,
708 3014 753 3080 ti,
768 3025 836 3068 cum
851 3023 914 3082 seq.
930 3015 976 3080 27,
996 3024 1026 3082 q.
1046 3011 1085 3082 t);
1102 3023 1174 3084 ergo
1186 3008 1382 3081 impedimen-

205 3102 270 3155 tum
285 3097 363 3156 istud
374 3097 462 3156 hodie
476 3097 603 3157 habetur
616 3115 653 3157 ex
667 3099 731 3158 solo
745 3099 812 3172 jure
828 3099 1041 3158 ecclesiastico.

240 3191 328 3260 Resp.
346 3188 382 3246 ad
401 3193 424 3245 t.
441 3188 516 3247 Dist.
535 3193 595 3246 ant.
616 3189 728 3247 :modo
743 3186 877 3258 diverso,
893 3188 950 3246 hoc
969 3195 1029 3258 est,
1046 3189 1212 3247 secund-um
1228 3187 1382 3246 diversum
1435 3209 1440 3222 ·

202 3277 264 3350 jue,
275 3293 301 3336 c.
313 3293 353 3351 a.;
363 3279 452 3336 modo
464 3279 593 3350 diverso,
608 3277 665 3336 hoc
678 3285 734 3349 est,
749 3293 786 3336 ex
800 3291 902 3348 causa,
919 3284 948 3334 et
962 3277 1049 3334 titulo
1064 3278 1193 3354 diuerso,
1209 3292 1239 3334 n.
1254 3293 1293 3346 a.;
1304 3276 1380 3334 alias

204 3367 255 3438 qui
272 3366 359 3426 titulo
373 3366 540 3440 relictoue,
557 3383 585 3424 v.
606 3381 635 3442 g.
657 3382 693 3424 ex
712 3371 780 3424 voto
800 3365 921 3424 tradidit
937 3366 1078 3424 Ecclesia
1097 3371 1217 3426 eentum
1237 3365 1379 3436 florenos,

203 3462 307 3528 posset
322 3456 429 3515 deinde
444 3456 512 3516 illos
527 3456 614 3516 tttcto
624 3457 757 3530 justitia
770 3455 886 3514 tradere
900 3455 986 3514 alteri
1000 3454 1151 3524 creditori,
1167 3459 1197 3513 et
1211 3455 1298 3515 tituto
1308 3468 1379 3528 pru-

204 3544 344 3604 titcdiois
358 3545 445 3604 tertio
459 3545 652 3604 benefactori.
668 3549 722 3604 list
737 3561 809 3620 ergo
824 3545 1021 3618 aequivocatio
1035 3545 1067 3604 in
1085 3545 1213 3602 termino
1231 3543 1317 3603 modo
1334 3543 1379 3602 di-

202 3647 310 3704 cerso‚·
333 3649 401 3692 nam
417 3635 443 3693 si
460 3634 643 3709 intelligatur
658 3635 780 3708 praecise
793 3635 1022 3706 causadiversa,
1037 3649 1090 3694 seu
1103 3634 1243 3693 diversus
1259 3633 1377 3704 titulus,

203 3723 313 3782 falsum
337 3731 384 3784 est
407 3740 470 3783 rem
495 3726 547 3783 uni
568 3726 658 3798 pleno
679 3726 747 3799 iure
776 3725 914 3784 traditam
938 3741 1028 3798 posse
1052 3725 1136 3784 alteri
1159 3725 1236 3785 tradi
1259 3725 1379 3784 diverso

203 3814 304 3885 titulo;
321 3821 353 3872 ut
369 3820 448 3888 patet
459 3813 496 3873 ab
511 3815 656 3890 exemplis
667 3815 765 3874 allatis
778 3821 808 3873 et
822 3815 964 3874 omnibus
982 3815 1084 3874 causis
1099 3830 1154 3874 seu
1172 3815 1269 3874 titulis
1283 3821 1378 3873 trans·

202 3905 302 3963 latius
321 3904 457 3962 dominii.
480 3905 509 3963 Si
526 3919 596 3963 vero
613 3904 799 3980 intelligatur
817 3903 967 3964 divarum
977 3905 1045 3978 jus,
1063 3919 1167 3962 verum
1183 3911 1230 3964 est
1243 3905 1377 3963 eamdem

202 4009 265 4052 rem
279 3993 418 4067 pluribus
438 3993 513 4054 tradi
531 4009 636 4068 posse3
657 3995 737 4053 sicut
750 3995 803 4053 uui
817 3995 893 4054 tradi
910 3999 1009 4068 potest
1028 3995 1209 4069 proprietas,
1225 3994 1310 4054 alteri
1324 3994 1378 4052 do-

202 4085 328 4143 minium
345 4085 418 4142 utile
431 4091 483 4143 aut
499 4085 704 4154 ususfructus,
721 4085 807 4143 tertio
822 4101 912 4157 usus,
927 4093 983 4144 etc.
1000 4089 1033 4143 ut
1047 4087 1092 4145 sic
1106 4085 1215 4146 accidit
1227 4086 1257 4143 in
1271 4099 1374 4145 seruo:

201 4189 270 4232 nam
285 4173 312 4232 is
329 4174 456 4233 traditus
469 4178 516 4232 est
533 4173 655 4232 domino
670 4175 769 4247 quoad
792 4189 900 4247 operas
920 4180 949 4233 et
961 4175 1086 4234 eftectus
1101 4175 1204 4232 civiles
1217 4173 1375 4232 dominica

201 4265 339 4337 potestati
363 4263 540 4338 subjectos;
564 4269 593 4322 at
619 4264 717 4337 quoad
738 4265 790 4337 jus
812 4265 913 4323 utendi
929 4279 1052 4338 corpore
1073 4279 1125 4336 per
1139 4263 1374 4338 generationem,

201 4369 260 4412 non
271 4360 319 4412 est
331 4354 460 4412 traditus
470 4353 603 4426 domiuo,
614 4369 711 4428 neque
721 4353 834 4427 hocius
846 4353 951 4414 subest
963 4355 1102 4426 potestati
1113 4352 1374 4423 dominieae;alias

199 4444 340 4504 domiuus
360 4444 403 4503 uti
419 4447 524 4516 posset
539 4457 663 4514 corpore
678 4442 809 4513 ancillae,
824 4449 854 4501 et
874 4443 996 4502 domina
1010 4457 1133 4515 corpore
1152 4442 1246 4512 servi3
1261 4447 1291 4499 et
1308 4440 1374 4500 ideo

200 4548 305 4593 servus
321 4534 419 4608 quoad
434 4533 491 4591 hoc
502 4533 661 4606 juspotest
676 4547 709 4590 se
723 4532 837 4591 tradere
851 4532 947 4590 uxori.
958 4535 1085 4590 Econtra
1096 4531 1259 4606 religiosus
1274 4531 1372 4603 quoad

196 4625 247 4698 jus
262 4623 397 4696 corporis
419 4623 467 4682 sui
490 4621 576 4694 plone
595 4627 624 4680 at
642 4636 696 4693 pro
717 4627 859 4694 perpetuo
882 4637 935 4694 per
954 4621 1174 4693 professionem
1197 4621 1320 4680 tradidit
1340 4637 1373 4679 so

198 4716 274 4782 Deo,
297 4719 326 4770 et
349 4712 486 4787 religioni
508 4710 595 4770 titulo
617 4711 773 4786 religionis
794 4710 887 4770 mixto
908 4725 977 4768 cum
998 4709 1084 4767 titulo
1107 4709 1230 4784 justitie
1257 4710 1374 4776 ratione
