3388 5582
425 564 486 633 alu
885 585 936 632 rus
956 583 1138 632 1111111111.

426 707 479 760 111
493 703 612 760 tandem
627 704 690 776 qui,
707 703 775 762 licet
786 705 890 762 sclrola
904 704 1051 763 catholica
1065 705 1095 765 in
1112 703 1217 762 eodem
1234 703 1300 762 loco
1312 702 1420 762 idonea
1434 702 1510 762 adsit
1520 709 1582 776 apte·

427 807 486 863 que
496 793 644 850 instructa
651 799 680 850 et
688 799 799 865 parata,
815 808 869 851 seu
883 795 1021 867 quamvis
1037 793 1210 854 facultatem
1225 793 1355 852 babeant
1370 794 1400 852 11
1416 793 1582 866 aliaregione

428 883 539 954 prolem
562 883 704 941 catholice
730 883 887 952 educandi,
905 883 1102 942 nibilominus
1124 883 1313 941 committunt
1331 898 1399 941 eam
1426 883 1529 942 scholis
1545 897 1584 953 pu·

427 974 526 1042 blicis
548 977 613 1032 sine
636 974 798 1032 sufficienti
823 989 915 1032 causa
937 975 1058 1032 111116
1084 973 1266 1032 necessariis
1286 973 1476 1032 cautionibus
1492 972 1583 1045 quibus

428 1061 592 1134 periculum
608 1063 841 1135 perversionise
867 1063 1005 1134 proximo
1027 1068 1176 1120 remotum
1199 1063 1352 1130 1111111,
1370 1061 1396 1119 si
1416 1067 1585 1120 contumaces

428 1151 549 1219 luerint,
563 1150 679 1209 absolvi
695 1165 755 1208 non
768 1167 860 1224 posse
882 1152 911 1208 in
930 1156 1120 1209 sacramento
1135 1151 1329 1223 peonitentia,
1343 1166 1380 1208 ex
1394 1151 1523 1209 doctrina
1535 1165 1584 1206 mo-

428 1241 480 1298 rali
496 1241 650 1310 catholica,
668 1241 861 1300 manifestum
875 1247 932 1300 est.

429 1473 467 1524 lll.
487 1500 514 1510 -
537 1473 593 1524 Sfl.
615 1472 749 1526 Domini
768 1475 877 1527 nostri
895 1473 1016 1528 Leonis
1032 1474 1147 1526 dlvlna
1167 1471 1385 1525 Providentia
1405 1473 1505 1538 Papa
1521 1470 1587 1524 xul

459 1552 616 1604 enecatio
644 1552 760 1605 habitu
782 1553 836 1606 dle
859 1555 997 1619 augusti
1020 1553 1105 1609 taso
1131 1552 1175 1606 ad
1197 1554 1230 1604 8.
1247 1553 1284 1604 R.
1310 1553 1344 1604 E.
1370 1551 1587 1605 car-mnarum

460 1631 589 1684 aedibus
603 1633 785 1688 vatlcants.

465 1883 538 1939 Cum
564 1879 629 1938 haec
650 1880 778 1940 consilia
796 1887 885 1954 atque
900 1880 949 1938 hic
964 1881 1084 1939 babitus
1104 1881 1273 1939 animorum
1289 1879 1320 1938 in
1335 1880 1373 1938 iis
1390 1884 1482 1947 esset,
1496 1876 1590 1951 perlata

428 1969 533 2028 16116
556 1969 728 2042 primordiis
751 1971 921 2028 studiorum
946 1969 1065 2042 publice
1087 1968 1252 2035 tradendis,
1270 1968 1417 2041 propositi
1437 1963 1589 2041 perficiendi

429 2073 549 2117 causam
560 2059 669 2116 attulit.
684 2059 796 2128 Nostis,
812 2058 997 2116 venerabiies
1012 2061 1138 2127 Fratres,
1150 2057 1283 2115 indolem
1294 2057 1423 2131 buiusce
1434 2057 1590 2132 legisntqua

428 2149 585 2206 rationem.
602 2148 737 2206 Proiecto
750 2147 780 2204 in
797 2147 853 2205 hac
867 2145 1023 2204 condenda
1038 2146 1094 2204 boc
1109 2145 1238 2203 maxime
1248 2147 1411 2204 consilium
1427 2151 1515 2218 atque
1529 2144 1590 2200 banc

430 2237 610 2294 sententiam
636 2237 730 2294 luisse
753 2241 876 2308 apparet
900 2233 937 2292 ab
962 2234 1137 2293 auctoritate
1160 2234 1314 2292 catholica
1336 2233 1505 2308 religionis
1526 2229 1591 2287 reia

430 2326 566 2398 pueritia,
593 2325 740 2385 abducere
760 2325 890 2395 animos,
911 2324 1194 2395 institutionemque
1205 2324 1386 2396 iuventutis,
1408 2327 1591 2392 remotaque-

429 2415 502 2474 libet
515 2417 655 2476 Ecclesiae
676 2417 874 2489 providentia,
895 2414 992 2474 ciuilis
1017 2415 1173 2488 potestatis
1196 2414 1322 2487 imperio
1341 2414 1544 2485 voluntatique
1557 2424 1592 2466 re·

430 2519 557 2563 servare.
579 2505 695 2562 Etenim
717 2521 751 2562 61
773 2504 839 2579 lege
853 2505 1025 2562 decernitur
1050 2504 1079 2560 in
1096 2503 1273 2561 educatione
1300 2503 1406 2576 puerili
1421 2502 1520 2560 nullas
1539 2513 1592 2556 esse

429 2593 536 2652 debere
554 2609 708 2652 sacrorum
724 2601 878 2667 pastorum
894 2599 1004 2666 partes,
1019 2592 1132 2651 nullam
1149 2593 1289 2650 Ecclesiae
1303 2592 1506 2666 vigilantiam
1517 2589 1593 2648 disso-

429 2683 576 2755 ciatisque
592 2683 712 2756 penitus
727 2699 743 2741 a
760 2683 905 2757 religione
920 2684 1038 2754 litteris,
1062 2684 1099 2741 ab
1115 2682 1283 2741 eruditione
1303 2695 1478 2754 puerorum,
1498 2680 1523 2738 si
1540 2678 1593 2750 ipsa

429 2771 617 2846 publicarum
635 2773 806 2832 scholarum
829 2774 905 2831 ratio
928 2778 957 2832 et
977 2773 1138 2845 disciplina
1151 2777 1313 2845 spectatur,
1334 2787 1456 2830 omnem
1480 2771 1516 2830 de
1538 2767 1592 2826 reli·

431 2863 519 2936 gione
540 2862 707 2921 doctrinam
726 2862 833 2921 abesse
848 2863 1020 2935 praecipitur
1036 2881 1042 2919 :
1059 2862 1138 2934 quod
1158 2861 1299 2936 perfacile
1314 2862 1448 2921 cernitur
1466 2857 1594 2935 quamsit

430 2953 497 3012 tldei
517 2960 545 3011 el
568 2952 703 3012 moribus
725 2954 858 3012 ineuntis
880 2953 975 3012 aetatis
997 2952 1212 3024 periculosum.
1232 2982 1268 2996 -
1287 2955 1388 3025 quue
1403 2953 1527 3026 gravius
1541 2961 1594 3007 csse

430 3041 596 3113 periculum
623 3042 809 3116 intelligitur,
836 3040 915 3115 quod
938 3039 1041 3117 eadem
1070 3040 1135 3115 lege
1157 3042 1256 3099 omnis
1289 3040 1432 3114 religiosa
1460 3035 1594 3098 institutio

430 3133 518 3206 plane
528 3132 743 3192 excluditurab
755 3133 793 3192 iis
804 3132 880 3205 ipsis
894 3131 1060 3189 litterarum
1075 3131 1224 3202 palestria
1242 3137 1319 3203 quas
1330 3129 1452 3188 scholas
1461 3127 1594 3188 normales

429 3229 548 3293 vocant,
564 3223 615 3280 ubi
635 3223 846 3281 exercitatione
861 3221 1079 3294 preceptisque
1095 3223 1322 3279 conformantur
1340 3221 1392 3292 qui
1411 3235 1517 3293 quaere
1531 3218 1596 3276 drin-

430 3327 501 3385 ceps
516 3312 609 3370 uelint
618 3313 654 3370 ad
671 3311 853 3370 erudiendos
869 3325 979 3382 pueros
996 3324 1063 3368 sese
1077 3309 1225 3367 conterre.

466 3405 523 3459 Lex
536 3401 710 3474 huiusmodi
727 3415 779 3473 per
794 3413 884 3472 quam
898 3399 1061 3471 plurimum
1078 3398 1113 3456 de
1128 3399 1263 3456 doctrina
1275 3399 1460 3472 juribusque
1472 3395 1594 3456 Ecclesia

430 3492 607 3562 detrahitur,
633 3492 825 3564 maximoque
852 3491 1017 3550 discrimini
1048 3490 1228 3563 sempiterna
1260 3490 1499 3550 adolescentium
1528 3487 1595 3548 salus

430 3581 581 3655 objicitur,
608 3597 667 3640 non
693 3586 818 3654 poterat,
842 3580 925 3640 salvo
948 3580 1058 3650 111111,
1081 3580 1233 3654 episcopis
1256 3581 1388 3654 probari,
1413 3579 1527 3653 qulbus
1551 3581 1596 3635 uer

430 3672 459 3731 id
481 3677 527 3731 est
544 3671 677 3730 muneris
693 3670 855 3743 onerisque
877 3670 1064 3742 impositum,
1081 3669 1159 3727 utin
1175 3669 1270 3728 salute
1286 3669 1459 3727 animorum
1483 3668 1596 3738 fideique

431 3761 588 3820 sanctitate
602 3759 789 3818 1616116111
802 3759 961 3834 vigilanter
976 3758 1137 3818 elaborent.
1155 3762 1267 3816 Revera
1278 3772 1347 3816 cum
1361 3757 1453 3830 probe
1468 3755 1598 3835 sentirent

430 3851 502 3925 quid
523 3865 541 3908 a
560 3865 592 3908 se
615 3854 734 3922 tempus
757 3849 950 3921 olllciumque
972 3847 1148 3920 postularet,
1169 3847 1303 3905 sedulam
1326 3861 1447 3920 operam
1468 3847 1597 3906 dederunt

430 3938 566 3998 arcendae
586 3937 623 3995 ab
645 3936 792 4010 ejusmodi
815 3936 945 4009 publicis
965 3935 1079 3994 scholis
1096 3935 1259 4008 juventuti,
1281 3935 1418 4007 aliasque
1437 3931 1598 4007 aperiendas

431 4033 585 4096 curarunt,
606 4027 747 4100 potestati
762 4040 825 4083 suae
841 4026 1001 4095 obnoxias,
1017 4025 1048 4082 in
1067 4023 1179 4097 quibus
1193 4031 1302 4082 1616111
1317 4024 1597 4083 adolescentulorum

431 4122 547 4174 mentes
565 4130 633 4174 curn
650 4115 814 4173 litterarum
831 4121 895 4173 tum
918 4115 1075 4188 religionis
1097 4114 1253 4172 elementis
1273 4114 1385 4186 optime
1401 4114 1597 4172 formarentur.

431 4209 466 4263 Et
479 4206 556 4264 banc
571 4206 606 4262 ad
623 4219 697 4276 rem,
713 4204 780 4263 laus
798 4211 847 4264 est
867 4208 988 4280 egregia
1003 4206 1174 4280 Belgarum,
1198 4211 1421 4277 peropportuno
1441 4203 1514 4262 huic
1532 4195 1598 4274 operi

431 4309 500 4351 sese
523 4293 674 4351 alacritate
699 4307 819 4352 summa
838 4293 993 4368 adjutores
1017 4293 1196 4366 prebuisse.
1219 4295 1292 4351 Cum
1322 4293 1403 4350 enim
1426 4290 1599 4350 animaduer-

431 4389 528 4442 terent
546 4389 691 4456 quantum
714 4383 853 4458 religioni
881 4384 1050 4456 periculum
1075 4383 1112 4442 ab
1137 4399 1173 4442 en
1194 4383 1258 4457 lege
1282 4381 1485 4456 impenderet,
1508 4380 1598 4439 avitam

431 4472 538 4540 tidem,
567 4483 689 4544 quoquo
716 4473 805 4530 modo
837 4479 979 4546 possent,
1012 4473 1153 4530 tuendam
1181 4476 1397 4543 susceperunt;
1430 4469 1523 4543 idque
1549 4473 1597 4524 tam

431 4563 615 4633 iollammato
631 4561 742 4625 studio,
760 4567 793 4619 ut
806 4561 942 4619 laborum
956 4575 990 4620 ac
1006 4566 1183 4632 sumptuum
1194 4560 1371 4634 magnitudo
1385 4559 1598 4618 admirationem

432 4654 534 4713 l'ecerit
548 4652 626 4726 apud
643 4667 748 4711 omnes
764 4652 799 4711 ad
813 4667 891 4726 quos
904 4651 996 4724 lrujus
1013 4653 1053 4711 161
1069 4654 1147 4711 lama
1160 4652 1304 4725 pervenit.

467 4747 525 4808 llos
538 4758 618 4811 1611,
633 4743 685 4815 qui
700 4747 820 4814 propter
833 4741 986 4812 excelsum
1002 4743 1136 4814 supremi
1146 4741 1279 4815 pastoris
1294 4747 1324 4800 et
1337 4737 1479 4814 magistri
1489 4747 1597 4802 manus,
