3482 5560
439 469 522 518 sunus
543 469 730 518 arcsromcn
751 467 930 518 neccarum
953 469 1039 518 creua
1060 471 1282 518 uaraummmt.
1391 451 1449 518 237

273 588 451 648 trimouium
463 589 571 650 habeat
585 592 680 651 Deum
695 595 858 660 auctorem,
874 589 1025 663 fueritque
1043 590 1090 648 vel
1113 590 1294 664 aprincipio
1312 591 1450 664 quadam

274 680 490 740 incarnationis
500 679 588 744 Verbi
602 683 654 740 liei
668 680 868 754 adumbratio,
884 680 996 739 ideirco
1011 681 1092 739 inest
1106 681 1138 738 iu
1152 695 1188 738 eo
1203 695 1325 740 sacrum
1339 685 1368 738 et
1381 681 1451 738 reli-

275 769 394 843 giosum
407 770 561 844 quiddam,
573 785 635 830 non
651 769 859 834 adventitium,
880 770 934 830 sed
949 770 1130 844 ingenitum,
1146 783 1206 830 non
1226 770 1264 828 ab
1275 769 1450 829 homiuibus

273 866 440 934 acceptum,
463 861 515 920 sed
533 865 640 920 natura
653 861 791 920 insitum.
812 860 959 930 Quocirca
977 860 1171 920 innocentius
1189 863 1227 918 ιιι
1244 859 1283 932 (ι)
1306 866 1335 918 ct
1353 863 1452 918 ilouo·

274 948 340 1008 rius
354 951 390 1010 ιιι
404 952 456 1023 (ι),
470 951 645 1011 decessores
660 951 765 1020 nostri,
782 964 843 1008 uon
858 949 971 1023 injuria
981 964 1037 1008 nec
1055 955 1167 1008 temere
1185 949 1334 1009 affirmare
1347 955 1449 1024 potue·

273 1037 434 1110 ruutcpud
445 1037 547 1110 fideles
561 1044 591 1098 et
603 1037 739 1112 infideles
753 1039 884 1099 existere
895 1043 1119 1099 sacamentum
1132 1037 1277 1114 conjugii.
1292 1042 1451 1098 testantur
1531 1093 1536 1102 .

274 1131 303 1186 ct
325 1133 520 1189 monumenta
540 1129 745 1202 antiquitatis,
767 1134 797 1186 et
818 1143 918 1188 mores
936 1133 1026 1202 atque
1040 1129 1181 1188 instituta
1199 1129 1379 1202 populorum
1397 1128 1450 1202 qui

273 1217 310 1276 ad
325 1217 541 1277 humanitatem
559 1218 657 1292 magis
671 1223 859 1277 accesserant
884 1223 914 1276 et
934 1218 1132 1290 exquisitiore
1148 1219 1229 1294 juris
1249 1224 1278 1277 et
1300 1217 1450 1292 aequitatis

273 1308 446 1380 cognitione
460 1308 675 1382 praestiterant:
692 1322 823 1381 quorum
837 1309 973 1368 omnium
993 1309 1147 1368 mentibus
1162 1309 1355 1367 informatum
1374 1308 1451 1365 anti-

273 1398 467 1471 cipetumque
481 1399 577 1459 luisse
590 1403 724 1470 constat,
744 1403 865 1457 uicum
884 1397 922 1456 de
940 1397 1132 1457 matrimonio
1153 1398 1329 1471 cogitarent,
1355 1397 1451 1456 forma

273 1493 443 1547 occurreret
457 1489 500 1548 rei
516 1503 584 1548 cum
599 1488 746 1564 religione
765 1493 793 1547 et
808 1488 967 1548 sanctitate
981 1489 1161 1562 conjunctae.
1177 1492 1259 1548 lianc
1273 1488 1312 1546 ob
1327 1501 1450 1547 causam

273 1579 387 1650 nuptiae
398 1579 477 1652 apud
493 1579 561 1638 illos
574 1579 716 1638 nonsine
730 1577 919 1638 ceremoniis
934 1578 1129 1654 religionum,
1146 1580 1322 1638 auctoritate
1335 1577 1452 1651 pontiti·

273 1681 354 1738 oum,
369 1668 538 1727 ministerio
556 1669 747 1728 sacerdotum
761 1669 826 1728 lieri
841 1682 921 1741 saepe
943 1673 1178 1727 consueverunt.
1195 1697 1230 1710 --
1247 1670 1291 1727 lta
1310 1681 1450 1742 magnam

272 1756 304 1818 iu
318 1757 554 1819 animiscoelesti
572 1758 710 1818 doctrina
729 1758 903 1818 carentibus
924 1758 985 1817 vim
1006 1758 1113 1817 hahuit
1136 1763 1244 1817 natura
1263 1771 1374 1827 rerum,
1393 1771 1452 1814 me

272 1847 368 1904 moria
381 1847 546 1921 originum,
561 1847 746 1908 conscientia
759 1847 879 1924 generis
890 1848 1033 1908 humani!
1046 1879 1082 1889 -
1096 1847 1191 1921 Igitur
1211 1861 1278 1906 oum
1302 1845 1452 1906 matrimo

273 1938 358 1996 nium
378 1938 419 1996 sit
438 1953 495 1998 sua
511 1940 551 2010 vi,
577 1954 633 1999 sua
647 1944 766 2011 natura,
782 1954 840 1999 sua
853 1945 961 2012 sponte
984 1953 1116 2010 sacrum,
1138 1943 1376 1998 consentaneum
1404 1944 1451 1996 cst

273 2031 308 2086 ut
319 2033 441 2102 regatur
455 2043 490 2088 ac
502 2035 684 2107 temperetur
698 2045 758 2087 uon
774 2029 943 2102 principum
967 2029 1104 2101 imperio,
1125 2027 1178 2086 sed
1202 2027 1304 2086 diviua
1321 2027 1450 2085 auctori-

273 2121 332 2176 tate
345 2118 495 2190 Ecclesia,
511 2133 689 2192 quaterem
704 2133 859 2178 sacrarum
874 2119 940 2178 sola
949 2117 1038 2176 hahet
1052 2115 1272 2191 magisterium.

308 2206 421 2266 Deinde
434 2207 655 2267 consideranda
665 2200 845 2267 sacramenti
860 2207 994 2284 dignitas
1009 2212 1066 2278 est,
1078 2206 1168 2280 cujus
1193 2206 1367 2265 accessione
1388 2220 1450 2264 ma·

272 2296 413 2354 trimodia
425 2296 657 2358 christianorum
672 2311 794 2358 evasere
809 2297 900 2372 louge
914 2297 1115 2356 nobilissima.
1131 2298 1172 2354 De
1189 2295 1386 2355 sacramentis
1397 2309 1449 2354 au-

273 2390 332 2442 tem
343 2389 474 2444 statuere
490 2392 520 2444 et
533 2387 703 2460 precipere,
715 2387 767 2458 ita,
778 2403 815 2446 ex
829 2387 981 2445 voluntate
997 2385 1118 2456 Christi,
1131 2385 1195 2443 sola
1209 2390 1308 2458 potest
1321 2390 1352 2443 et
1363 2384 1451 2443 debet

272 2477 416 2548 Ecclesia,
433 2484 466 2536 ut
481 2477 631 2537 absonum
646 2478 685 2538 sit
699 2478 788 2553 plane
802 2478 961 2552 potestatis
976 2478 1043 2551 ejus
1057 2475 1104 2534 vel
1115 2476 1269 2534 minimam
1285 2481 1398 2547 partem
1413 2474 1449 2532 ad

273 2566 489 2640 gubernatores
508 2568 551 2626 rei
567 2569 664 2628 civilis
690 2569 764 2628 velle
781 2582 850 2628 esse
871 2567 1057 2628 translatam.
1069 2598 1104 2608 -
1123 2569 1279 2624 Postremo
1305 2578 1449 2638 magnum

273 2656 392 2728 pondus
406 2663 463 2727 est,
479 2673 590 2732 magna
607 2659 654 2718 vis
674 2658 819 2728 historin,
841 2671 902 2732 qua
921 2657 1089 2715 luculenter
1110 2656 1254 2714 docemur
1273 2660 1449 2727 potestatem

272 2745 426 2821 legiferam
447 2749 668 2823 etjudicialem,
684 2749 720 2809 de
735 2764 795 2822 qua
809 2749 972 2823 loquimur,
993 2747 1086 2806 libere
1101 2752 1333 2818 constanterque
1347 2746 1385 2805 ab
1397 2751 1449 2806 Ec·

272 2837 365 2896 clesia
379 2839 520 2911 usurpari
534 2841 730 2898 consuevisse
744 2839 783 2898 iis
793 2839 882 2898 etiam
893 2836 1091 2910 tempatione,
1106 2837 1227 2910 quaudo
1237 2835 1450 2910 principesrei-

272 2926 399 2999 pubhce
414 2930 639 2988 consentientes
654 2929 751 2988 tuisse
762 2937 814 2988 aut
828 2929 1024 2988 conniventes
1043 2929 1074 2988 in
1094 2942 1129 2986 ea
1140 2941 1183 2996 re,
1198 2926 1297 3000 inepte
1311 2933 1340 2984 et
1358 2927 1449 2988 stulte

271 3017 445 3091 tingeretur.
462 3018 536 3076 lllnd
561 3019 641 3076 enim
662 3034 753 3093 quem
774 3018 962 3089 incredibile,
979 3031 1069 3092 quam
1090 3017 1269 3086 absurdum,
1294 3017 1448 3075 Christum

271 3107 431 3164 murinum
451 3108 613 3167 damnasse
631 3109 810 3184 polygamie
833 3108 1011 3182 repudiique
1032 3108 1227 3166 inveteratam
1249 3106 1448 3166 cousuetudi-

271 3208 341 3254 nem
362 3195 499 3269 delegata
521 3196 579 3255 sibi
596 3202 821 3270 aprccuratore
834 3197 997 3270 provincie
1015 3196 1063 3255 vel
1083 3210 1101 3255 a
1122 3196 1257 3268 principe
1275 3195 1448 3253 ludaeorum

272 3293 435 3361 potestate;
456 3289 594 3348 similiter
621 3289 746 3350 Paulum
770 3291 946 3363 Apostolum
977 3289 1105 3347 divortia
1128 3289 1302 3360 incestaque
1325 3288 1448 3360 nuptias

271 3377 404 3438 edixisse
418 3394 479 3438 nou
499 3378 600 3450 licere,
619 3379 795 3440 cedentibus
813 3387 866 3440 aut
886 3380 974 3439 tacite
991 3378 1205 3438 mandantibus
1224 3379 1353 3450 liberio,
1374 3379 1448 3437 Cali-

272 3468 353 3542 gula,
368 3471 500 3528 Nerone!
516 3471 616 3542 licque
636 3469 710 3529 illud
726 3483 860 3544 unquam
872 3470 985 3528 homini
1002 3485 1085 3528 sanae
1099 3469 1209 3529 mentis
1223 3474 1450 3542 potestpersua·

271 3558 346 3629 deri,
357 3559 393 3617 dc
407 3561 566 3618 sanctitate
577 3565 607 3618 et
619 3559 804 3618 firmitudine
818 3560 953 3634 conjugii
967 3561 1015 3634 (3),
1031 3559 1067 3618 de
1080 3559 1196 3632 nuptiis
1211 3573 1316 3618 servos
1330 3559 1408 3619 iutcr
1420 3567 1450 3618 et

271 3649 420 3723 ingenuas
434 3651 484 3724 (ι),
501 3654 543 3707 tot
563 3665 631 3710 csse
650 3650 688 3709 ab
703 3650 836 3709 Ecclesia
856 3650 994 3708 conditas
1009 3650 1102 3724 leges,
1128 3649 1287 3723 impetrata
1308 3649 1448 3708 facultate

271 3738 308 3798 ab
318 3738 548 3812 imperatoribus
559 3740 712 3810 Romanis,
723 3739 945 3799 inimicissimis
961 3739 1076 3798 nomini
1092 3738 1267 3810 christiano,
1280 3739 1393 3815 quibus
1403 3740 1448 3798 ni-

270 3827 313 3886 hil
328 3833 388 3886 mm
403 3829 460 3888 luit
473 3830 671 3903 propositum,
680 3844 772 3904 quarn
784 3830 812 3887 vi
828 3835 858 3888 et
871 3830 951 3888 cade
965 3829 1142 3902 religionem
1153 3829 1263 3888 Christi
1278 3831 1447 3903 opprimere

271 3917 505 3990 adolescentem,
524 3921 689 3991 prasertim
707 3935 775 3979 cum
791 3921 843 3994 jus
862 3920 935 3979 illud
955 3920 993 3978 ab
1007 3920 1137 3979 Ecclesia
1156 3921 1321 3992 proiectum
1336 3919 1447 3992 acivili

231 4049 236 4057 -
268 4008 336 4081 jure
358 4010 507 4068 interdum
527 4011 600 4069 adeo
625 4009 802 4082 dissideret,
826 4017 859 4070 ut
882 4011 1019 4085 ignatius
1041 4010 1372 4083 northmanmam
1397 4009 1445 4082 (ιι),

269 4099 475 4173 Athenagoras
487 4100 524 4172 (ι)
545 4103 574 4157 et
595 4099 796 4158 Tertullianus
814 4099 860 4173 (8),
885 4105 1028 4171 tanquam
1048 4099 1178 4171 injustas
1198 4096 1246 4156 vel
1262 4096 1447 4156 adulterinas

270 4189 388 4261 publice
403 4191 594 4248 traducerent
613 4189 827 4249 nonnullorum
840 4187 975 4262 nuptias,
995 4187 1107 4260 quibus
1127 4191 1225 4244 amen
1249 4187 1446 4259 imperatorie

269 4276 353 4354 leges
368 4278 518 4339 lavabant.
1328 4315 1331 4322 ·

306 4371 413 4428 Postea
432 4383 502 4427 vero
517 4383 611 4442 quum
630 4367 667 4428 ad
683 4369 865 4428 christianos
882 4369 1078 4440 imperatores
1092 4371 1265 4441 potentatus
1278 4367 1377 4425 omnis
1397 4381 1445 4424 rc·

300 4494 341 4568 (ι)
350 4503 412 4568 Cap.
422 4515 482 4566 ιιιιι,
492 4502 524 4554 de
533 4503 664 4555 Dicere·
678 4502 713 4569 (2)
725 4503 787 4569 (lap.
797 4515 836 4566 ιι,
851 4503 884 4554 de
898 4501 1063 4552 Transeat·
1075 4501 1107 4566 (3)
1119 4501 1182 4552 Gan.
1193 4500 1293 4565 Apoet„
1304 4501 1343 4560 te,
1357 4498 1395 4560 il,
1405 4499 1442 4550 ta.

269 4601 299 4612 -
313 4576 346 4638 (ι)
359 4575 547 4641 Philosophum
566 4575 652 4627 Oxon.
672 4577 741 4629 liiii.
752 4601 783 4614 -
802 4578 838 4640 (5)
853 4577 938 4641 Epist.
951 4573 988 4624 od
1001 4573 1150 4638 Polycarp„
1165 4586 1223 4637 cap.
1237 4581 1310 4621 ιι.“-
1322 4571 1355 4634 (6)
1376 4573 1444 4635 Apo-

270 4647 355 4718 ioqet.,
371 4660 416 4700 ιιι.
426 4673 453 4686 -
465 4649 499 4712 (ι)
511 4649 597 4714 laeqat.
610 4663 658 4714 pro
672 4649 815 4710 christiam,
831 4661 858 4698 n.
872 4649 911 4709 82,
921 4647 998 4698 ³3.-
1011 4645 1045 4711 (8)
1057 4645 1095 4696 De
1109 4657 1196 4696 coron.
1210 4643 1299 4702 mitia,
1311 4657 1369 4707 cap,
1381 4654 1443 4694 xtrr.
