3388 5582
367 591 451 637 snnrs
472 593 657 640 nrcsronrca
678 595 814 642 nncnsra
836 597 872 641 nc
895 595 1146 642 nnccnaarronss.
1284 569 1346 643 'otc

167 723 200 766 ec
216 709 344 768 retinere
359 717 518 782 oporteret,
534 727 611 786 quas
624 727 695 771 vero
715 713 863 774 moderari
876 719 927 774 aut
940 713 1085 789 abrogare
1100 720 1288 790 congrueret.
1307 719 1346 774 lia
1420 695 1423 708 ⁵

167 797 259 872 igitur
280 799 457 858 recensione
477 808 606 874 peracta.
623 819 658 863 ac
675 803 899 864 venerabilibus
920 803 1062 862 iratribus
1085 804 1196 862 nostris
1217 806 1245 862 S.
1262 807 1295 864 ll.
1312 807 1344 862 li.

166 889 371 972 cardinalibus
395 890 426 947 in
442 892 573 964 negotiis
598 891 667 951 lidei
688 894 879 968 generalibus
900 891 1133 965 inquisitoribus
1154 907 1207 964 per
1224 893 1344 952 univer-

165 993 229 1036 sam
251 979 445 1038 christianam
461 979 677 1052 rempublicam
700 981 850 1055 deputatis
866 983 896 1041 in
914 981 1077 1040 consilium
1100 981 1236 1050 adscitis,
1252 983 1345 1054 reque

164 1067 216 1126 diu
231 1084 266 1126 ac
282 1075 397 1128 mature
412 1083 569 1141 perpensa,
587 1075 671 1130 motu
690 1070 823 1144 proprio,
844 1077 925 1130 certa
945 1070 1081 1137 scientia,
1099 1076 1216 1128 matura
1232 1069 1343 1129 delibe-

164 1159 280 1218 ratione
299 1165 411 1227 nostra,
437 1159 533 1232 deque
555 1159 727 1231 apostolicae
751 1165 861 1220 nostrae
886 1159 1042 1232 potestatis
1066 1157 1268 1231 plenitudine,
1290 1157 1344 1215 huc

165 1253 308 1320 perpetuo
323 1249 451 1308 valitura
465 1249 681 1308 constitutione
691 1250 894 1319 decernimus,
910 1253 944 1307 ut
959 1263 995 1306 ex
1011 1248 1254 1322 quibuscumque
1275 1237 1343 1306 cen·

165 1336 246 1395 suris
263 1337 326 1395 sire
340 1337 672 1408 excommunicationis,
689 1337 752 1397 sive
768 1338 992 1411 suspensionis,
1013 1337 1076 1396 sive
1100 1337 1260 1408 interdicti,
1276 1351 1344 1411 quae

166 1439 217 1495 per
232 1425 354 1485 modum
366 1427 432 1485 latae
448 1426 615 1496 sententiae,
631 1427 758 1500 ipsoque
774 1428 852 1486 lecto
874 1427 1061 1487 incurrendae
1083 1427 1229 1486 hactenns
1247 1428 1344 1500 impo-

165 1513 231 1573 sitae
255 1521 338 1586 sunt,
365 1517 487 1577 nonnisi
513 1519 571 1576 illae
599 1532 675 1591 quas
700 1516 731 1576 in
754 1517 810 1576 hac
834 1517 901 1590 ipsa
922 1517 1138 1576 constitutione
1162 1517 1342 1584 inserimus,

164 1619 258 1678 coque
274 1606 436 1681 modoque
453 1609 627 1677 inserimus,
641 1607 734 1666 robur
753 1607 861 1666 exinde
881 1606 1027 1677 babeent;
1044 1605 1135 1666 simul
1155 1604 1344 1664 declarantes

162 1702 283 1762 easdem
294 1712 354 1757 nou
365 1699 454 1758 modo
469 1703 647 1758 curetarum
661 1711 811 1756 canonum
826 1695 1013 1766 auctoritate,
1029 1697 1179 1769 quatenus
1197 1709 1266 1754 cum
1287 1695 1344 1754 hac

164 1797 268 1850 nostra
292 1787 508 1848 constitutione
522 1787 716 1856 conveniunt,
736 1801 838 1845 rerum
859 1786 949 1844 etiam
971 1786 1027 1845 huc
1041 1786 1108 1858 ipsa
1127 1787 1343 1846 constitutione

163 1887 277 1950 nostra,
298 1893 360 1938 non
372 1893 462 1938 secus
474 1892 508 1935 ac
521 1877 547 1936 si
561 1877 689 1951 primurn
704 1876 791 1936 editae
803 1875 839 1936 ab
851 1891 886 1934 ea
901 1876 1023 1947 luerint,
1039 1877 1097 1934 rim
1115 1891 1202 1936 suem
1217 1891 1343 1950 prorsus
1389 1900 1391 1904 ·

162 1972 297 2044 accipere
313 1969 430 2028 debere.

209 2149 467 2203 Excommunicationes
481 2152 533 2202 late
548 2131 668 2203 sententie
680 2149 778 2217 speciali
792 2150 860 2202 modo
875 2150 980 2202 liomano
995 2148 1102 2208 Pontifici
1117 2152 1239 2202 reservate
1249 2148 1294 2212 (t).

198 2304 299 2374 ltaque
313 2301 615 2362 excommunicationi
631 2302 698 2362 late
712 2301 869 2361 sententie
884 2301 1007 2374 speciali
1022 2299 1112 2359 modo
1123 2303 1258 2358 Romano
1268 2303 1343 2356 l‘on·

162 2393 234 2452 tilici
250 2397 408 2452 reservatae
424 2392 580 2465 subjacere
595 2391 784 2451 declaramus
800 2412 806 2449 :

196 2485 217 2540 Ι.
235 2483 345 2541 Omnes
360 2481 552 2540 achristiana
567 2481 625 2540 fide
640 2487 804 2555 apostatas,
819 2487 961 2540 etomnes
975 2495 1009 2540 ac
1021 2479 1161 2555 singulos
1172 2477 1341 2548 haereticos,

160 2586 351 2645 quocumque
364 2571 489 2630 nomine
504 2577 696 2640 censeantur,
712 2575 741 2628 et
751 2571 971 2645 cujuscumque
981 2576 1071 2626 sectae
1081 2569 1222 2638 existant,
1236 2566 1342 2639 eisque

159 2661 329 2732 credentes,
358 2675 522 2734 eorumque
549 2666 729 2734 receptores,
758 2661 905 2730 lautores,
930 2674 964 2717 ac
987 2657 1165 2732 generaliter
1189 2657 1343 2732 quoslibet

160 2751 281 2810 illorum
296 2751 471 2810 defensores
489 2750 570 2819 (Vide
584 2751 629 2808 tit.
644 2767 684 2808 vu
700 2755 727 2808 et
743 2767 773 2806 ur
787 2750 838 2808 lib.
854 2749 898 2821 V).

195 2843 229 2898 ll.
242 2841 352 2898 Omnes
363 2846 393 2898 et
407 2839 547 2914 singulos
562 2840 690 2898 scienter
704 2840 839 2913 legentes
854 2839 920 2897 sine
932 2839 1108 2897 auctoritate
1120 2837 1205 2896 Sedis
1218 2841 1341 2910 hposto-

158 2930 223 2988 licre
250 2928 343 2986 libros
373 2928 546 2985 eorumdem
576 2933 781 2998 apostatarum
806 2933 836 2984 et
865 2927 1073 2985 hereticorum
1102 2926 1255 2984 baeresim·
1271 2941 1340 2998 pro-

158 3022 343 3092 pugnantes,
365 3031 484 3074 necnon
508 3017 602 3074 libros
626 3016 762 3088 cujusvis
786 3017 919 3074 auctoris
942 3031 994 3088 per
1016 3016 1198 3090 apostolicas
1224 3015 1339 3072 litteras

159 3104 335 3164 nominatim
363 3104 540 3178 prohibitos,
565 3105 747 3178 eosdemque
770 3105 864 3164 libros
889 3106 1064 3176 retinentes,
1085 3104 1292 3177 imprimentes
1313 3110 1342 3162 et

159 3194 384 3266 quomodolibet
397 3193 592 3254 defendentes
609 3194 692 3266 (Vide
707 3194 759 3253 lib.
776 3195 838 3265 cit,
858 3196 904 3252 tit.
920 3211 980 3264 rur,
997 3199 1070 3252 sect.
1088 3195 1125 3266 3).

194 3288 240 3342 lll.
257 3284 470 3343 schismaticos
485 3289 514 3342 et
528 3299 581 3344 eos
595 3283 648 3358 qui
663 3299 680 3342 a
705 3285 829 3342 Romani
854 3283 1006 3343 pontilicis
1029 3299 1084 3357 pro
1109 3289 1243 3356 tempore
1263 3285 1341 3344 exis-

156 3376 248 3434 tentis
263 3373 432 3434 obedientia
445 3374 636 3448 pertinaciter
652 3389 684 3432 se
699 3374 881 3433 subtrabunt
896 3373 942 3431 vel
962 3374 1108 3432 recedunt
1123 3373 1207 3446 (Vide
1229 3374 1275 3432 tit.
1290 3391 1341 3434 rru

159 3465 211 3522 lih.
229 3464 274 3536 V).
304 3517 307 3526 .
1133 3519 1137 3527 .

194 3559 240 3614 lV.
258 3557 369 3614 Omnes
383 3560 413 3613 ct
427 3556 578 3629 singulos,
593 3556 814 3629 cujuscumque
829 3561 939 3627 status,
954 3556 1067 3630 gradus
1084 3571 1138 3614 seu
1155 3555 1340 3618 conditionis

159 3646 279 3714 luerint,
295 3643 589 3705 abominationibus
604 3661 658 3705 seu
684 3646 833 3705 mandatis
857 3649 1061 3704 Romanorum
1086 3645 1264 3708 Pontificum
1286 3660 1340 3718 pro

157 3741 289 3810 tempore
305 3735 498 3796 existentium
511 3735 547 3794 ad
558 3736 728 3795 universale
736 3737 873 3795 loturum
888 3735 1049 3794 concillum
1066 3735 1261 3808 appellantes,
1273 3751 1341 3794 nee·

158 3841 219 3884 non
234 3839 287 3884 eos
311 3841 440 3899 quorum
462 3827 586 3898 auxilio,
602 3826 729 3887 consilio
748 3826 795 3884 vel
815 3826 914 3884 lavore
938 3826 1120 3899 appellatum
1145 3825 1236 3885 luerit
1256 3827 1340 3900 (Vide

158 3914 210 3972 lib.
227 3915 278 3973 cit.
292 3915 336 3972 tit.
352 3919 403 3980 ιιι).

194 4009 226 4063 V.
241 4007 352 4064 Omnes
367 4005 593 4076 interficientes,
609 4007 793 4075 mutilantes,
815 4006 1028 4078 percutientes,
1052 4003 1217 4078 capientes,
1239 4019 1340 4063 carce·

158 4103 269 4166 rantes,
287 4097 467 4164 detinentes,
483 4097 529 4155 rel
551 4097 701 4155 hostiliter
724 4097 921 4168 insequentes
937 4099 965 4154 S.
982 4100 1016 4154 lt.
1041 4098 1072 4154 Ε.
1089 4094 1269 4164 cardinales,
1291 4109 1341 4166 pa-

157 4174 317 4258 triarchas,
343 4185 601 4258 archiepiscopos,
629 4187 802 4259 apiscopos,
827 4185 973 4258 sedisque
1004 4185 1182 4258 hpostolicae
1208 4185 1341 4260 legatos,

157 4275 203 4332 vol
216 4275 351 4346 nuntios,
366 4281 419 4334 aut
432 4291 484 4334 cos
504 4290 522 4334 a
541 4275 607 4333 suis
630 4275 825 4346 dioecesibus,
840 4275 1012 4345 territoriis,
1026 4275 1114 4334 terris
1127 4289 1180 4334 seu
1196 4276 1340 4337 dominiis

157 4363 321 4438 ejicientes,
337 4378 454 4423 necnon
470 4379 505 4422 ea
519 4365 708 4433 mandantes,
723 4365 770 4422 rel
789 4365 1023 4435 recumbentes,
1039 4381 1092 4423 seu
1109 4371 1288 4438 prestantes
1308 4367 1339 4425 in

157 4454 202 4512 eis
217 4455 375 4525 auxilium,
391 4455 555 4515 consilium
568 4456 613 4514 rel
628 4457 758 4515 levorem
770 4455 853 4530 (Vide
877 4455 921 4514 tit.
938 4473 1003 4513 nux
1023 4455 1154 4524 librilll;
1169 4457 1211 4514 tit.
1239 4473 1338 4528 xxxix,

160 4549 232 4600 sect.
249 4547 277 4613 3,
293 4543 361 4602 libri
376 4544 421 4618 V).

191 4707 225 4770 (t)
241 4703 336 4766 Quoad
352 4706 412 4757 illes
428 4721 522 4759 omnes
545 4709 843 4771 excommunicationes,
862 4709 922 4760 ride
944 4709 1077 4775 ephemer.
1095 4708 1118 4760 le
1132 4707 1270 4761 Cancrtiele
1284 4723 1341 4761 con·

159 4780 314 4844 temperata,
329 4783 394 4832 torn.
408 4781 427 4844 l,
442 4781 473 4844 ll,
488 4781 521 4831 lll
536 4785 561 4833 et
573 4781 615 4833 lll.
