<?xml version="1.0" encoding="UTF-8"?>
<!DOCTYPE html PUBLIC "-//W3C//DTD XHTML 1.0 Transitional//EN"
    "http://www.w3.org/TR/xhtml1/DTD/xhtml1-transitional.dtd">
<html xmlns="http://www.w3.org/1999/xhtml" xml:lang="en" lang="en">
 <head>
  <title>
</title>
<meta http-equiv="Content-Type" content="text/html;charset=utf-8" />
  <meta name='ocr-system' content='tesseract 3.04.00' />
  <meta name='ocr-capabilities' content='ocr_page ocr_carea ocr_par ocr_line ocrx_word'/>
</head>
<body>
  <div class='ocr_page' id='page_1' title='image "./juscanonicumjux01grangoog/juscanonicumjux01grangoog_0631.png"; bbox 0 0 3388 5582; ppageno 0'>
   <div class='ocr_carea' id='block_1_1' title="bbox 470 616 945 674">
    <p class='ocr_par' dir='ltr' id='par_1_1' title="bbox 470 616 945 674">
     <span class='ocr_line' id='line_1_1' title="bbox 470 616 945 674; baseline 0.011 -10"><span class='ocrx_word' id='word_1_1' title='bbox 470 616 556 666; x_wconf 71' lang='lat' dir='ltr'>arsen</span> <span class='ocrx_word' id='word_1_2' title='bbox 577 617 705 674; x_wconf 78' lang='lat' dir='ltr'>colurus</span> <span class='ocrx_word' id='word_1_3' title='bbox 725 618 945 672; x_wconf 70' lang='lat' dir='ltr'>DECRETAHUH.</span> 
     </span>
    </p>
   </div>
   <div class='ocr_carea' id='block_1_2' title="bbox 123 809 1295 848">
    <p class='ocr_par' dir='ltr' id='par_1_2' title="bbox 123 809 1295 848">
     <span class='ocr_line' id='line_1_2' title="bbox 123 809 1295 848; baseline 0.008 -10"><span class='ocrx_word' id='word_1_4' title='bbox 123 809 1295 848; x_wconf 58' lang='lat' dir='ltr'><em>Q</em></span> 
     </span>
    </p>
   </div>
   <div class='ocr_carea' id='block_1_3' title="bbox 499 1033 919 1142">
    <p class='ocr_par' dir='ltr' id='par_1_3' title="bbox 499 1033 919 1142">
     <span class='ocr_line' id='line_1_3' title="bbox 499 1033 919 1142; baseline 0.005 -14"><span class='ocrx_word' id='word_1_5' title='bbox 499 1033 722 1142; x_wconf 79' lang='lat' dir='ltr'>QUlN&#39;ld</span> <span class='ocrx_word' id='word_1_6' title='bbox 770 1036 919 1130; x_wconf 78' lang='lat' dir='ltr'>Plus</span> 
     </span>
    </p>
   </div>
   <div class='ocr_carea' id='block_1_4' title="bbox 237 1207 1208 1310">
    <p class='ocr_par' dir='ltr' id='par_1_4' title="bbox 237 1207 1208 1310">
     <span class='ocr_line' id='line_1_4' title="bbox 237 1207 1208 1310; baseline 0.007 -31"><span class='ocrx_word' id='word_1_7' title='bbox 237 1207 241 1288; x_wconf 69' lang='lat' dir='ltr'>s</span> <span class='ocrx_word' id='word_1_8' title='bbox 283 1233 511 1310; x_wconf 68' lang='lat' dir='ltr'>mernoeus</span> <span class='ocrx_word' id='word_1_9' title='bbox 544 1235 703 1283; x_wconf 77' lang='lat' dir='ltr'>somus</span> <span class='ocrx_word' id='word_1_10' title='bbox 738 1237 866 1284; x_wconf 79' lang='lat' dir='ltr'>rums</span> <span class='ocrx_word' id='word_1_11' title='bbox 902 1238 1136 1288; x_wconf 74' lang='lat' dir='ltr'>CANONICI.</span> <span class='ocrx_word' id='word_1_12' title='bbox 1205 1247 1208 1252; x_wconf 95' lang='lat'>·</span> 
     </span>
    </p>
   </div>
   <div class='ocr_carea' id='block_1_5' title="bbox 87 1553 1296 2500">
    <p class='ocr_par' dir='ltr' id='par_1_5' title="bbox 87 1553 1296 2500">
     <span class='ocr_line' id='line_1_5' title="bbox 161 1553 1296 1644; baseline 0.005 -26"><span class='ocrx_word' id='word_1_13' title='bbox 161 1554 211 1620; x_wconf 77' lang='lat' dir='ltr'>Ad</span> <span class='ocrx_word' id='word_1_14' title='bbox 225 1553 451 1620; x_wconf 90' lang='lat' dir='ltr'>imitationem</span> <span class='ocrx_word' id='word_1_15' title='bbox 459 1555 546 1638; x_wconf 87' lang='lat' dir='ltr'>juris</span> <span class='ocrx_word' id='word_1_16' title='bbox 561 1555 681 1632; x_wconf 87' lang='lat' dir='ltr'>civilis,</span> <span class='ocrx_word' id='word_1_17' title='bbox 696 1557 865 1624; x_wconf 81' lang='lat' dir='ltr'><strong>clauditur</strong></span> <span class='ocrx_word' id='word_1_18' title='bbox 880 1561 939 1643; x_wconf 83' lang='lat' dir='ltr'>jus</span> <span class='ocrx_word' id='word_1_19' title='bbox 958 1559 1239 1644; x_wconf 85' lang='lat' dir='ltr'>canonicum-per</span> <span class='ocrx_word' id='word_1_20' title='bbox 1256 1561 1296 1624; x_wconf 91' lang='lat' dir='ltr'>ti-</span> 
     </span>
     <span class='ocr_line' id='line_1_6' title="bbox 123 1657 1293 1752; baseline 0.007 -28"><span class='ocrx_word' id='word_1_21' title='bbox 123 1661 211 1726; x_wconf 89' lang='lat' dir='ltr'>tulos</span> <span class='ocrx_word' id='word_1_22' title='bbox 230 1661 410 1743; x_wconf 78' lang='lat' dir='ltr'>generales</span> <span class='ocrx_word' id='word_1_23' title='bbox 425 1662 466 1726; x_wconf 85' lang='lat' dir='ltr'>de</span> <span class='ocrx_word' id='word_1_24' title='bbox 483 1662 664 1728; x_wconf 82' lang='lat' dir='ltr'>Verborum</span> <span class='ocrx_word' id='word_1_25' title='bbox 678 1657 924 1748; x_wconf 67' lang='lat' dir='ltr'>sr&#39;pm&#39;fiootr&#39;oue</span> <span class='ocrx_word' id='word_1_26' title='bbox 943 1671 978 1730; x_wconf 91' lang='lat' dir='ltr'>et</span> <span class='ocrx_word' id='word_1_27' title='bbox 992 1667 1033 1731; x_wconf 85' lang='lat' dir='ltr'>de</span> <span class='ocrx_word' id='word_1_28' title='bbox 1046 1668 1182 1752; x_wconf 76' lang='lat' dir='ltr'>Repertis</span> <span class='ocrx_word' id='word_1_29' title='bbox 1191 1668 1293 1749; x_wconf 82' lang='lat' dir='ltr'>juris.</span> 
     </span>
     <span class='ocr_line' id='line_1_7' title="bbox 122 1770 1294 1859; baseline 0.008 -26"><span class='ocrx_word' id='word_1_30' title='bbox 122 1771 215 1837; x_wconf 86' lang='lat' dir='ltr'>Prior</span> <span class='ocrx_word' id='word_1_31' title='bbox 230 1770 347 1835; x_wconf 90' lang='lat' dir='ltr'>titulus</span> <span class='ocrx_word' id='word_1_32' title='bbox 367 1770 515 1854; x_wconf 88' lang='lat' dir='ltr'>complet</span> <span class='ocrx_word' id='word_1_33' title='bbox 533 1772 621 1838; x_wconf 87' lang='lat' dir='ltr'>diota</span> <span class='ocrx_word' id='word_1_34' title='bbox 634 1773 763 1856; x_wconf 89' lang='lat' dir='ltr'>passim</span> <span class='ocrx_word' id='word_1_35' title='bbox 783 1779 818 1838; x_wconf 89' lang='lat' dir='ltr'>et</span> <span class='ocrx_word' id='word_1_36' title='bbox 839 1775 974 1858; x_wconf 92' lang='lat' dir='ltr'>speciali</span> <span class='ocrx_word' id='word_1_37' title='bbox 996 1774 1110 1852; x_wconf 93' lang='lat' dir='ltr'>modo,</span> <span class='ocrx_word' id='word_1_38' title='bbox 1127 1776 1163 1840; x_wconf 91' lang='lat' dir='ltr'>in</span> <span class='ocrx_word' id='word_1_39' title='bbox 1184 1777 1294 1859; x_wconf 90' lang='lat' dir='ltr'>primo</span> 
     </span>
     <span class='ocr_line' id='line_1_8' title="bbox 120 1877 1295 1967; baseline 0.005 -27"><span class='ocrx_word' id='word_1_40' title='bbox 120 1877 217 1955; x_wconf 87' lang='lat' dir='ltr'>libro,</span> <span class='ocrx_word' id='word_1_41' title='bbox 232 1877 274 1943; x_wconf 93' lang='lat' dir='ltr'>de</span> <span class='ocrx_word' id='word_1_42' title='bbox 288 1877 570 1962; x_wconf 78' lang='lat' dir='ltr'>interpretatione</span> <span class='ocrx_word' id='word_1_43' title='bbox 579 1879 707 1960; x_wconf 83' lang='lat' dir='ltr'>legum;</span> <span class='ocrx_word' id='word_1_44' title='bbox 720 1899 801 1945; x_wconf 90' lang='lat' dir='ltr'>nam</span> <span class='ocrx_word' id='word_1_45' title='bbox 810 1881 846 1945; x_wconf 92' lang='lat' dir='ltr'>in</span> <span class='ocrx_word' id='word_1_46' title='bbox 860 1883 1011 1948; x_wconf 89' lang='lat' dir='ltr'>materiis</span> <span class='ocrx_word' id='word_1_47' title='bbox 1023 1881 1177 1965; x_wconf 89' lang='lat' dir='ltr'>juridicis</span> <span class='ocrx_word' id='word_1_48' title='bbox 1188 1901 1295 1967; x_wconf 85' lang='lat' dir='ltr'>quaes·</span> 
     </span>
     <span class='ocr_line' id='line_1_9' title="bbox 87 1985 1296 2082; baseline 0.007 -34"><span class='ocrx_word' id='word_1_49' title='bbox 87 2072 90 2082; x_wconf 30' lang='grc' dir='ltr'>Ι</span> <span class='ocrx_word' id='word_1_50' title='bbox 122 1986 232 2051; x_wconf 92' lang='lat' dir='ltr'>tiones</span> <span class='ocrx_word' id='word_1_51' title='bbox 257 1985 299 2051; x_wconf 92' lang='lat' dir='ltr'>de</span> <span class='ocrx_word' id='word_1_52' title='bbox 319 1987 458 2051; x_wconf 91' lang='lat' dir='ltr'>nomine</span> <span class='ocrx_word' id='word_1_53' title='bbox 482 2003 573 2070; x_wconf 77' lang='lat' dir='ltr'>saepe</span> <span class='ocrx_word' id='word_1_54' title='bbox 596 1988 737 2052; x_wconf 88' lang='lat' dir='ltr'>maximi</span> <span class='ocrx_word' id='word_1_55' title='bbox 765 1990 932 2054; x_wconf 88' lang='lat' dir='ltr'>momenti</span> <span class='ocrx_word' id='word_1_56' title='bbox 955 1994 1046 2067; x_wconf 91' lang='lat' dir='ltr'>sunt,</span> <span class='ocrx_word' id='word_1_57' title='bbox 1069 2010 1147 2057; x_wconf 90' lang='lat' dir='ltr'>oum</span> <span class='ocrx_word' id='word_1_58' title='bbox 1165 1992 1296 2075; x_wconf 75' lang='lat' dir='ltr'>Jurium</span> 
     </span>
     <span class='ocr_line' id='line_1_10' title="bbox 121 2094 1296 2176; baseline 0.004 -19"><span class='ocrx_word' id='word_1_59' title='bbox 121 2094 324 2176; x_wconf 82' lang='lat' dir='ltr'>interpretes</span> <span class='ocrx_word' id='word_1_60' title='bbox 339 2094 381 2158; x_wconf 91' lang='lat' dir='ltr'>ad</span> <span class='ocrx_word' id='word_1_61' title='bbox 399 2113 514 2160; x_wconf 89' lang='lat' dir='ltr'>rerum</span> <span class='ocrx_word' id='word_1_62' title='bbox 530 2095 842 2161; x_wconf 77' lang='lat' dir='ltr'>manifestationem</span> <span class='ocrx_word' id='word_1_63' title='bbox 854 2115 924 2162; x_wconf 95' lang='lat' dir='ltr'>non</span> <span class='ocrx_word' id='word_1_64' title='bbox 938 2099 1088 2174; x_wconf 91' lang='lat' dir='ltr'>veniant,</span> <span class='ocrx_word' id='word_1_65' title='bbox 1105 2098 1171 2162; x_wconf 89' lang='lat' dir='ltr'>nisi</span> <span class='ocrx_word' id='word_1_66' title='bbox 1183 2098 1296 2164; x_wconf 89' lang='lat' dir='ltr'>inves-</span> 
     </span>
     <span class='ocr_line' id='line_1_11' title="bbox 122 2201 1295 2289; baseline 0.003 -25"><span class='ocrx_word' id='word_1_67' title='bbox 122 2202 285 2282; x_wconf 82' lang='lat' dir='ltr'>tigatione</span> <span class='ocrx_word' id='word_1_68' title='bbox 299 2203 502 2278; x_wconf 90' lang='lat' dir='ltr'>verborum;</span> <span class='ocrx_word' id='word_1_69' title='bbox 521 2201 662 2268; x_wconf 87' lang='lat' dir='ltr'>ultimus</span> <span class='ocrx_word' id='word_1_70' title='bbox 679 2203 797 2268; x_wconf 89' lang='lat' dir='ltr'>titulus</span> <span class='ocrx_word' id='word_1_71' title='bbox 815 2204 953 2288; x_wconf 81' lang='lat' dir='ltr'>respicit</span> <span class='ocrx_word' id='word_1_72' title='bbox 970 2206 1073 2270; x_wconf 90' lang='lat' dir='ltr'>etiam</span> <span class='ocrx_word' id='word_1_73' title='bbox 1084 2205 1172 2289; x_wconf 67' lang='lat' dir='ltr'>iuris</span> <span class='ocrx_word' id='word_1_74' title='bbox 1190 2204 1295 2270; x_wconf 87' lang='lat' dir='ltr'>inter-</span> 
     </span>
     <span class='ocr_line' id='line_1_12' title="bbox 121 2310 1292 2398; baseline 0.006 -25"><span class='ocrx_word' id='word_1_75' title='bbox 121 2310 358 2392; x_wconf 82' lang='lat' dir='ltr'>pretationem,</span> <span class='ocrx_word' id='word_1_76' title='bbox 384 2316 419 2374; x_wconf 87' lang='lat' dir='ltr'>et</span> <span class='ocrx_word' id='word_1_77' title='bbox 439 2311 621 2395; x_wconf 86' lang='lat' dir='ltr'>specialem</span> <span class='ocrx_word' id='word_1_78' title='bbox 648 2316 827 2378; x_wconf 89' lang='lat' dir='ltr'>tractatum</span> <span class='ocrx_word' id='word_1_79' title='bbox 849 2313 1027 2378; x_wconf 88' lang='lat' dir='ltr'>constituit</span> <span class='ocrx_word' id='word_1_80' title='bbox 1050 2313 1292 2398; x_wconf 88' lang='lat' dir='ltr'>interpretibus</span> 
     </span>
     <span class='ocr_line' id='line_1_13' title="bbox 118 2418 709 2500; baseline 0.005 -18"><span class='ocrx_word' id='word_1_81' title='bbox 118 2418 206 2500; x_wconf 89' lang='lat' dir='ltr'>juris</span> <span class='ocrx_word' id='word_1_82' title='bbox 220 2422 254 2483; x_wconf 89' lang='lat' dir='ltr'>et</span> <span class='ocrx_word' id='word_1_83' title='bbox 266 2419 449 2483; x_wconf 88' lang='lat' dir='ltr'>moralistis</span> <span class='ocrx_word' id='word_1_84' title='bbox 464 2419 563 2484; x_wconf 90' lang='lat' dir='ltr'>valde</span> <span class='ocrx_word' id='word_1_85' title='bbox 579 2419 709 2485; x_wconf 91' lang='lat' dir='ltr'>utilem.</span> 
     </span>
    </p>
   </div>
   <div class='ocr_carea' id='block_1_6' title="bbox 538 2799 850 2875">
    <p class='ocr_par' dir='ltr' id='par_1_6' title="bbox 538 2799 850 2875">
     <span class='ocr_line' id='line_1_14' title="bbox 538 2799 850 2875; baseline 0 -2"><span class='ocrx_word' id='word_1_86' title='bbox 538 2799 746 2875; x_wconf 85' lang='lat' dir='ltr'><strong>&#39;TITULUS</strong></span> <span class='ocrx_word' id='word_1_87' title='bbox 778 2801 850 2874; x_wconf 87' lang='lat' dir='ltr'>XL.</span> 
     </span>
    </p>
   </div>
   <div class='ocr_carea' id='block_1_7' title="bbox 381 2979 1033 3037">
    <p class='ocr_par' dir='ltr' id='par_1_7' title="bbox 381 2979 1033 3037">
     <span class='ocr_line' id='line_1_15' title="bbox 381 2979 1033 3037; baseline -0.014 -7"><span class='ocrx_word' id='word_1_88' title='bbox 381 2985 424 3030; x_wconf 75' lang='lat' dir='ltr'>DE</span> <span class='ocrx_word' id='word_1_89' title='bbox 455 2985 644 3031; x_wconf 74' lang='lat' dir='ltr'>VERBORUM</span> <span class='ocrx_word' id='word_1_90' title='bbox 676 2984 969 3031; x_wconf 75' lang='lat' dir='ltr'>SlGNlFlGATIONE</span> <span class='ocrx_word' id='word_1_91' title='bbox 995 2979 1033 3037; x_wconf 79' lang='lat' dir='ltr'>(t).</span> 
     </span>
    </p>
   </div>
   <div class='ocr_carea' id='block_1_8' title="bbox 118 3277 1295 4661">
    <p class='ocr_par' dir='ltr' id='par_1_8' title="bbox 121 3277 1295 3688">
     <span class='ocr_line' id='line_1_16' title="bbox 162 3277 1292 3363; baseline 0.002 -20"><span class='ocrx_word' id='word_1_92' title='bbox 162 3279 196 3363; x_wconf 85' lang='lat' dir='ltr'>o)</span> <span class='ocrx_word' id='word_1_93' title='bbox 227 3280 367 3344; x_wconf 80' lang='lat' dir='ltr'>Verbum</span> <span class='ocrx_word' id='word_1_94' title='bbox 391 3278 446 3344; x_wconf 90' lang='lat' dir='ltr'>hic</span> <span class='ocrx_word' id='word_1_95' title='bbox 465 3279 611 3344; x_wconf 88' lang='lat' dir='ltr'>sumitur</span> <span class='ocrx_word' id='word_1_96' title='bbox 635 3297 697 3362; x_wconf 91' lang='lat' dir='ltr'>pro</span> <span class='ocrx_word' id='word_1_97' title='bbox 721 3279 815 3345; x_wconf 89' lang='lat' dir='ltr'>omni</span> <span class='ocrx_word' id='word_1_98' title='bbox 841 3277 1027 3344; x_wconf 80' lang='lat' dir='ltr'>directione</span> <span class='ocrx_word' id='word_1_99' title='bbox 1050 3278 1292 3360; x_wconf 78' lang='lat' dir='ltr'>significativa,</span> 
     </span>
     <span class='ocr_line' id='line_1_17' title="bbox 123 3387 1293 3472; baseline -0.001 -20"><span class='ocrx_word' id='word_1_100' title='bbox 123 3406 344 3472; x_wconf 77' lang='lat' dir='ltr'>quoecumque</span> <span class='ocrx_word' id='word_1_101' title='bbox 364 3405 441 3471; x_wconf 90' lang='lat' dir='ltr'>pars</span> <span class='ocrx_word' id='word_1_102' title='bbox 460 3387 620 3452; x_wconf 91' lang='lat' dir='ltr'>orationis</span> <span class='ocrx_word' id='word_1_103' title='bbox 640 3387 693 3451; x_wconf 88' lang='lat' dir='ltr'>sit.</span> <span class='ocrx_word' id='word_1_104' title='bbox 715 3387 753 3452; x_wconf 89' lang='lat' dir='ltr'>ln</span> <span class='ocrx_word' id='word_1_105' title='bbox 776 3388 894 3452; x_wconf 89' lang='lat' dir='ltr'>ordine</span> <span class='ocrx_word' id='word_1_106' title='bbox 906 3387 950 3452; x_wconf 93' lang='lat' dir='ltr'>ad</span> <span class='ocrx_word' id='word_1_107' title='bbox 963 3406 1038 3451; x_wconf 91' lang='lat' dir='ltr'>rem</span> <span class='ocrx_word' id='word_1_108' title='bbox 1055 3388 1293 3468; x_wconf 81' lang='lat' dir='ltr'>significatam,</span> 
     </span>
     <span class='ocr_line' id='line_1_18' title="bbox 122 3487 1295 3581; baseline 0.002 -22"><span class='ocrx_word' id='word_1_109' title='bbox 122 3501 190 3561; x_wconf 91' lang='lat' dir='ltr'>tres</span> <span class='ocrx_word' id='word_1_110' title='bbox 204 3500 284 3560; x_wconf 90' lang='lat' dir='ltr'>sunt</span> <span class='ocrx_word' id='word_1_111' title='bbox 299 3496 499 3579; x_wconf 84' lang='lat' dir='ltr'>partitiones</span> <span class='ocrx_word' id='word_1_112' title='bbox 514 3516 522 3559; x_wconf 91' lang='lat'>:</span> <span class='ocrx_word' id='word_1_113' title='bbox 538 3497 570 3559; x_wconf 78' lang='lat'>1⁰</span> <span class='ocrx_word' id='word_1_114' title='bbox 583 3497 732 3574; x_wconf 82' lang='lat' dir='ltr'>verbum,</span> <span class='ocrx_word' id='word_1_115' title='bbox 745 3487 811 3563; x_wconf 66' lang='lat' dir='ltr'>&#39;seu</span> <span class='ocrx_word' id='word_1_116' title='bbox 826 3497 940 3581; x_wconf 89' lang='lat' dir='ltr'>potius</span> <span class='ocrx_word' id='word_1_117' title='bbox 956 3497 1076 3573; x_wconf 81' lang='lat' dir='ltr'>oratio,</span> <span class='ocrx_word' id='word_1_118' title='bbox 1092 3496 1159 3561; x_wconf 92' lang='lat' dir='ltr'>alia</span> <span class='ocrx_word' id='word_1_119' title='bbox 1173 3497 1295 3562; x_wconf 87' lang='lat' dir='ltr'>dicitur</span> 
     </span>
     <span class='ocr_line' id='line_1_19' title="bbox 121 3603 611 3688; baseline -0.002 -22"><span class='ocrx_word' id='word_1_120' title='bbox 121 3605 345 3686; x_wconf 76' lang='lat' dir='ltr'>affimativa,</span> <span class='ocrx_word' id='word_1_121' title='bbox 363 3603 428 3668; x_wconf 91' lang='lat' dir='ltr'>alia</span> <span class='ocrx_word' id='word_1_122' title='bbox 440 3605 611 3688; x_wconf 78' lang='lat' dir='ltr'>nepatz&#39;oo.</span> 
     </span>
    </p>

    <p class='ocr_par' dir='ltr' id='par_1_9' title="bbox 118 3710 1294 3903">
     <span class='ocr_line' id='line_1_20' title="bbox 159 3710 1294 3797; baseline 0 -21"><span class='ocrx_word' id='word_1_123' title='bbox 159 3713 190 3776; x_wconf 51' lang='grc' dir='ltr'>Ψ</span> <span class='ocrx_word' id='word_1_124' title='bbox 205 3713 353 3776; x_wconf 86' lang='lat' dir='ltr'>Verbum</span> <span class='ocrx_word' id='word_1_125' title='bbox 369 3710 460 3776; x_wconf 88' lang='lat' dir='ltr'>aliud</span> <span class='ocrx_word' id='word_1_126' title='bbox 475 3717 528 3776; x_wconf 89' lang='lat' dir='ltr'>est</span> <span class='ocrx_word' id='word_1_127' title='bbox 549 3713 731 3796; x_wconf 70' lang='lat' dir='ltr'>stupratore,</span> <span class='ocrx_word' id='word_1_128' title='bbox 748 3711 839 3778; x_wconf 88' lang='lat' dir='ltr'>aliud</span> <span class='ocrx_word' id='word_1_129' title='bbox 850 3714 1072 3797; x_wconf 82' lang='lat' dir='ltr'>particulare,</span> <span class='ocrx_word' id='word_1_130' title='bbox 1096 3711 1187 3776; x_wconf 90' lang='lat' dir='ltr'>aliud</span> <span class='ocrx_word' id='word_1_131' title='bbox 1202 3711 1294 3776; x_wconf 82' lang='lat' dir='ltr'>inde-</span> 
     </span>
     <span class='ocr_line' id='line_1_21' title="bbox 118 3818 1192 3903; baseline 0.002 -22"><span class='ocrx_word' id='word_1_132' title='bbox 118 3821 265 3899; x_wconf 78' lang='lat' dir='ltr'>finitum,</span> <span class='ocrx_word' id='word_1_133' title='bbox 283 3819 375 3884; x_wconf 90' lang='lat' dir='ltr'>aliud</span> <span class='ocrx_word' id='word_1_134' title='bbox 389 3820 555 3903; x_wconf 80' lang='lat' dir='ltr'>pcnerole,</span> <span class='ocrx_word' id='word_1_135' title='bbox 569 3819 660 3886; x_wconf 91' lang='lat' dir='ltr'>aliud</span> <span class='ocrx_word' id='word_1_136' title='bbox 673 3821 874 3898; x_wconf 80' lang='lat' dir='ltr'>universale,</span> <span class='ocrx_word' id='word_1_137' title='bbox 891 3825 930 3886; x_wconf 92' lang='lat' dir='ltr'>ut</span> <span class='ocrx_word' id='word_1_138' title='bbox 944 3819 1067 3885; x_wconf 92' lang='lat' dir='ltr'>docent</span> <span class='ocrx_word' id='word_1_139' title='bbox 1079 3818 1192 3901; x_wconf 81' lang='lat' dir='ltr'>logici.</span> 
     </span>
    </p>

    <p class='ocr_par' dir='ltr' id='par_1_10' title="bbox 119 3925 1295 4661">
     <span class='ocr_line' id='line_1_22' title="bbox 159 3925 1292 4012; baseline 0.004 -22"><span class='ocrx_word' id='word_1_140' title='bbox 159 3930 192 3990; x_wconf 73' lang='grc' dir='ltr'>3ο</span> <span class='ocrx_word' id='word_1_141' title='bbox 208 3928 321 3992; x_wconf 87' lang='lat' dir='ltr'>Oratio</span> <span class='ocrx_word' id='word_1_142' title='bbox 343 3930 396 3990; x_wconf 90' lang='lat' dir='ltr'>est</span> <span class='ocrx_word' id='word_1_143' title='bbox 408 3925 465 3990; x_wconf 88' lang='lat' dir='ltr'>vel</span> <span class='ocrx_word' id='word_1_144' title='bbox 483 3927 691 4012; x_wconf 82' lang='lat' dir='ltr'>dispositiva,</span> <span class='ocrx_word' id='word_1_145' title='bbox 711 3927 767 3993; x_wconf 88' lang='lat' dir='ltr'>vel</span> <span class='ocrx_word' id='word_1_146' title='bbox 788 3929 1002 3992; x_wconf 81' lang='lat' dir='ltr'>enuntiativo</span> <span class='ocrx_word' id='word_1_147' title='bbox 1022 3947 1083 3992; x_wconf 91' lang='lat' dir='ltr'>seu</span> <span class='ocrx_word' id='word_1_148' title='bbox 1102 3927 1292 3994; x_wconf 80' lang='lat' dir='ltr'>narrative.</span> 
     </span>
     <span class='ocr_line' id='line_1_23' title="bbox 120 4031 1295 4119; baseline 0.003 -22"><span class='ocrx_word' id='word_1_149' title='bbox 120 4035 246 4099; x_wconf 81' lang='lat' dir='ltr'>[licitur</span> <span class='ocrx_word' id='word_1_150' title='bbox 255 4031 484 4110; x_wconf 79' lang='lat' dir='ltr'>enuntiativa,</span> <span class='ocrx_word' id='word_1_151' title='bbox 502 4034 639 4118; x_wconf 91' lang='lat' dir='ltr'>quando</span> <span class='ocrx_word' id='word_1_152' title='bbox 658 4035 818 4119; x_wconf 83' lang='lat' dir='ltr'>exprimit</span> <span class='ocrx_word' id='word_1_153' title='bbox 837 4035 887 4098; x_wconf 90' lang='lat' dir='ltr'>rei</span> <span class='ocrx_word' id='word_1_154' title='bbox 910 4035 982 4099; x_wconf 92' lang='lat' dir='ltr'>sive</span> <span class='ocrx_word' id='word_1_155' title='bbox 997 4039 1092 4099; x_wconf 89' lang='lat' dir='ltr'>actus</span> <span class='ocrx_word' id='word_1_156' title='bbox 1110 4035 1198 4114; x_wconf 83' lang='lat' dir='ltr'>gesti</span> <span class='ocrx_word' id='word_1_157' title='bbox 1216 4037 1295 4101; x_wconf 91' lang='lat' dir='ltr'>sub-</span> 
     </span>
     <span class='ocr_line' id='line_1_24' title="bbox 120 4139 1295 4225; baseline 0.002 -19"><span class='ocrx_word' id='word_1_158' title='bbox 120 4142 292 4218; x_wconf 88' lang='lat' dir='ltr'>stantiam,</span> <span class='ocrx_word' id='word_1_159' title='bbox 308 4159 369 4205; x_wconf 92' lang='lat' dir='ltr'>seu</span> <span class='ocrx_word' id='word_1_160' title='bbox 383 4139 417 4204; x_wconf 94' lang='lat' dir='ltr'>id</span> <span class='ocrx_word' id='word_1_161' title='bbox 434 4141 525 4224; x_wconf 87' lang='lat' dir='ltr'>quod</span> <span class='ocrx_word' id='word_1_162' title='bbox 542 4141 583 4205; x_wconf 90' lang='lat' dir='ltr'>de</span> <span class='ocrx_word' id='word_1_163' title='bbox 603 4142 763 4225; x_wconf 76' lang='lat' dir='ltr'>praesenti</span> <span class='ocrx_word' id='word_1_164' title='bbox 783 4147 817 4205; x_wconf 90' lang='lat' dir='ltr'>et</span> <span class='ocrx_word' id='word_1_165' title='bbox 833 4140 1063 4225; x_wconf 88' lang='lat' dir='ltr'>principaliter</span> <span class='ocrx_word' id='word_1_166' title='bbox 1076 4147 1189 4205; x_wconf 90' lang='lat' dir='ltr'>actum</span> <span class='ocrx_word' id='word_1_167' title='bbox 1206 4148 1260 4206; x_wconf 88' lang='lat' dir='ltr'>est</span> <span class='ocrx_word' id='word_1_168' title='bbox 1274 4162 1295 4208; x_wconf 94' lang='lat' dir='ltr'>a</span> 
     </span>
     <span class='ocr_line' id='line_1_25' title="bbox 119 4249 1295 4334; baseline -0.001 -19"><span class='ocrx_word' id='word_1_169' title='bbox 119 4251 319 4333; x_wconf 89' lang='lat' dir='ltr'>disponente</span> <span class='ocrx_word' id='word_1_170' title='bbox 330 4269 399 4316; x_wconf 91' lang='lat' dir='ltr'>uno</span> <span class='ocrx_word' id='word_1_171' title='bbox 414 4249 640 4334; x_wconf 87' lang='lat' dir='ltr'>velpluribus,</span> <span class='ocrx_word' id='word_1_172' title='bbox 653 4267 673 4314; x_wconf 90' lang='lat' dir='ltr'>a</span> <span class='ocrx_word' id='word_1_173' title='bbox 688 4249 1018 4333; x_wconf 86' lang='lat' dir='ltr'>quorumvoluntate</span> <span class='ocrx_word' id='word_1_174' title='bbox 1033 4249 1295 4332; x_wconf 79' lang='lat' dir='ltr'>pendetllnoo-</span> 
     </span>
     <span class='ocr_line' id='line_1_26' title="bbox 119 4357 1295 4443; baseline -0.001 -22"><span class='ocrx_word' id='word_1_175' title='bbox 119 4361 241 4422; x_wconf 80' lang='lat' dir='ltr'>tr&#39;otz&#39;oo</span> <span class='ocrx_word' id='word_1_176' title='bbox 254 4364 316 4437; x_wconf 90' lang='lat' dir='ltr'>est,</span> <span class='ocrx_word' id='word_1_177' title='bbox 328 4378 395 4443; x_wconf 88' lang='lat' dir='ltr'>qua</span> <span class='ocrx_word' id='word_1_178' title='bbox 407 4359 534 4443; x_wconf 89' lang='lat' dir='ltr'>aliquid</span> <span class='ocrx_word' id='word_1_179' title='bbox 548 4360 694 4423; x_wconf 88' lang='lat' dir='ltr'>refertur</span> <span class='ocrx_word' id='word_1_180' title='bbox 708 4357 899 4422; x_wconf 89' lang='lat' dir='ltr'>incidenter</span> <span class='ocrx_word' id='word_1_181' title='bbox 916 4357 1039 4432; x_wconf 91' lang='lat' dir='ltr'>solum,</span> <span class='ocrx_word' id='word_1_182' title='bbox 1055 4357 1125 4422; x_wconf 91' lang='lat' dir='ltr'>sive</span> <span class='ocrx_word' id='word_1_183' title='bbox 1136 4358 1295 4442; x_wconf 85' lang='lat' dir='ltr'>exprimi-</span> 
     </span>
     <span class='ocr_line' id='line_1_27' title="bbox 120 4463 1294 4553; baseline -0.003 -20"><span class='ocrx_word' id='word_1_184' title='bbox 120 4474 175 4533; x_wconf 86' lang='lat' dir='ltr'>tur</span> <span class='ocrx_word' id='word_1_185' title='bbox 189 4468 280 4553; x_wconf 82' lang='lat' dir='ltr'>q&#39;uod</span> <span class='ocrx_word' id='word_1_186' title='bbox 298 4487 369 4534; x_wconf 93' lang='lat' dir='ltr'>non</span> <span class='ocrx_word' id='word_1_187' title='bbox 387 4467 429 4532; x_wconf 92' lang='lat' dir='ltr'>de</span> <span class='ocrx_word' id='word_1_188' title='bbox 446 4467 606 4550; x_wconf 81' lang='lat' dir='ltr'>praesenti</span> <span class='ocrx_word' id='word_1_189' title='bbox 620 4465 663 4530; x_wconf 89' lang='lat' dir='ltr'>ab</span> <span class='ocrx_word' id='word_1_190' title='bbox 681 4463 755 4548; x_wconf 91' lang='lat' dir='ltr'>ipso</span> <span class='ocrx_word' id='word_1_191' title='bbox 774 4463 989 4550; x_wconf 89' lang='lat' dir='ltr'>disponente,</span> <span class='ocrx_word' id='word_1_192' title='bbox 1009 4463 1069 4528; x_wconf 91' lang='lat' dir='ltr'>sed</span> <span class='ocrx_word' id='word_1_193' title='bbox 1084 4466 1126 4529; x_wconf 87' lang='lat' dir='ltr'>ab</span> <span class='ocrx_word' id='word_1_194' title='bbox 1145 4463 1223 4542; x_wconf 89' lang='lat' dir='ltr'>alio,</span> <span class='ocrx_word' id='word_1_195' title='bbox 1239 4465 1294 4530; x_wconf 86' lang='lat' dir='ltr'>vel</span> 
     </span>
     <span class='ocr_line' id='line_1_28' title="bbox 119 4557 785 4661; baseline -0.006 -20"><span class='ocrx_word' id='word_1_196' title='bbox 119 4577 159 4642; x_wconf 94' lang='lat' dir='ltr'>de</span> <span class='ocrx_word' id='word_1_197' title='bbox 175 4577 345 4661; x_wconf 84' lang='lat' dir='ltr'>praeterito</span> <span class='ocrx_word' id='word_1_198' title='bbox 360 4581 474 4642; x_wconf 88' lang='lat' dir='ltr'>aetum</span> <span class='ocrx_word' id='word_1_199' title='bbox 490 4579 552 4640; x_wconf 90' lang='lat' dir='ltr'>est.</span> <span class='ocrx_word' id='word_1_200' title='bbox 779 4557 785 4578; x_wconf 80' lang='lat'>&#39;</span> 
     </span>
    </p>
   </div>
   <div class='ocr_carea' id='block_1_9' title="bbox 148 4747 1215 4818">
    <p class='ocr_par' dir='ltr' id='par_1_11' title="bbox 148 4747 1215 4818">
     <span class='ocr_line' id='line_1_29' title="bbox 148 4747 1215 4818; baseline -0.002 -16"><span class='ocrx_word' id='word_1_201' title='bbox 148 4753 183 4818; x_wconf 84' lang='lat' dir='ltr'>(t)</span> <span class='ocrx_word' id='word_1_202' title='bbox 198 4752 264 4806; x_wconf 81' lang='lat' dir='ltr'>Vide</span> <span class='ocrx_word' id='word_1_203' title='bbox 278 4751 411 4814; x_wconf 78' lang='lat' dir='ltr'>Pendeat,</span> <span class='ocrx_word' id='word_1_204' title='bbox 426 4751 453 4804; x_wconf 86' lang='lat' dir='ltr'>h.</span> <span class='ocrx_word' id='word_1_205' title='bbox 466 4755 496 4816; x_wconf 84' lang='lat' dir='ltr'>t,</span> <span class='ocrx_word' id='word_1_206' title='bbox 513 4754 540 4803; x_wconf 84' lang='lat' dir='ltr'>et</span> <span class='ocrx_word' id='word_1_207' title='bbox 550 4750 597 4801; x_wconf 83' lang='lat' dir='ltr'>lib.</span> <span class='ocrx_word' id='word_1_208' title='bbox 613 4747 720 4808; x_wconf 74' lang='lat' dir='ltr'>xxxiv,</span> <span class='ocrx_word' id='word_1_209' title='bbox 737 4748 777 4800; x_wconf 90' lang='lat' dir='ltr'>tit.</span> <span class='ocrx_word' id='word_1_210' title='bbox 794 4759 824 4810; x_wconf 71' lang='grc' dir='ltr'>νς</span> <span class='ocrx_word' id='word_1_211' title='bbox 837 4748 901 4798; x_wconf 90' lang='lat' dir='ltr'>Cod.</span> <span class='ocrx_word' id='word_1_212' title='bbox 919 4747 965 4799; x_wconf 85' lang='lat' dir='ltr'>llh.</span> <span class='ocrx_word' id='word_1_213' title='bbox 981 4747 1024 4808; x_wconf 85' lang='lat' dir='ltr'>Vl,</span> <span class='ocrx_word' id='word_1_214' title='bbox 1040 4747 1079 4798; x_wconf 90' lang='lat' dir='ltr'>tit.</span> <span class='ocrx_word' id='word_1_215' title='bbox 1097 4759 1215 4800; x_wconf 81' lang='lat' dir='ltr'>xxxvur.</span> 
     </span>
    </p>
   </div>
   <div class='ocr_carea' id='block_1_10' title="bbox 0 0 1698 5582">
    <p class='ocr_par' dir='ltr' id='par_1_12' title="bbox 0 0 1698 5582">
     <span class='ocr_line' id='line_1_30' title="bbox 0 0 1698 5582; baseline 0 1"><span class='ocrx_word' id='word_1_216' title='bbox 0 0 1698 5582; x_wconf 95' lang='lat' dir='ltr'> </span> 
     </span>
    </p>
   </div>
  </div>
 </body>
</html>
