3418 5566
368 517 429 584 est
825 533 876 580 rus
896 531 1076 580 esaomeurs.

407 653 545 718 Materia
557 652 648 717 illius
662 651 802 718 subduci
816 657 930 736 potest
950 670 971 718 a
989 655 1158 736 praeoepto
1183 650 1339 730 naturali0
1355 667 1434 716 oum
1447 651 1537 717 Deus

367 779 411 826 ex
425 759 526 825 certis
540 749 651 825 oensis
676 760 734 824 det
758 761 816 842 Jus
842 765 877 824 et
890 765 1095 843 potestatem
1120 759 1156 822 in
1170 758 1276 823 vitam
1289 759 1447 826 hominis.
1468 759 1537 826 lloe

367 872 538 950 negarunt
550 867 759 944 waldenses,
774 871 809 932 et
826 867 927 933 hodie
949 867 1088 952 quidam
1101 867 1358 952 pseudopolitiei
1377 867 1536 933 eumdem

367 995 518 1042 errorem
541 979 770 1060 propugnant,
794 978 914 1040 eontra
934 993 1153 1041 communem
1173 973 1376 1059 populorum
1402 979 1536 1041 senten-

366 1081 449 1148 tiam
465 1087 500 1148 et
509 1083 652 1167 praxim.

404 1188 527 1256 Contra
539 1189 603 1256 hos
620 1190 833 1258 adversarios
849 1189 999 1273 theologi
1027 1195 1062 1256 et
1082 1189 1276 1275 philosophi
1295 1192 1442 1276 probant
1464 1191 1535 1257 dari

362 1315 464 1382 possa
485 1299 595 1382 juset
617 1304 820 1382 potestatem
840 1301 876 1364 in
899 1299 1004 1364 vitam
1026 1299 1174 1365 hominis
1192 1299 1228 1363 in
1252 1299 1454 1383 quibusdam
1474 1300 1534 1365 oir-

362 1407 586 1474 oumstantiis.
602 1407 748 1474 Evidens
762 1413 825 1486 est,
840 1409 951 1474 Deum
964 1407 1090 1473 habere
1101 1411 1159 1492 jus
1173 1409 1210 1472 in
1223 1408 1331 1473 vitam
1342 1407 1532 1486 hominum,

363 1515 522 1602 illiusque
541 1517 629 1602 juris
648 1519 847 1584 exercitium
866 1517 1023 1600 delegare
1043 1533 1169 1601 posse:
1190 1516 1232 1583 de
1254 1515 1328 1583 solo
1345 1518 1435 1583 lecto
1458 1517 1534 1583 talis

366 1623 590 1708 delegationis
609 1628 752 1711 queastio
773 1627 904 1693 moveri
919 1630 1045 1711 posset,
1063 1625 1186 1692 saltem
1199 1627 1289 1692 inter
1312 1625 1388 1692 illos
1403 1628 1460 1710 qui
1474 1626 1534 1692 Dei

364 1733 581 1801 existentiam
601 1740 636 1801 et
661 1755 862 1821 supremum
887 1735 1078 1802 dominium
1097 1735 1282 1801 admittunt
1297 1756 1305 1812 ;
1323 1734 1384 1801 sed
1407 1737 1534 1801 laetum

362 1845 507 1919 onustat,
524 1860 595 1910 nou
608 1844 714 1910 modo
739 1863 783 1909 ex
800 1849 917 1928 aperta
938 1843 1146 1910 revelatione
1160 1843 1196 1908 in
1211 1843 1400 1927 seripturis,
1412 1859 1534 1908 uerum

361 1948 465 2014 etiam
477 1967 521 2015 ex
533 1951 755 2034 persuasione
769 1952 924 2018 omnium
935 1952 1090 2034 gentium
1104 1955 1140 2016 et
1152 1951 1225 2035 ipsa
1235 1949 1312 2032 lege
1327 1955 1457 2017 nature
1473 1969 1535 2017 seu

361 2057 563 2124 necessitate
576 2058 651 2124 talis
666 2058 902 2142 delegationis.
912 2055 1157 2137 Rationalem,
1169 2059 1227 2143 qui
1242 2058 1409 2140 originem
1422 2058 1533 2124 omnis

357 2165 445 2248 juris
457 2171 616 2250 repetunt
628 2186 650 2234 a
663 2169 736 2236 sola
749 2169 926 2235 voluntate
942 2169 1104 2246 humana,
1115 2170 1292 2252 nequeunt
1303 2167 1482 2233 admittere
1496 2167 1532 2231 in

361 2273 522 2341 societate
534 2277 592 2360 Jus
605 2277 642 2341 in
653 2278 760 2342 vitam
773 2274 935 2353 hominis,
949 2293 1030 2342 eum
1043 2275 1158 2342 nullus
1171 2276 1275 2343 homo
1287 2277 1345 2360 jus
1359 2276 1484 2342 haheat
1495 2275 1531 2340 in

358 2383 532 2466 propriam
543 2385 658 2449 vitam.
675 2383 741 2450 Sed
754 2383 809 2450 hio
822 2403 893 2450 non
907 2383 1119 2469 disputamus
1131 2401 1211 2450 eum
1223 2383 1455 2468 rationalistis,
1471 2381 1531 2448 sod

359 2507 440 2555 oum
465 2487 661 2578 hominibus
680 2491 773 2557 san‘ae
796 2491 931 2556 mentis.
955 2490 1144 2558 cononistis
1164 2491 1268 2574 igitur
1280 2495 1436 2557 remanet
1449 2506 1531 2575 pree·

360 2597 479 2662 sertim
501 2595 598 2664 labor
616 2597 810 2684 inquirendi
833 2615 954 2666 causas
972 2617 1017 2666 ex
1040 2598 1163 2684 quihus
1177 2597 1398 2667 homioidium
1423 2597 1531 2682 possit

361 2705 735 2792 osselieitum.ltsque,
1163 2693 1166 2702 ’

831 2927 988 2997 seatio
1015 2927 1058 2998 ll.

522 3091 571 3152 Da
601 3089 779 3155 tentante
801 3097 1005 3162 voluntario,
1028 3096 1119 3151 hotto
1141 3090 1197 3152 trel
1230 3098 1356 3154 usura

573 3282 590 3357 5
605 3285 627 3340 1.
642 3281 840 3342 Hesiodium
856 3283 1035 3344 auctoritate
1046 3281 1167 3357 publico
1178 3283 1303 3358 [aetem.

396 3453 431 3536 a)
453 3447 657 3536 Reipublicae
685 3451 849 3535 competit
867 3455 1018 3534 potestas
1043 3469 1086 3518 ex
1105 3449 1199 3535 justa
1224 3471 1328 3520 eausa
1350 3455 1523 3522 oooidendi

354 3555 540 3625 homiuem.
556 3558 705 3634 Constat,
722 3560 754 3623 1ο
769 3575 811 3623 ex
821 3560 899 3642 jure
914 3557 1071 3636 naturali,
1089 3559 1235 3626 diotante
1249 3561 1434 3628 resecanda
1447 3581 1523 3628 esse

354 3668 509 3733 membra
523 3666 654 3743 nociva,
667 3685 711 3732 na
725 3670 838 3732 totum
850 3683 973 3750 eorpus
988 3665 1174 3744 infloiatur;
1189 3669 1221 3732 9·
1239 3687 1282 3733 ex
1292 3671 1370 3752 jure
1383 3669 1521 3736 divino:

352 3772 471 3852 Faod„
482 3793 559 3852 xxrr,
575 3775 614 3839 18
626 3793 664 3839 :a
681 3773 850 3840 Maletlem
864 3791 935 3840 non
946 3773 1084 3858 patieris
1094 3775 1227 3853 vivere;
1244 3803 1260 3836 >›
1274 3775 1460 3856 Rom.,x1n,
1477 3778 1520 3842 d:

352 3881 444 3949 «Non
454 3883 527 3948 sine
536 3900 641 3950 eausa
649 3881 800 3964 gladium
812 3886 925 3965 portat
935 3883 1188 3966 (magistratus);
1197 3884 1258 3949 Dei
1269 3886 1360 3950 enim
1367 3887 1524 3951 minister

351 3993 413 4068 est,
429 3989 557 4084 vindere
569 3991 605 4055 in
618 3991 704 4055 iram
719 3989 751 4054 ei
762 3989 820 4074 qui
833 3987 964 4054 malum
977 3989 1063 4071 agit3
1083 4015 1098 4048 u
1111 3991 1144 4054 3·
1160 4009 1203 4056 ex
1215 3995 1293 4074 jure
1306 3977 1469 4072 humano,
1484 4001 1522 4058 nt

348 4101 443 4181 patet
461 4117 505 4165 ex
518 4098 677 4164 omnihus
692 4097 866 4164 oodioibus
879 4115 942 4163 seu
956 4097 1224 4164 ordinationibus
1238 4101 1479 4168 oriminalibus.

388 4205 417 4289 d)
426 4205 493 4273 Sed
502 4207 721 4293 quandonam
729 4225 790 4272 seu
799 4207 835 4270 in
845 4206 1051 4290 quibusnam
1060 4206 1323 4274 circumstantiis
1331 4209 1521 4296 respublica

346 4315 455 4397 possit
477 4301 637 4382 exeruere
658 4313 751 4381 illam
770 4318 997 4398 potestatem?
1017 4315 1147 4382 Gravia
1167 4316 1301 4394 delicta,
1327 4318 1520 4404 reipublicae

345 4421 460 4500 noxia,
478 4428 559 4490 sunt
570 4425 665 4508 juste
680 4439 785 4490 eausa
801 4419 978 4489 occidendi¹
993 4421 1230 4490 malefactores
1243 4427 1443 4492 auctoritate
1462 4445 1520 4512 pu·

345 4529 443 4609 hlioa,
459 4537 498 4596 ut
507 4535 580 4617 jam
593 4535 728 4600 oonstat
740 4549 784 4596 ax
795 4531 931 4614 jur-ihus
947 4548 1050 4614 supra
1071 4531 1236 4614 allegatis.
1254 4533 1350 4601 Ratio
1365 4540 1427 4612 est,
1441 4538 1519 4621 quia

345 4643 516 4726 privatum
529 4642 659 4708 honum
673 4641 752 4706 vitae
764 4638 1041 4723 postponendum
1063 4645 1116 4707 est
1132 4641 1266 4724 puhlioo
1294 4645 1384 4710 hono
1407 4645 1519 4728 reipu-
