3418 5566
365 485 425 548 352
829 498 880 547 sus
898 497 1076 548 maculauit.

366 619 558 714 necessaria
577 618 620 683 ad
640 619 915 686 constituendam
934 621 1099 686 malitiam
1119 619 1303 696 homicidii,
1322 621 1360 683 ut
1373 617 1401 682 si
1416 615 1539 683 alteru·

366 733 458 809 trum
472 727 570 804 desit,
591 727 812 792 homicidium
830 729 1053 794 commissum
1076 746 1150 794 esse
1171 746 1242 793 non
1262 731 1452 792 censeatur.
1468 723 1539 790 Hoc

366 855 449 918 ergo
475 834 635 920 supponit
656 853 784 900 nexum
808 823 980 908 causalem
1005 835 1285 916 internetionem
1311 835 1475 917 injustam
1504 837 1539 896 et

366 943 495 1009 casdem
504 944 625 1028 ipsam,
641 943 712 1010 sive
723 945 809 1010 actio
820 945 948 1028 injusta
961 947 1175 1011 lueritcausa
1186 940 1537 1029 physicavelmeralis

366 1051 626 1118 exanimationis
644 1073 651 1116 :
670 1071 773 1119 causa
793 1053 887 1120 enim
901 1055 1038 1120 moralis
1058 1059 1112 1121 est
1127 1072 1210 1120 vera
1222 1071 1336 1130 causa,
1353 1055 1424 1117 tarn
1440 1051 1540 1116 elleo-

367 1161 438 1228 tiva
453 1180 556 1247 quam
572 1164 739 1242 allectiva,
757 1165 888 1230 mortis.

406 1269 445 1334 ln
456 1272 563 1354 praxi,
576 1291 646 1338 non
656 1290 792 1355 semper
804 1272 901 1339 facile
916 1273 1162 1339 determinatur
1171 1273 1244 1338 haec
1253 1270 1444 1348 causalitas,
1456 1288 1540 1355 prse-

367 1379 484 1443 sertim
497 1379 633 1463 quande
645 1400 716 1445 nen
724 1380 824 1446 datur
834 1381 900 1445 nisi
909 1400 1020 1446 nexus
1030 1381 1251 1448 occasionalis
1263 1382 1353 1446 inter
1363 1377 1540 1446 laesionem

368 1491 403 1550 et
413 1491 571 1552 mortem.
584 1487 721 1568 Tamen,
733 1491 884 1556 insensu
898 1489 1020 1567 latiori,
1033 1491 1192 1576 quaehhet
1201 1491 1325 1556 ablatio
1335 1491 1425 1565 vitae,
1437 1488 1540 1553 etiam

367 1593 605 1672 avalonam,
621 1597 663 1661 aa
677 1595 816 1664 homine
830 1581 930 1674 raon,
949 1598 1072 1665 uisitur
1086 1597 1317 1664 homicidium.

406 1701 535 1766 Dicitur
546 1703 579 1766 3⁰
592 1723 599 1766 :
613 1728 629 1762 «
642 1705 684 1768 ah
696 1705 836 1771 homine
849 1731 876 1783 a,
890 1725 971 1772 nam
981 1705 1009 1771 si
1019 1707 1122 1772 home
1131 1707 1303 1772 occidatur
1315 1725 1335 1770 a
1345 1704 1458 1781 bruto,
1469 1721 1540 1768 nen

368 1810 501 1894 proprie
515 1809 747 1888 homicidium,
761 1812 821 1878 sad
834 1815 1014 1897 pauperies
1024 1813 1226 1898 appellatum
1238 1813 1346 1878 multe
1356 1813 1471 1876 minus
1481 1811 1540 1876 ho·

368 1911 544 1977 mieidium
555 1914 630 1993 erit,
647 1913 859 1980 sihomoare
869 1916 1066 1994 inanimata,
1076 1936 1109 1980 v.
1122 1935 1155 1998 g.
1166 1935 1187 1982 a
1199 1915 1341 1981 lulmine
1356 1914 1537 1980 occidatur.

409 2021 439 2102 d)
449 2019 684 2100 Homicidium,
700 2041 743 2087 ex
757 2025 917 2107 praesenti
929 2025 1072 2101 rubrica,
1086 2024 1248 2088 dividitur
1261 2025 1297 2088 in
1309 2023 1541 2089 voluntarium

368 2134 404 2194 et
415 2128 561 2198 casuale.

409 2242 441 2305 1ο
458 2241 693 2308 Voluntarium
709 2247 761 2308 est
776 2243 867 2328 quod
881 2245 919 2308 tit
932 2263 1012 2310 cum
1024 2245 1214 2310 intentione
1229 2241 1403 2310 occidendi
1419 2240 1476 2307 vel
1490 2239 1538 2306 di-

369 2353 460 2413 recte
472 2353 508 2415 et
520 2350 556 2414 in
571 2368 618 2426 se,
633 2356 673 2415 ut
685 2351 714 2416 si
730 2351 822 2416 ferro
837 2351 975 2417 Petrum
987 2353 1101 2430 ierias,
1116 2353 1231 2419 anime
1244 2349 1421 2418 occidendi
1431 2349 1538 2424 illurn,

371 2454 426 2520 vel
435 2455 598 2523 indirecte
610 2462 645 2523 et
655 2458 692 2522 in
704 2477 817 2535 causa,
832 2463 870 2523 ut
884 2461 913 2524 si
928 2460 1003 2544 quis
1014 2459 1168 2545 sclcpum
1180 2459 1363 2545 exploserit
1376 2460 1412 2523 in
1427 2457 1542 2522 locum

370 2563 585 2647 frequentem
599 2565 806 2644 hominihus,
824 2571 859 2632 et
876 2567 955 2632 inde
975 2568 1097 2652 aliquis
1112 2567 1299 2644 occidatur;
1316 2568 1350 2631 in
1368 2567 1433 2630 hoe
1448 2583 1539 2640 casu,

371 2688 464 2738 mors
478 2691 549 2738 non
571 2674 760 2739 intenditur
779 2657 969 2741 formaliter
991 2680 1025 2741 et
1044 2676 1211 2760 explicite,
1230 2676 1290 2741 sed
1302 2675 1441 2769 ponitur
1455 2674 1543 2738 actio

372 2797 415 2843 ex
430 2799 496 2864 qua
509 2782 684 2848 moraliter
697 2787 790 2848 certo
807 2789 965 2849 secutura
978 2790 1031 2849 est
1045 2803 1138 2850 mers
1152 2805 1158 2847 :
1175 2803 1237 2868 per
1251 2802 1288 2848 se
1301 2789 1335 2847 et
1348 2780 1544 2847 immediate

371 2904 465 2952 mers
479 2891 643 2973 sequitur,
659 2909 729 2957 non
744 2909 805 2974 per
819 2891 986 2970 accidens,
1004 2893 1188 2957 exactione
1201 2891 1403 2957 voluntaria.

411 2995 444 3058 9⁰
460 2994 605 3060 Coscole
618 3015 676 3062 seu
689 2996 957 3064 involuntarium
972 3004 1025 3063 est
1038 2998 1128 3083 quod
1140 3000 1179 3063 ιιι
1188 2999 1262 3063 sine
1274 2998 1343 3063 ulla
1354 2997 1543 3062 intentione

374 3102 498 3169 directe
513 3104 569 3170 vel
581 3105 745 3172 indirecte
766 3107 940 3173 occidendi
962 3113 1000 3172 ut
1020 3108 1048 3172 si
1071 3109 1146 3192 quis
1165 3109 1331 3173 moriatur
1345 3126 1388 3172 ex
1402 3105 1544 3170 vulnere

373 3231 443 3278 non
454 3213 570 3278 lethali
585 3215 776 3297 achirurgo
791 3216 947 3300 imperito
962 3218 1062 3282 lactc.

413 3323 440 3406 c)
449 3323 685 3388 voluntarium
699 3323 925 3390 subdividitur
936 3327 972 3392 iu
982 3330 1115 3409 justum
1128 3331 1163 3390 et
1176 3325 1353 3410 injustum.
1367 3326 1399 3389 1⁰
1410 3325 1544 3389 lustum

374 3436 437 3508 est,
453 3430 544 3516 quod
560 3432 599 3494 llt
618 3433 816 3498 auctoritate
836 3433 970 3516 puhh0a
981 3434 1024 3499 ad
1038 3434 1223 3500 vindictam
1237 3433 1385 3512 sceleris,
1399 3430 1455 3496 vel
1470 3449 1545 3496 auc·

374 3542 509 3607 toritate
523 3541 655 3624 privata
668 3542 710 3607 ad
720 3545 948 3610 necessariam
964 3547 1016 3610 sui
1029 3545 1274 3611 defensionem.
1289 3543 1328 3608 ln
1341 3543 1451 3628 primo
1465 3557 1546 3608 casu

301 3633 304 3640 ’
376 3653 429 3713 εει
441 3649 645 3732 punitivum,
661 3667 741 3713 cum
755 3649 868 3716 fiatad
881 3651 1055 3735 punienda
1069 3653 1204 3730 delicta;
1215 3653 1251 3718 in
1262 3650 1412 3716 secundo
1421 3655 1473 3716 est
1484 3668 1544 3716 ne·

375 3754 561 3820 cessarium
573 3773 612 3820 ac
626 3755 852 3836 detersivum,
868 3776 947 3822 cum
963 3761 1037 3843 quis
1053 3779 1089 3825 se
1104 3760 1159 3825 vel
1173 3779 1228 3825 res
1246 3778 1325 3826 suas
1342 3755 1546 3823 delendendi

376 3879 479 3927 causa
491 3863 681 3928 interlicere
696 3870 848 3946 cogatur.
864 3865 898 3928 ιθ
910 3866 1080 3948 lnjustcm
1095 3873 1158 3946 est,
1174 3867 1264 3954 quod
1286 3869 1326 3931 tlt
1339 3865 1456 3932 dolose
1469 3881 1548 3930 con·

377 3975 429 4035 tra
441 3971 704 4054 prohihitionem
720 3972 822 4054 legis3
837 3979 888 4038 est
902 3973 984 4039 illud
997 3976 1052 4040 cui
1068 3975 1299 4060 propriissime
1314 3975 1476 4041 convenit
1492 3973 1562 4048 de·¹

375 4080 484 4147 finitio
500 4080 655 4164 superius
670 4080 758 4146 data.
775 4081 955 4164 lnjustum,
980 4101 1023 4146 ex
1043 4081 1146 4148 mode
1169 4101 1235 4168 que
1254 4085 1304 4160 tlt,
1321 4080 1548 4148 subdividitur

375 4188 412 4251 in
430 4188 583 4273 simplae,
600 4187 691 4273 quod
711 4190 750 4252 fit
769 4190 842 4253 sine
856 4191 982 4273 praevia
1001 4189 1263 4270 dehheratiohe,
1277 4191 1357 4256 licet
1370 4209 1415 4256 ex
1429 4189 1545 4255 animo

377 4297 562 4374 occidendi,
579 4302 614 4363 et
624 4299 844 4363 deliberatum
865 4318 927 4364 seu
936 4299 1222 4384 premeditatum,
1239 4300 1329 4386 quod
1339 4299 1378 4364 ιιι
1392 4318 1435 4364 ex
1445 4299 1548 4363 inter·

376 4405 480 4484 vallo,
506 4424 661 4472 seucum
684 4408 811 4491 praevia
830 4409 1019 4474 intentione
1041 4409 1229 4487 occidendi3
1251 4409 1328 4474 etsi
1354 4427 1397 4473 ex
1417 4405 1549 4471 insidiis

377 4517 440 4580 suh
456 4517 567 4600 specie
581 4515 748 4594 amicitiae,
765 4519 842 4594 etc,
858 4515 980 4582 dicitur
993 4518 1240 4610 qualrltcatum,
1258 4517 1337 4601 quia
1349 4515 1547 4601 qualitatem

378 4625 546 4709 adjectam
556 4625 669 4692 habet.
