<?xml version="1.0" encoding="UTF-8"?>
<!DOCTYPE html PUBLIC "-//W3C//DTD XHTML 1.0 Transitional//EN"
    "http://www.w3.org/TR/xhtml1/DTD/xhtml1-transitional.dtd">
<html xmlns="http://www.w3.org/1999/xhtml" xml:lang="en" lang="en">
 <head>
  <title>
</title>
<meta http-equiv="Content-Type" content="text/html;charset=utf-8" />
  <meta name='ocr-system' content='tesseract 3.04.00' />
  <meta name='ocr-capabilities' content='ocr_page ocr_carea ocr_par ocr_line ocrx_word'/>
</head>
<body>
  <div class='ocr_page' id='page_1' title='image "./juscanonicumjux01grangoog/juscanonicumjux01grangoog_0316.png"; bbox 0 0 3418 5566; ppageno 0'>
   <div class='ocr_carea' id='block_1_1' title="bbox 343 453 1048 518">
    <p class='ocr_par' dir='ltr' id='par_1_1' title="bbox 343 453 1048 518">
     <span class='ocr_line' id='line_1_1' title="bbox 343 453 1048 518; baseline -0.009 0"><span class='ocrx_word' id='word_1_1' title='bbox 343 453 402 518; x_wconf 84' lang='lat'>306</span> <span class='ocrx_word' id='word_1_2' title='bbox 798 470 848 515; x_wconf 77' lang='lat' dir='ltr'>tos</span> <span class='ocrx_word' id='word_1_3' title='bbox 869 467 1048 516; x_wconf 72' lang='lat' dir='ltr'>cancamum</span> 
     </span>
    </p>
   </div>
   <div class='ocr_carea' id='block_1_2' title="bbox 342 585 1511 1103">
    <p class='ocr_par' dir='ltr' id='par_1_2' title="bbox 342 585 1511 1103">
     <span class='ocr_line' id='line_1_2' title="bbox 343 585 1509 670; baseline 0 -18"><span class='ocrx_word' id='word_1_4' title='bbox 343 588 523 654; x_wconf 88' lang='lat' dir='ltr'>sanitatem</span> <span class='ocrx_word' id='word_1_5' title='bbox 544 585 707 652; x_wconf 88' lang='lat' dir='ltr'>redeunt:</span> <span class='ocrx_word' id='word_1_6' title='bbox 726 587 757 649; x_wconf 85' lang='lat' dir='ltr'>l⁰</span> <span class='ocrx_word' id='word_1_7' title='bbox 773 586 825 651; x_wconf 89' lang='lat' dir='ltr'>Sic</span> <span class='ocrx_word' id='word_1_8' title='bbox 839 587 1006 670; x_wconf 84' lang='lat' dir='ltr'>baptizati,</span> <span class='ocrx_word' id='word_1_9' title='bbox 1023 586 1133 662; x_wconf 88' lang='lat' dir='ltr'>idest,</span> <span class='ocrx_word' id='word_1_10' title='bbox 1151 605 1262 670; x_wconf 85' lang='lat' dir='ltr'>neque</span> <span class='ocrx_word' id='word_1_11' title='bbox 1277 588 1509 670; x_wconf 85' lang='lat' dir='ltr'>aparentibus</span> 
     </span>
     <span class='ocr_line' id='line_1_3' title="bbox 343 693 1511 780; baseline 0.001 -19"><span class='ocrx_word' id='word_1_12' title='bbox 343 715 454 780; x_wconf 89' lang='lat' dir='ltr'>neque</span> <span class='ocrx_word' id='word_1_13' title='bbox 469 696 511 761; x_wconf 87' lang='lat' dir='ltr'>ab</span> <span class='ocrx_word' id='word_1_14' title='bbox 526 693 599 760; x_wconf 90' lang='lat' dir='ltr'>aliis</span> <span class='ocrx_word' id='word_1_15' title='bbox 609 698 666 778; x_wconf 89' lang='lat' dir='ltr'>jus</span> <span class='ocrx_word' id='word_1_16' title='bbox 677 695 880 760; x_wconf 87' lang='lat' dir='ltr'>habentibus</span> <span class='ocrx_word' id='word_1_17' title='bbox 901 695 1014 772; x_wconf 85' lang='lat' dir='ltr'>oblati,</span> <span class='ocrx_word' id='word_1_18' title='bbox 1039 713 1108 760; x_wconf 92' lang='lat' dir='ltr'>non</span> <span class='ocrx_word' id='word_1_19' title='bbox 1131 700 1211 760; x_wconf 86' lang='lat' dir='ltr'>sunt</span> <span class='ocrx_word' id='word_1_20' title='bbox 1229 696 1430 762; x_wconf 86' lang='lat' dir='ltr'>restituendi</span> <span class='ocrx_word' id='word_1_21' title='bbox 1455 717 1511 780; x_wconf 88' lang='lat' dir='ltr'>pa·</span> 
     </span>
     <span class='ocr_line' id='line_1_4' title="bbox 342 802 1510 886; baseline 0.001 -18"><span class='ocrx_word' id='word_1_22' title='bbox 342 804 507 881; x_wconf 89' lang='lat' dir='ltr'>rentibus,</span> <span class='ocrx_word' id='word_1_23' title='bbox 535 802 667 867; x_wconf 86' lang='lat' dir='ltr'>etiamsi</span> <span class='ocrx_word' id='word_1_24' title='bbox 684 803 731 880; x_wconf 90' lang='lat' dir='ltr'>hi,</span> <span class='ocrx_word' id='word_1_25' title='bbox 756 803 912 868; x_wconf 90' lang='lat' dir='ltr'>cautione</span> <span class='ocrx_word' id='word_1_26' title='bbox 934 808 992 868; x_wconf 90' lang='lat' dir='ltr'>aut</span> <span class='ocrx_word' id='word_1_27' title='bbox 1006 802 1225 886; x_wconf 78' lang='lat' dir='ltr'>fidejussione</span> <span class='ocrx_word' id='word_1_28' title='bbox 1248 804 1336 880; x_wconf 86' lang='lat' dir='ltr'>data,</span> <span class='ocrx_word' id='word_1_29' title='bbox 1360 805 1510 886; x_wconf 80' lang='lat' dir='ltr'>ingenue</span> 
     </span>
     <span class='ocr_line' id='line_1_5' title="bbox 343 909 1508 996; baseline 0.003 -22"><span class='ocrx_word' id='word_1_30' title='bbox 343 911 533 996; x_wconf 82' lang='lat' dir='ltr'><strong>spondeant</strong></span> <span class='ocrx_word' id='word_1_31' title='bbox 549 930 618 988; x_wconf 88' lang='lat' dir='ltr'>eos,</span> <span class='ocrx_word' id='word_1_32' title='bbox 638 909 779 976; x_wconf 82' lang='lat' dir='ltr'>vixdum</span> <span class='ocrx_word' id='word_1_33' title='bbox 794 911 836 976; x_wconf 92' lang='lat' dir='ltr'>ad</span> <span class='ocrx_word' id='word_1_34' title='bbox 850 913 1112 977; x_wconf 86' lang='lat' dir='ltr'>convenientem</span> <span class='ocrx_word' id='word_1_35' title='bbox 1135 913 1508 994; x_wconf 84' lang='lat' dir='ltr'>aetatempervenerint,</span> 
     </span>
     <span class='ocr_line' id='line_1_6' title="bbox 343 1018 1509 1103; baseline 0.003 -21"><span class='ocrx_word' id='word_1_36' title='bbox 343 1018 462 1082; x_wconf 85' lang='lat' dir='ltr'>Christi</span> <span class='ocrx_word' id='word_1_37' title='bbox 487 1018 643 1084; x_wconf 85' lang='lat' dir='ltr'>fidelibus</span> <span class='ocrx_word' id='word_1_38' title='bbox 667 1018 907 1096; x_wconf 88' lang='lat' dir='ltr'>restituendos,</span> <span class='ocrx_word' id='word_1_39' title='bbox 924 1037 986 1084; x_wconf 89' lang='lat' dir='ltr'>nec</span> <span class='ocrx_word' id='word_1_40' title='bbox 1005 1019 1191 1103; x_wconf 83' lang='lat' dir='ltr'>quidquam</span> <span class='ocrx_word' id='word_1_41' title='bbox 1208 1023 1327 1085; x_wconf 86' lang='lat' dir='ltr'>contra</span> <span class='ocrx_word' id='word_1_42' title='bbox 1342 1020 1447 1085; x_wconf 86' lang='lat' dir='ltr'>iidem</span> <span class='ocrx_word' id='word_1_43' title='bbox 1459 1039 1509 1085; x_wconf 90' lang='lat' dir='ltr'>ca-</span> 
     </span>
    </p>
   </div>
   <div class='ocr_carea' id='block_1_3' title="bbox 144 1125 1510 1210">
    <p class='ocr_par' dir='ltr' id='par_1_3' title="bbox 144 1125 1510 1210">
     <span class='ocr_line' id='line_1_7' title="bbox 144 1125 1510 1210; baseline 0 -20"><span class='ocrx_word' id='word_1_44' title='bbox 144 1189 150 1198; x_wconf 87' lang='grc'>,</span> <span class='ocrx_word' id='word_1_45' title='bbox 228 1163 230 1169; x_wconf 90' lang='grc'><strong>-</strong></span> <span class='ocrx_word' id='word_1_46' title='bbox 343 1127 501 1192; x_wconf 89' lang='lat' dir='ltr'>thelicam</span> <span class='ocrx_word' id='word_1_47' title='bbox 525 1127 695 1192; x_wconf 89' lang='lat' dir='ltr'>docendos</span> <span class='ocrx_word' id='word_1_48' title='bbox 710 1147 716 1190; x_wconf 95' lang='lat'><strong>:</strong></span> <span class='ocrx_word' id='word_1_49' title='bbox 734 1127 826 1192; x_wconf 86' lang='lat' dir='ltr'>idem</span> <span class='ocrx_word' id='word_1_50' title='bbox 842 1127 1022 1192; x_wconf 83' lang='lat' dir='ltr'>Benedict·</span> <span class='ocrx_word' id='word_1_51' title='bbox 1036 1125 1115 1190; x_wconf 82' lang='lat' dir='ltr'>xlv.</span> <span class='ocrx_word' id='word_1_52' title='bbox 1143 1127 1335 1192; x_wconf 79' lang='lat' dir='ltr'><strong>Generatim</strong></span> <span class='ocrx_word' id='word_1_53' title='bbox 1350 1146 1431 1210; x_wconf 83' lang='lat' dir='ltr'>ergo</span> <span class='ocrx_word' id='word_1_54' title='bbox 1451 1127 1510 1192; x_wconf 86' lang='lat' dir='ltr'>lilii</span> 
     </span>
    </p>
   </div>
   <div class='ocr_carea' id='block_1_4' title="bbox 274 1236 1510 2076">
    <p class='ocr_par' dir='ltr' id='par_1_4' title="bbox 342 1236 1509 1538">
     <span class='ocr_line' id='line_1_8' title="bbox 343 1236 1509 1320; baseline 0.001 -21"><span class='ocrx_word' id='word_1_55' title='bbox 343 1253 555 1320; x_wconf 82' lang='lat' dir='ltr'>quacumque</span> <span class='ocrx_word' id='word_1_56' title='bbox 575 1255 618 1301; x_wconf 83' lang='lat' dir='ltr'>ex</span> <span class='ocrx_word' id='word_1_57' title='bbox 645 1255 748 1302; x_wconf 87' lang='lat' dir='ltr'>causa</span> <span class='ocrx_word' id='word_1_58' title='bbox 775 1237 932 1320; x_wconf 82' lang='lat' dir='ltr'>baptizati</span> <span class='ocrx_word' id='word_1_59' title='bbox 962 1236 1183 1301; x_wconf 85' lang='lat' dir='ltr'>subtrahendi</span> <span class='ocrx_word' id='word_1_60' title='bbox 1206 1239 1286 1300; x_wconf 87' lang='lat' dir='ltr'>sunt</span> <span class='ocrx_word' id='word_1_61' title='bbox 1314 1237 1509 1320; x_wconf 88' lang='lat' dir='ltr'>parentibus</span> 
     </span>
     <span class='ocr_line' id='line_1_9' title="bbox 342 1323 1506 1428; baseline 0.001 -21"><span class='ocrx_word' id='word_1_62' title='bbox 342 1323 545 1420; x_wconf 83' lang='lat' dir='ltr'>infidelibus,</span> <span class='ocrx_word' id='word_1_63' title='bbox 567 1364 611 1410; x_wconf 91' lang='lat' dir='ltr'>ne</span> <span class='ocrx_word' id='word_1_64' title='bbox 633 1347 675 1410; x_wconf 91' lang='lat' dir='ltr'>ab</span> <span class='ocrx_word' id='word_1_65' title='bbox 692 1345 766 1410; x_wconf 89' lang='lat' dir='ltr'>istis</span> <span class='ocrx_word' id='word_1_66' title='bbox 790 1350 1028 1428; x_wconf 76' lang='lat' dir='ltr'>pervertantur</span> <span class='ocrx_word' id='word_1_67' title='bbox 1042 1350 1076 1410; x_wconf 85' lang='lat' dir='ltr'>et</span> <span class='ocrx_word' id='word_1_68' title='bbox 1098 1345 1223 1428; x_wconf 88' lang='lat' dir='ltr'>injuria</span> <span class='ocrx_word' id='word_1_69' title='bbox 1243 1345 1304 1410; x_wconf 87' lang='lat' dir='ltr'>fiat</span> <span class='ocrx_word' id='word_1_70' title='bbox 1321 1345 1506 1410; x_wconf 87' lang='lat' dir='ltr'>characteri</span> 
     </span>
     <span class='ocr_line' id='line_1_10' title="bbox 343 1450 1389 1538; baseline 0.002 -24"><span class='ocrx_word' id='word_1_71' title='bbox 343 1450 544 1534; x_wconf 83' lang='lat' dir='ltr'>baptismali,</span> <span class='ocrx_word' id='word_1_72' title='bbox 560 1456 661 1538; x_wconf 88' lang='lat' dir='ltr'>atque</span> <span class='ocrx_word' id='word_1_73' title='bbox 677 1453 833 1536; x_wconf 89' lang='lat' dir='ltr'>baptizati</span> <span class='ocrx_word' id='word_1_74' title='bbox 847 1451 1010 1516; x_wconf 87' lang='lat' dir='ltr'>damnum</span> <span class='ocrx_word' id='word_1_75' title='bbox 1024 1452 1196 1535; x_wconf 80' lang='lat' dir='ltr'><strong>spirituale</strong></span> <span class='ocrx_word' id='word_1_76' title='bbox 1208 1455 1389 1537; x_wconf 88' lang='lat' dir='ltr'>patiantur.</span> 
     </span>
    </p>

    <p class='ocr_par' dir='ltr' id='par_1_5' title="bbox 274 1559 1510 2076">
     <span class='ocr_line' id='line_1_11' title="bbox 274 1559 1508 1646; baseline 0.004 -25"><span class='ocrx_word' id='word_1_77' title='bbox 274 1633 278 1640; x_wconf 31' lang='grc' dir='ltr'>Ι</span> <span class='ocrx_word' id='word_1_78' title='bbox 381 1559 592 1643; x_wconf 70' lang='lat' dir='ltr'>i⁰Beptizati</span> <span class='ocrx_word' id='word_1_79' title='bbox 603 1561 711 1626; x_wconf 89' lang='lat' dir='ltr'>invito</span> <span class='ocrx_word' id='word_1_80' title='bbox 726 1560 1047 1642; x_wconf 87' lang='lat' dir='ltr'>alterutroparente‚</span> <span class='ocrx_word' id='word_1_81' title='bbox 1058 1579 1119 1624; x_wconf 88' lang='lat' dir='ltr'>seu</span> <span class='ocrx_word' id='word_1_82' title='bbox 1127 1561 1162 1625; x_wconf 91' lang='lat' dir='ltr'>in</span> <span class='ocrx_word' id='word_1_83' title='bbox 1176 1562 1308 1627; x_wconf 89' lang='lat' dir='ltr'>casibus</span> <span class='ocrx_word' id='word_1_84' title='bbox 1317 1580 1508 1646; x_wconf 87' lang='lat' dir='ltr'>supraenu-</span> 
     </span>
     <span class='ocr_line' id='line_1_12' title="bbox 343 1647 1510 1754; baseline 0.002 -24"><span class='ocrx_word' id='word_1_85' title='bbox 343 1668 492 1744; x_wconf 86' lang='lat' dir='ltr'>meretis,</span> <span class='ocrx_word' id='word_1_86' title='bbox 515 1669 570 1732; x_wconf 89' lang='lat' dir='ltr'>vel</span> <span class='ocrx_word' id='word_1_87' title='bbox 597 1647 699 1734; x_wconf 85' lang='lat' dir='ltr'>etiam</span> <span class='ocrx_word' id='word_1_88' title='bbox 724 1668 836 1732; x_wconf 78' lang='lat' dir='ltr'>illicite</span> <span class='ocrx_word' id='word_1_89' title='bbox 860 1667 1033 1752; x_wconf 87' lang='lat' dir='ltr'>baptizati,</span> <span class='ocrx_word' id='word_1_90' title='bbox 1055 1669 1084 1733; x_wconf 92' lang='lat' dir='ltr'>si</span> <span class='ocrx_word' id='word_1_91' title='bbox 1103 1675 1283 1754; x_wconf 88' lang='lat' dir='ltr'>postquam</span> <span class='ocrx_word' id='word_1_92' title='bbox 1299 1669 1510 1735; x_wconf 78' lang='lat' dir='ltr'>adoleverint</span> 
     </span>
     <span class='ocr_line' id='line_1_13' title="bbox 342 1776 1509 1858; baseline 0.003 -17"><span class='ocrx_word' id='word_1_93' title='bbox 342 1782 523 1858; x_wconf 89' lang='lat' dir='ltr'>parentum</span> <span class='ocrx_word' id='word_1_94' title='bbox 541 1779 660 1844; x_wconf 83' lang='lat' dir='ltr'>ritibus</span> <span class='ocrx_word' id='word_1_95' title='bbox 670 1780 874 1844; x_wconf 67' lang='lat' dir='ltr'>adhaeserint</span> <span class='ocrx_word' id='word_1_96' title='bbox 888 1783 923 1843; x_wconf 90' lang='lat' dir='ltr'>et</span> <span class='ocrx_word' id='word_1_97' title='bbox 936 1778 1063 1843; x_wconf 86' lang='lat' dir='ltr'>luerint</span> <span class='ocrx_word' id='word_1_98' title='bbox 1076 1776 1117 1844; x_wconf 89' lang='lat' dir='ltr'>de</span> <span class='ocrx_word' id='word_1_99' title='bbox 1131 1779 1195 1844; x_wconf 92' lang='lat' dir='ltr'>hoc</span> <span class='ocrx_word' id='word_1_100' title='bbox 1203 1780 1349 1845; x_wconf 82' lang='lat' dir='ltr'>confessi</span> <span class='ocrx_word' id='word_1_101' title='bbox 1360 1784 1419 1844; x_wconf 92' lang='lat' dir='ltr'>aut</span> <span class='ocrx_word' id='word_1_102' title='bbox 1430 1797 1509 1844; x_wconf 92' lang='lat' dir='ltr'>cou-</span> 
     </span>
     <span class='ocr_line' id='line_1_14' title="bbox 342 1885 1499 1972; baseline 0.005 -25"><span class='ocrx_word' id='word_1_103' title='bbox 342 1885 432 1963; x_wconf 85' lang='lat' dir='ltr'>victi‚</span> <span class='ocrx_word' id='word_1_104' title='bbox 449 1888 583 1952; x_wconf 88' lang='lat' dir='ltr'>tractari</span> <span class='ocrx_word' id='word_1_105' title='bbox 598 1886 724 1953; x_wconf 88' lang='lat' dir='ltr'>debent</span> <span class='ocrx_word' id='word_1_106' title='bbox 732 1894 771 1952; x_wconf 94' lang='lat' dir='ltr'>ut</span> <span class='ocrx_word' id='word_1_107' title='bbox 783 1887 947 1962; x_wconf 62' lang='lat' dir='ltr'>heredem</span> <span class='ocrx_word' id='word_1_108' title='bbox 967 1893 1085 1952; x_wconf 86' lang='lat' dir='ltr'>contra</span> <span class='ocrx_word' id='word_1_109' title='bbox 1105 1905 1163 1954; x_wconf 90' lang='lat' dir='ltr'>eos</span> <span class='ocrx_word' id='word_1_110' title='bbox 1182 1888 1286 1970; x_wconf 78' lang='lat' dir='ltr'>igitur</span> <span class='ocrx_word' id='word_1_111' title='bbox 1306 1888 1499 1972; x_wconf 79' lang='lat' dir='ltr'>proceditur</span> 
     </span>
     <span class='ocr_line' id='line_1_15' title="bbox 343 1996 841 2076; baseline 0.004 -19"><span class='ocrx_word' id='word_1_112' title='bbox 343 1997 507 2076; x_wconf 82' lang='lat' dir='ltr'>tanquam</span> <span class='ocrx_word' id='word_1_113' title='bbox 523 1999 641 2060; x_wconf 88' lang='lat' dir='ltr'>contra</span> <span class='ocrx_word' id='word_1_114' title='bbox 653 1996 841 2061; x_wconf 82' lang='lat' dir='ltr'>haereticos.</span> 
     </span>
    </p>
   </div>
   <div class='ocr_carea' id='block_1_5' title="bbox 780 2405 1064 2516">
    <p class='ocr_par' dir='ltr' id='par_1_6' title="bbox 780 2405 1064 2516">
     <span class='ocr_line' id='line_1_16' title="bbox 780 2405 1064 2516; baseline -0.011 -32"><span class='ocrx_word' id='word_1_115' title='bbox 780 2405 963 2485; x_wconf 80' lang='lat' dir='ltr'>raucus</span> <span class='ocrx_word' id='word_1_116' title='bbox 990 2409 1064 2516; x_wconf 85' lang='lat' dir='ltr'>vn.</span> 
     </span>
    </p>
   </div>
   <div class='ocr_carea' id='block_1_6' title="bbox 740 2589 1101 2645">
    <p class='ocr_par' dir='ltr' id='par_1_7' title="bbox 740 2589 1101 2645">
     <span class='ocr_line' id='line_1_17' title="bbox 740 2589 1101 2645; baseline 0.017 -6"><span class='ocrx_word' id='word_1_117' title='bbox 740 2591 782 2640; x_wconf 83' lang='lat' dir='ltr'>oa</span> <span class='ocrx_word' id='word_1_118' title='bbox 816 2595 1030 2641; x_wconf 75' lang='lat' dir='ltr'>annumero</span> <span class='ocrx_word' id='word_1_119' title='bbox 1063 2589 1101 2645; x_wconf 82' lang='lat' dir='ltr'>(o.</span> 
     </span>
    </p>
   </div>
   <div class='ocr_carea' id='block_1_7' title="bbox 691 2905 1072 2969">
    <p class='ocr_par' dir='ltr' id='par_1_8' title="bbox 691 2905 1072 2969">
     <span class='ocr_line' id='line_1_18' title="bbox 691 2905 1072 2969; baseline 0.003 -2"><span class='ocrx_word' id='word_1_120' title='bbox 691 2941 694 2946; x_wconf 91' lang='lat'>·</span> <span class='ocrx_word' id='word_1_121' title='bbox 781 2905 915 2968; x_wconf 84' lang='lat' dir='ltr'>SECTIO</span> <span class='ocrx_word' id='word_1_122' title='bbox 938 2907 1072 2969; x_wconf 82' lang='lat' dir='ltr'><strong>PRIMA.</strong></span> 
     </span>
    </p>
   </div>
   <div class='ocr_carea' id='block_1_8' title="bbox 669 3033 1291 3098">
    <p class='ocr_par' dir='ltr' id='par_1_9' title="bbox 669 3033 1291 3098">
     <span class='ocr_line' id='line_1_19' title="bbox 669 3033 1291 3098; baseline 0.006 -6"><span class='ocrx_word' id='word_1_123' title='bbox 669 3041 725 3096; x_wconf 80' lang='lat' dir='ltr'>De</span> <span class='ocrx_word' id='word_1_124' title='bbox 758 3043 950 3098; x_wconf 80' lang='lat' dir='ltr'>crimine</span> <span class='ocrx_word' id='word_1_125' title='bbox 982 3044 1185 3098; x_wconf 79' lang='lat' dir='ltr'>haeresis.</span> <span class='ocrx_word' id='word_1_126' title='bbox 1288 3033 1291 3040; x_wconf 87' lang='grc'><strong>’</strong></span> 
     </span>
    </p>
   </div>
   <div class='ocr_carea' id='block_1_9' title="bbox 771 3198 1082 3260">
    <p class='ocr_par' dir='ltr' id='par_1_10' title="bbox 771 3198 1082 3260">
     <span class='ocr_line' id='line_1_20' title="bbox 771 3198 1082 3260; baseline -0.006 -10"><span class='ocrx_word' id='word_1_127' title='bbox 771 3201 789 3250; x_wconf 88' lang='lat'>1.</span> <span class='ocrx_word' id='word_1_128' title='bbox 808 3198 879 3260; x_wconf 83' lang='lat' dir='ltr'>Quid</span> <span class='ocrx_word' id='word_1_129' title='bbox 893 3198 931 3250; x_wconf 85' lang='lat' dir='ltr'>sit</span> <span class='ocrx_word' id='word_1_130' title='bbox 945 3198 1082 3252; x_wconf 75' lang='lat' dir='ltr'>heresis?</span> 
     </span>
    </p>
   </div>
   <div class='ocr_carea' id='block_1_10' title="bbox 343 3329 1513 4498">
    <p class='ocr_par' dir='ltr' id='par_1_11' title="bbox 343 3329 1513 4498">
     <span class='ocr_line' id='line_1_21' title="bbox 381 3329 1510 3415; baseline 0 -21"><span class='ocrx_word' id='word_1_131' title='bbox 381 3329 524 3396; x_wconf 82' lang='lat' dir='ltr'>llaeresis</span> <span class='ocrx_word' id='word_1_132' title='bbox 546 3335 598 3396; x_wconf 87' lang='lat' dir='ltr'>est</span> <span class='ocrx_word' id='word_1_133' title='bbox 622 3330 735 3396; x_wconf 85' lang='lat' dir='ltr'>altera</span> <span class='ocrx_word' id='word_1_134' title='bbox 755 3330 912 3414; x_wconf 70' lang='lat' dir='ltr'>quaedam</span> <span class='ocrx_word' id='word_1_135' title='bbox 926 3333 1054 3415; x_wconf 87' lang='lat' dir='ltr'>species</span> <span class='ocrx_word' id='word_1_136' title='bbox 1077 3330 1227 3396; x_wconf 88' lang='lat' dir='ltr'>criminis</span> <span class='ocrx_word' id='word_1_137' title='bbox 1244 3336 1363 3396; x_wconf 87' lang='lat' dir='ltr'>contra</span> <span class='ocrx_word' id='word_1_138' title='bbox 1375 3329 1510 3412; x_wconf 80' lang='lat' dir='ltr'>religio-</span> 
     </span>
     <span class='ocr_line' id='line_1_22' title="bbox 344 3438 1511 3520; baseline -0.001 -18"><span class='ocrx_word' id='word_1_139' title='bbox 344 3457 435 3504; x_wconf 87' lang='lat' dir='ltr'>nem.</span> <span class='ocrx_word' id='word_1_140' title='bbox 452 3439 569 3516; x_wconf 83' lang='lat' dir='ltr'>Quoad</span> <span class='ocrx_word' id='word_1_141' title='bbox 578 3458 715 3516; x_wconf 87' lang='lat' dir='ltr'>nomen,</span> <span class='ocrx_word' id='word_1_142' title='bbox 728 3439 867 3504; x_wconf 79' lang='lat' dir='ltr'>haeresis</span> <span class='ocrx_word' id='word_1_143' title='bbox 877 3438 969 3504; x_wconf 89' lang='lat' dir='ltr'>idem</span> <span class='ocrx_word' id='word_1_144' title='bbox 981 3439 1198 3516; x_wconf 81' lang='lat' dir='ltr'>estaoelectio</span> <span class='ocrx_word' id='word_1_145' title='bbox 1204 3457 1218 3520; x_wconf 90' lang='lat'><em>;</em></span> <span class='ocrx_word' id='word_1_146' title='bbox 1230 3439 1398 3520; x_wconf 79' lang='lat' dir='ltr'>significat</span> <span class='ocrx_word' id='word_1_147' title='bbox 1408 3438 1511 3502; x_wconf 88' lang='lat' dir='ltr'>etiam</span> 
     </span>
     <span class='ocr_line' id='line_1_23' title="bbox 346 3546 1510 3632; baseline -0.002 -21"><span class='ocrx_word' id='word_1_148' title='bbox 346 3547 496 3616; x_wconf 86' lang='lat' dir='ltr'>scholam</span> <span class='ocrx_word' id='word_1_149' title='bbox 515 3567 574 3614; x_wconf 90' lang='lat' dir='ltr'>seu</span> <span class='ocrx_word' id='word_1_150' title='bbox 595 3553 723 3614; x_wconf 88' lang='lat' dir='ltr'>sectam</span> <span class='ocrx_word' id='word_1_151' title='bbox 738 3567 841 3632; x_wconf 88' lang='lat' dir='ltr'>quam</span> <span class='ocrx_word' id='word_1_152' title='bbox 854 3549 929 3631; x_wconf 83' lang='lat' dir='ltr'>quis</span> <span class='ocrx_word' id='word_1_153' title='bbox 950 3549 1013 3612; x_wconf 90' lang='lat' dir='ltr'>sibi</span> <span class='ocrx_word' id='word_1_154' title='bbox 1038 3547 1141 3630; x_wconf 82' lang='lat' dir='ltr'>elegit</span> <span class='ocrx_word' id='word_1_155' title='bbox 1164 3546 1391 3631; x_wconf 81' lang='lat' dir='ltr'>sequendam3</span> <span class='ocrx_word' id='word_1_156' title='bbox 1420 3546 1510 3610; x_wconf 89' lang='lat' dir='ltr'>unde</span> 
     </span>
     <span class='ocr_line' id='line_1_24' title="bbox 346 3655 1511 3741; baseline -0.002 -22"><span class='ocrx_word' id='word_1_157' title='bbox 346 3655 531 3740; x_wconf 88' lang='lat' dir='ltr'>disciplina,</span> <span class='ocrx_word' id='word_1_158' title='bbox 544 3657 669 3741; x_wconf 91' lang='lat' dir='ltr'>opinio,</span> <span class='ocrx_word' id='word_1_159' title='bbox 687 3659 856 3723; x_wconf 88' lang='lat' dir='ltr'>sententia</span> <span class='ocrx_word' id='word_1_160' title='bbox 871 3657 978 3722; x_wconf 86' lang='lat' dir='ltr'>electa</span> <span class='ocrx_word' id='word_1_161' title='bbox 995 3656 1116 3722; x_wconf 86' lang='lat' dir='ltr'>dieitur</span> <span class='ocrx_word' id='word_1_162' title='bbox 1127 3657 1279 3722; x_wconf 82' lang='lat' dir='ltr'>haeresis.</span> <span class='ocrx_word' id='word_1_163' title='bbox 1303 3655 1368 3719; x_wconf 89' lang='lat' dir='ltr'>Sed</span> <span class='ocrx_word' id='word_1_164' title='bbox 1383 3675 1426 3720; x_wconf 85' lang='lat' dir='ltr'>ex</span> <span class='ocrx_word' id='word_1_165' title='bbox 1447 3673 1511 3718; x_wconf 91' lang='lat' dir='ltr'>usu</span> 
     </span>
     <span class='ocr_line' id='line_1_25' title="bbox 344 3761 1511 3842; baseline -0.002 -14"><span class='ocrx_word' id='word_1_166' title='bbox 344 3761 509 3842; x_wconf 73' lang='lat' dir='ltr'>Ecclesiae,</span> <span class='ocrx_word' id='word_1_167' title='bbox 526 3765 561 3829; x_wconf 94' lang='lat' dir='ltr'>in</span> <span class='ocrx_word' id='word_1_168' title='bbox 577 3765 725 3830; x_wconf 89' lang='lat' dir='ltr'>deterius</span> <span class='ocrx_word' id='word_1_169' title='bbox 738 3771 846 3842; x_wconf 84' lang='lat' dir='ltr'>sonat,</span> <span class='ocrx_word' id='word_1_170' title='bbox 862 3771 896 3830; x_wconf 89' lang='lat' dir='ltr'>et</span> <span class='ocrx_word' id='word_1_171' title='bbox 909 3766 1007 3830; x_wconf 83' lang='lat' dir='ltr'>malae</span> <span class='ocrx_word' id='word_1_172' title='bbox 1019 3783 1058 3830; x_wconf 89' lang='lat' dir='ltr'>ac</span> <span class='ocrx_word' id='word_1_173' title='bbox 1068 3783 1220 3830; x_wconf 78' lang='lat' dir='ltr'>erroneae</span> <span class='ocrx_word' id='word_1_174' title='bbox 1232 3763 1452 3829; x_wconf 83' lang='lat' dir='ltr'>sententiaein</span> <span class='ocrx_word' id='word_1_175' title='bbox 1462 3781 1511 3826; x_wconf 89' lang='lat' dir='ltr'>re-</span> 
     </span>
     <span class='ocr_line' id='line_1_26' title="bbox 344 3870 1511 3955; baseline -0.003 -18"><span class='ocrx_word' id='word_1_176' title='bbox 344 3873 409 3937; x_wconf 89' lang='lat' dir='ltr'>bus</span> <span class='ocrx_word' id='word_1_177' title='bbox 425 3873 505 3936; x_wconf 89' lang='lat' dir='ltr'>fldei</span> <span class='ocrx_word' id='word_1_178' title='bbox 520 3873 721 3938; x_wconf 88' lang='lat' dir='ltr'>electionem</span> <span class='ocrx_word' id='word_1_179' title='bbox 730 3874 906 3955; x_wconf 82' lang='lat' dir='ltr'>significat.</span> <span class='ocrx_word' id='word_1_180' title='bbox 925 3873 1041 3950; x_wconf 82' lang='lat' dir='ltr'>Quoad</span> <span class='ocrx_word' id='word_1_181' title='bbox 1056 3891 1139 3950; x_wconf 90' lang='lat' dir='ltr'>rem,</span> <span class='ocrx_word' id='word_1_182' title='bbox 1150 3870 1511 3938; x_wconf 82' lang='lat' dir='ltr'>haeresisestvolunta-</span> 
     </span>
     <span class='ocr_line' id='line_1_27' title="bbox 343 3977 1513 4066; baseline -0.002 -22"><span class='ocrx_word' id='word_1_183' title='bbox 343 3981 414 4045; x_wconf 90' lang='lat' dir='ltr'>rius</span> <span class='ocrx_word' id='word_1_184' title='bbox 427 3999 467 4047; x_wconf 88' lang='lat' dir='ltr'>ac</span> <span class='ocrx_word' id='word_1_185' title='bbox 480 3982 635 4064; x_wconf 82' lang='lat' dir='ltr'>pertinax</span> <span class='ocrx_word' id='word_1_186' title='bbox 651 4000 745 4047; x_wconf 88' lang='lat' dir='ltr'>error</span> <span class='ocrx_word' id='word_1_187' title='bbox 754 3987 875 4066; x_wconf 44' lang='lat' dir='ltr'>,contra</span> <span class='ocrx_word' id='word_1_188' title='bbox 888 3981 1036 4064; x_wconf 90' lang='lat' dir='ltr'>aliquem</span> <span class='ocrx_word' id='word_1_189' title='bbox 1045 3980 1225 4046; x_wconf 85' lang='lat' dir='ltr'>articulum</span> <span class='ocrx_word' id='word_1_190' title='bbox 1245 3980 1325 4044; x_wconf 86' lang='lat' dir='ltr'>fidei</span> <span class='ocrx_word' id='word_1_191' title='bbox 1346 3981 1387 4044; x_wconf 89' lang='lat' dir='ltr'>ab</span> <span class='ocrx_word' id='word_1_192' title='bbox 1403 3977 1513 4044; x_wconf 84' lang='lat' dir='ltr'>Eccle-</span> 
     </span>
     <span class='ocr_line' id='line_1_28' title="bbox 345 4087 1512 4173; baseline -0.003 -20"><span class='ocrx_word' id='word_1_193' title='bbox 345 4089 394 4154; x_wconf 85' lang='lat' dir='ltr'>sia</span> <span class='ocrx_word' id='word_1_194' title='bbox 413 4090 636 4173; x_wconf 86' lang='lat' dir='ltr'>propositum‚</span> <span class='ocrx_word' id='word_1_195' title='bbox 655 4089 786 4156; x_wconf 90' lang='lat' dir='ltr'>elicitus</span> <span class='ocrx_word' id='word_1_196' title='bbox 800 4091 842 4155; x_wconf 91' lang='lat' dir='ltr'>ab</span> <span class='ocrx_word' id='word_1_197' title='bbox 862 4107 903 4154; x_wconf 92' lang='lat' dir='ltr'>eo</span> <span class='ocrx_word' id='word_1_198' title='bbox 919 4090 975 4173; x_wconf 88' lang='lat' dir='ltr'>qui</span> <span class='ocrx_word' id='word_1_199' title='bbox 1001 4088 1105 4154; x_wconf 87' lang='lat' dir='ltr'>fldem</span> <span class='ocrx_word' id='word_1_200' title='bbox 1120 4089 1241 4152; x_wconf 81' lang='lat' dir='ltr'>Christi</span> <span class='ocrx_word' id='word_1_201' title='bbox 1256 4088 1414 4171; x_wconf 90' lang='lat' dir='ltr'>suscepit.</span> <span class='ocrx_word' id='word_1_202' title='bbox 1439 4087 1512 4150; x_wconf 89' lang='lat' dir='ltr'>Duo</span> 
     </span>
     <span class='ocr_line' id='line_1_29' title="bbox 343 4193 1513 4282; baseline -0.003 -22"><span class='ocrx_word' id='word_1_203' title='bbox 343 4215 426 4278; x_wconf 84' lang='lat' dir='ltr'>ergo</span> <span class='ocrx_word' id='word_1_204' title='bbox 440 4197 630 4278; x_wconf 78' lang='lat' dir='ltr'>generatim</span> <span class='ocrx_word' id='word_1_205' title='bbox 643 4197 863 4282; x_wconf 85' lang='lat' dir='ltr'>requiruntur</span> <span class='ocrx_word' id='word_1_206' title='bbox 870 4197 1078 4260; x_wconf 82' lang='lat' dir='ltr'>adhaeresim</span> <span class='ocrx_word' id='word_1_207' title='bbox 1089 4196 1374 4270; x_wconf 89' lang='lat' dir='ltr'>constituendam,</span> <span class='ocrx_word' id='word_1_208' title='bbox 1387 4193 1513 4259; x_wconf 89' lang='lat' dir='ltr'>scilicet</span> 
     </span>
     <span class='ocr_line' id='line_1_30' title="bbox 344 4304 1513 4389; baseline -0.002 -22"><span class='ocrx_word' id='word_1_209' title='bbox 344 4323 436 4368; x_wconf 81' lang='lat' dir='ltr'>error</span> <span class='ocrx_word' id='word_1_210' title='bbox 447 4306 659 4389; x_wconf 75' lang='lat' dir='ltr'>dopmattcus</span> <span class='ocrx_word' id='word_1_211' title='bbox 674 4308 709 4370; x_wconf 82' lang='lat' dir='ltr'>in</span> <span class='ocrx_word' id='word_1_212' title='bbox 723 4305 904 4384; x_wconf 82' lang='lat' dir='ltr'>intellectu,</span> <span class='ocrx_word' id='word_1_213' title='bbox 921 4324 982 4370; x_wconf 87' lang='lat' dir='ltr'>seu</span> <span class='ocrx_word' id='word_1_214' title='bbox 1004 4304 1172 4388; x_wconf 85' lang='lat' dir='ltr'>judicium</span> <span class='ocrx_word' id='word_1_215' title='bbox 1198 4305 1371 4369; x_wconf 89' lang='lat' dir='ltr'>internum</span> <span class='ocrx_word' id='word_1_216' title='bbox 1389 4307 1423 4366; x_wconf 90' lang='lat' dir='ltr'>et</span> <span class='ocrx_word' id='word_1_217' title='bbox 1443 4320 1513 4366; x_wconf 92' lang='lat' dir='ltr'>non</span> 
     </span>
     <span class='ocr_line' id='line_1_31' title="bbox 344 4409 1513 4498; baseline -0.003 -20"><span class='ocrx_word' id='word_1_218' title='bbox 344 4409 479 4479; x_wconf 84' lang='lat' dir='ltr'>tantum</span> <span class='ocrx_word' id='word_1_219' title='bbox 505 4420 647 4480; x_wconf 86' lang='lat' dir='ltr'>externa</span> <span class='ocrx_word' id='word_1_220' title='bbox 674 4415 829 4498; x_wconf 77' lang='lat' dir='ltr'>negatio;</span> <span class='ocrx_word' id='word_1_221' title='bbox 859 4414 980 4480; x_wconf 89' lang='lat' dir='ltr'>deinde</span> <span class='ocrx_word' id='word_1_222' title='bbox 1008 4433 1051 4478; x_wconf 83' lang='lat' dir='ltr'>ex</span> <span class='ocrx_word' id='word_1_223' title='bbox 1074 4419 1168 4497; x_wconf 87' lang='lat' dir='ltr'>parta</span> <span class='ocrx_word' id='word_1_224' title='bbox 1187 4414 1382 4488; x_wconf 81' lang='lat' dir='ltr'>voluntatis,</span> <span class='ocrx_word' id='word_1_225' title='bbox 1402 4417 1440 4475; x_wconf 93' lang='lat' dir='ltr'>ut</span> <span class='ocrx_word' id='word_1_226' title='bbox 1459 4409 1513 4474; x_wconf 92' lang='lat' dir='ltr'>hic</span> 
     </span>
    </p>
   </div>
   <div class='ocr_carea' id='block_1_11' title="bbox 378 4597 938 4666">
    <p class='ocr_par' dir='ltr' id='par_1_12' title="bbox 378 4597 938 4666">
     <span class='ocr_line' id='line_1_32' title="bbox 378 4597 938 4666; baseline -0.002 -17"><span class='ocrx_word' id='word_1_227' title='bbox 378 4597 412 4666; x_wconf 78' lang='grc' dir='ltr'>(ι)</span> <span class='ocrx_word' id='word_1_228' title='bbox 429 4597 706 4663; x_wconf 81' lang='lat' dir='ltr'>vidsCodie.‚1.1,t.</span> <span class='ocrx_word' id='word_1_229' title='bbox 722 4610 754 4661; x_wconf 89' lang='lat' dir='ltr'>v;</span> <span class='ocrx_word' id='word_1_230' title='bbox 767 4599 868 4650; x_wconf 72' lang='lat' dir='ltr'>uovcn.</span> <span class='ocrx_word' id='word_1_231' title='bbox 885 4599 938 4650; x_wconf 70' lang='lat' dir='ltr'>aaa.</span> 
     </span>
    </p>
   </div>
   <div class='ocr_carea' id='block_1_12' title="bbox 0 0 1714 5556">
    <p class='ocr_par' dir='ltr' id='par_1_13' title="bbox 0 0 1714 5556">
     <span class='ocr_line' id='line_1_33' title="bbox 0 0 1714 5556; baseline 0 0"><span class='ocrx_word' id='word_1_232' title='bbox 0 0 1714 5556; x_wconf 95' lang='lat' dir='ltr'> </span> 
     </span>
    </p>
   </div>
  </div>
 </body>
</html>
