3482 5560
346 637 429 680 sutus
449 635 636 682 apostatica:
659 633 842 683 notoncurt
863 638 949 684 aluta
970 637 1191 682 maratuoutum.
1296 619 1356 684 233

176 757 252 822 tium
265 757 363 814 metus
379 758 426 813 est
440 753 551 834 aditus.
568 785 603 798 -
625 757 657 813 ln
678 748 821 814 societate
841 771 912 816 vero
934 755 1124 814 ethnicorum
1141 757 1191 816 vix
1215 755 1357 815 credibile

176 847 322 915 videatur,
338 850 480 919 quantam
495 845 695 920 corruptelam
710 850 740 904 et
753 846 987 906 demutationem
1002 846 1115 919 nuptia
1135 847 1356 918 contraxerint,

176 938 287 1013 quippe
300 951 367 1010 quae
382 935 505 1010 objecta
520 935 663 995 lluctibus
675 943 778 994 essent
796 931 932 998 errorum
949 936 1195 1010 uniuscujusque
1211 936 1313 1010 papuli
1329 940 1359 994 et

176 1026 373 1100 cupiditatum
388 1025 643 1098 turpissimamm.
661 1027 782 1084 cauete
797 1025 867 1098 plus
891 1026 994 1091 minus
1010 1028 1115 1102 gentes
1136 1025 1290 1084 dediscere
1306 1041 1358 1084 no

176 1116 286 1174 tionem
303 1129 536 1190 germanamque
551 1116 698 1190 originem
711 1115 895 1174 matrimonii
908 1117 981 1174 visre
997 1119 1085 1184 sunl3
1103 1129 1227 1188 eamque
1238 1115 1277 1173 ab
1291 1129 1359 1174 ceu-
1476 1095 1480 1103 ’

176 1221 241 1265 sam
265 1205 302 1263 de
322 1203 474 1280 conjugiis
496 1205 611 1277 passim
638 1211 711 1264 tunc
732 1205 905 1266 terebantur
928 1206 1027 1280 leges,
1046 1219 1113 1278 qum
1135 1219 1204 1264 esse
1228 1220 1244 1262 e
1269 1219 1357 1276 repu-

175 1294 254 1354 blica
265 1293 447 1364 uiderentur,
464 1308 524 1351 non
540 1308 617 1366 quas
631 1300 738 1353 natura
752 1294 929 1368 postularet.
951 1294 1106 1354 solemnes
1126 1293 1215 1362 ritus,
1233 1292 1358 1352 arbitrio

175 1383 406 1459 legumlatorum
419 1383 545 1452 inuenti,
561 1383 731 1442 alliciebant
742 1384 949 1442 uthonestum
965 1383 1081 1452 uxoris,
1105 1387 1157 1441 aut
1176 1387 1264 1455 turpe
1284 1397 1358 1440 eon·

176 1471 294 1530 cubinea
309 1486 419 1530 nomen
434 1471 576 1530 mulieres
588 1471 851 1542 nanciscerentur;
867 1471 941 1545 quin
958 1485 993 1529 ea
1006 1476 1129 1530 ventum
1145 1475 1218 1540 erat,
1235 1475 1268 1527 ut
1282 1485 1353 1528 auc-

177 1563 296 1620 toritate
312 1561 483 1634 principum
499 1560 671 1633 reipublice
686 1568 852 1630 caueretur,
867 1561 980 1634 quibus
991 1564 1073 1620 esset
1086 1561 1268 1633 permissum
1279 1558 1357 1618 inire

176 1650 311 1724 nuptias,
325 1655 355 1708 et
369 1649 481 1723 quibus
496 1663 557 1708 nan
576 1655 669 1720 esset,
684 1650 812 1709 multum
827 1650 947 1724 legibus
969 1655 1073 1709 eontra
1093 1649 1264 1722 equitatem
1287 1661 1357 1706 ean-

176 1738 380 1810 tendentibus,
402 1739 530 1798 multum
556 1754 611 1811 pra
638 1739 759 1813 injuria.
783 1743 929 1800 Praeterea
952 1739 1141 1814 polygonis,
1168 1736 1354 1812 polyandria.

176 1831 337 1890 diuortium
358 1843 457 1888 causae
480 1829 602 1888 luerunt
629 1830 824 1903 quamobrem
846 1829 978 1903 nuptiale
998 1829 1154 1887 vinculum
1174 1841 1355 1903 magnopere

176 1918 369 1977 relaxaretur.
391 1921 513 1976 Summa
527 1933 647 1992 quaque
671 1919 701 1977 in
718 1920 832 1978 mutuis
857 1921 1022 1994 conjugum
1048 1917 1170 1992 juribus
1196 1922 1226 1974 et
1246 1917 1355 1976 albatis

177 2007 362 2082 perturbatio
374 2007 500 2077 exstitit,
517 2023 585 2066 eum
603 2009 648 2066 vir
659 2008 827 2068 dominium
844 2009 946 2068 uxoris
958 2008 1136 2082 acquireret,
1145 2021 1271 2080 eamque
1282 2021 1355 2065 suas

177 2096 234 2156 sibi
249 2111 298 2155 res
313 2095 434 2165 habere,
445 2096 616 2170 nullasaepe
625 2097 822 2171 justaeausa,
833 2097 970 2172 juberet;
982 2097 1039 2157 sibi
1049 2112 1121 2156 vcro
1133 2097 1170 2155 ad
1181 2096 1355 2156 effrenatam

177 2193 207 2246 et
226 2186 403 2245 indomitam
424 2186 579 2246 libidinem
600 2188 746 2262 precipiti
763 2189 886 2260 impune
900 2189 1004 2247 liceret
1024 2201 1184 2246 aeramen
1205 2185 1356 2259 pertepe-

176 2277 461 2346 mansiunculas,
476 2279 565 2352 quaet
579 2277 697 2350 melpum
709 2277 841 2352 dignitas
856 2278 962 2350 faamt,
973 2291 1033 2336 aon
1047 2276 1187 2335 uoluntas
1198 2275 1244 2350 (l).
1260 2277 1356 2334 Exsu-

179 2370 298 2438 perante
313 2366 369 2423 riri
383 2365 515 2432 licentia,
530 2366 605 2425 nihil
616 2372 680 2425 erat
693 2381 787 2426 uxore
802 2366 955 2436 miserius,
977 2365 1008 2423 in
1029 2369 1143 2422 tantam
1158 2363 1355 2423 humilitatem

177 2454 300 2528 dejecta.
315 2459 350 2512 ut
361 2453 597 2514 instrumentum
610 2470 685 2528 pene
695 2455 854 2514 haberetur
867 2455 904 2514 ad
926 2454 1103 2528 explendam
1126 2452 1294 2522 libidinem,
1308 2453 1355 2511 vel

177 2544 361 2618 gignendam
376 2544 511 2604 sobolem
532 2550 747 2617 comparatum.
770 2549 828 2604 Nee
843 2544 941 2618 pudor
955 2545 1013 2602 luit
1033 2543 1224 2602 collocandas
1247 2541 1278 2599 in
1294 2556 1357 2600 ma·

177 2633 431 2702 trimaniumemi,
448 2633 548 2704 vendi,
562 2633 593 2693 in
617 2649 717 2693 rernm
736 2648 947 2708 corporearum
973 2631 1201 2692 similitudinem
1216 2630 1265 2703 (t),
1289 2633 1357 2690 data

178 2723 327 2784 interdum
342 2723 458 2796 parenti
473 2725 639 2798 meritaque
654 2724 794 2783 laenitate
809 2728 975 2784 extremum
999 2719 1181 2794 supplicium
1205 2721 1242 2780 de
1264 2736 1356 2780 uxore

179 2813 457 2874 sumendi.'lalibus
472 2814 616 2872 familiam
631 2819 726 2872 amam
742 2811 905 2872 connubiis
927 2825 1053 2870 neeesse
1071 2815 1135 2870 erat
1148 2815 1201 2868 aut
1222 2810 1253 2868 in
1268 2810 1356 2869 bonis

179 2900 350 2974 reipublice
360 2915 438 2970 esse,
449 2906 501 2961 aut
512 2901 542 2960 in
554 2902 705 2975 mancipia
719 2901 945 2976 patrisfamilias
954 2900 1003 2973 (3),
1014 2899 1063 2958 aui
1073 2899 1156 2974 leges
1168 2898 1225 2957 hac
1236 2913 1356 2972 quaque

179 3005 270 3064 passe
288 2991 443 3062 dederant,
458 3006 519 3050 non
538 2993 627 3051 moda
647 2991 808 3051 liberorum
832 2991 979 3049 conficere
1002 2995 1031 3050 et
1045 2989 1183 3048 dirimere
1209 2987 1355 3046 arbitratu

178 3095 235 3140 suo
250 3082 382 3154 nuptias,
398 3083 601 3142 verumetiam
614 3083 645 3140 in
662 3083 784 3142 eosdem
799 3094 936 3140 exercere
951 3080 1020 3138 ritae
1034 3079 1179 3151 necisque
1194 3077 1354 3135 immanem

183 3175 373 3244 potestatem.

215 3261 271 3319 Sed
285 3265 328 3319 tot
337 3260 429 3332 vitiis,
444 3261 597 3336 tantisque
608 3261 796 3336 ignominiis,
809 3259 921 3335 quibus
932 3263 1018 3318 erant
1032 3257 1191 3330 inquinata
1200 3254 1356 3329 conjugia,

180 3348 345 3409 sublevatio
362 3351 483 3410 tandem
495 3356 524 3410 et
539 3351 688 3410 medicina
710 3350 856 3410 divinitus
873 3349 1002 3422 quesita
1024 3351 1089 3417 est;
1111 3343 1355 3420 quandoquidem

180 3437 335 3497 restitutor
358 3439 515 3515 dignitatis
535 3439 675 3500 humanae
697 3439 859 3515 legumque
877 3437 1075 3496 ltosaiearum
1099 3435 1247 3507 perfector
1267 3437 1357 3492 lesus

181 3527 316 3588 Christus
332 3543 392 3587 non
414 3529 566 3604 exiguam,
582 3543 679 3603 neque
700 3535 880 3602 postremam
895 3527 932 3586 de
946 3525 1137 3585 matrimonia
1153 3537 1257 3583 eurem
1272 3523 1356 3581 adhi-

180 3616 256 3676 buit.
273 3618 389 3677 Etenim
404 3619 528 3692 nuptias
544 3619 574 3676 in
595 3621 675 3678 Cana
693 3618 822 3678 Galliae
842 3621 909 3691 lpse
929 3615 1091 3692 prasentia
1106 3627 1164 3674 sua
1176 3611 1356 3680 nobilitavit,

181 3707 337 3781 primoque
347 3723 384 3766 ex
397 3708 545 3784 prodigiis
557 3724 576 3767 a
590 3724 623 3767 ae
637 3709 726 3768 editis
739 3707 808 3766 lecit
820 3697 1029 3766 memorabiles
1044 3699 1099 3777 (4)(
1126 3702 1239 3778 quihus
1257 3701 1359 3761 causis

181 3794 227 3852 vel
242 3809 279 3854 en
297 3811 332 3854 eo
346 3796 394 3854 die
409 3797 440 3855 in
452 3796 610 3856 hominum
620 3796 761 3872 conjugia
776 3809 861 3854 novae
873 3793 1033 3868 cujusdam
1044 3791 1257 3852 sanctitudinis
1272 3789 1359 3849 initia

181 3883 320 3942 videntur
333 3899 400 3944 esse
416 3886 557 3958 prolecta.
567 3886 680 3944 Deinde
693 3883 916 3944 matrimonium
928 3881 1078 3941 revocarit
1089 3881 1126 3940 ad
1139 3879 1288 3953 primevae
1297 3877 1358 3936 ori-

182 3972 469 4048 ginisnobilitatem,
488 3990 557 4034 cum
572 3976 764 4036 liebraearnm
780 3988 879 4034 mares
902 3970 1111 4046 improbanda,
1131 3971 1212 4044 quad
1232 3975 1261 4027 et
1281 3967 1358 4026 mul·

181 4062 307 4122 titudine
320 4080 449 4124 urorum
460 4071 490 4124 et
502 4067 620 4139 repudii
635 4066 776 4125 facultate
790 4064 1001 4134 abuterentur;
1024 4067 1088 4120 tum
1111 4060 1239 4118 maxime
1255 4057 1358 4130 praeei-

182 4152 290 4224 pienda
307 4169 345 4214 ne
359 4155 430 4228 quis
440 4155 602 4214 dissolvere
612 4156 735 4216 auderet
748 4155 829 4229 quod
845 4158 987 4228 perpetua
999 4149 1223 4226 conjunctionis
1234 4146 1357 4205 vinculo

186 4243 266 4301 Deus
277 4242 344 4315 ipse
355 4244 596 4304 constrinxisset.
611 4246 798 4318 Quapropter
812 4257 883 4302 curn
898 4239 1091 4300 diilleultates
1110 4236 1248 4296 diluisset
1262 4232 1299 4293 ab
1313 4234 1359 4291 in-

182 4330 297 4390 stitutis
312 4332 450 4390 Mosaicis
466 4333 497 4389 in
513 4333 645 4393 medium
659 4333 776 4403 allatas,
792 4331 925 4406 supremi
938 4327 1121 4405 legislatoris
1134 4329 1276 4397 suscepta
1294 4338 1359 4395 per-

183 4434 273 4490 sone,
295 4420 359 4480 baec
380 4420 417 4479 de
435 4421 617 4496 conjugibus
633 4423 735 4482 sanxit
753 4440 761 4479 ι
784 4423 854 4482 ittae
872 4425 974 4480 uatem
989 4417 1082 4488 caim,
1100 4415 1172 4490 quia
1185 4413 1361 4489 quicumque

184 4509 336 4571 dimiserit
354 4526 479 4570 amarem
487 4526 585 4579 acam,
599 4513 662 4570 aiei
676 4511 710 4570 ab
727 4512 969 4585 summationem,
984 4506 1120 4568 atellam
1141 4503 1275 4572 queem,
1290 4517 1359 4561 moe-

182 4599 312 4672 abalon·
327 4606 356 4660 et
370 4601 422 4676 qai
435 4600 592 4660 dimensam
606 4599 737 4670 decerit,
752 4599 920 4662 mactatur
935 4599 983 4674 (5).

215 4716 247 4780 (1)
270 4715 434 4782 Hieronym,
455 4717 531 4782 oper.
553 4719 618 4768 tam
639 4717 659 4779 l,
682 4715 732 4768 eol.
753 4718 806 4768 tua.
826 4743 856 4755 -
880 4716 914 4782 (t)
941 4712 1052 4776 druch„
1078 4712 1144 4766 Ada.
1167 4711 1252 4773 dmi..
1271 4711 1312 4762 lv.
1330 4735 1360 4746 -

184 4787 216 4852 (³)
232 4787 341 4853 Dionys.
353 4787 476 4852 italicar,
492 4787 537 4839 lib.
552 4789 584 4852 ll,
595 4801 618 4840 e.
628 4800 704 4852 xxvi,
720 4800 807 4841 xxvrr.
825 4816 852 4826 -
869 4788 901 4850 (tl
916 4789 1080 4850 loan.,11.·-
1096 4785 1128 4850 (5)
1144 4783 1246 4848 unam..
1261 4795 1318 4847 xlx,
1331 4784 1355 4831 tl.
