3482 5560
265 493 268 501 Ι
367 512 427 584 ⁹224
826 531 878 583 aas
901 533 1078 582 oenomaum.

367 658 465 715 tiones
484 672 519 714 eo
532 660 677 728 spectare,
693 662 726 714 ut
739 655 835 718 bacin
851 672 882 715 re
897 656 1048 716 naturales
1062 653 1232 726 divinaeque
1253 650 1337 726 leges
1352 655 1439 710 sartae
1455 655 1539 710 teclae

368 747 534 805 habeantur
557 764 564 802 ι
589 745 831 818 quandoquidem
850 747 1037 819 exploratum
1056 749 1103 803 est
1124 741 1285 802 catholicas
1306 755 1464 814 personas,
1484 755 1538 799 seu

368 837 450 896 viros
466 851 520 895 seu
535 836 768 909 mulieresque
784 837 906 911 nuptias
921 852 989 896 cum
1004 835 1178 895 acatholicis
1192 833 1235 892 ita
1253 833 1444 902 contrahunt,
1460 836 1494 889 ut
1506 845 1539 888 se

369 931 420 984 aut
434 927 565 984 suturam
587 925 721 984 sobolem
741 927 873 1000 periculo
897 925 1097 1000 perversionis
1119 931 1230 984 temere
1258 923 1454 991 committant,
1479 933 1539 978 non

368 1013 457 1072 modo
481 1015 641 1074 canonicas
659 1014 770 1074 violare
790 1017 974 1086 sanctiones,
991 1015 1043 1074 sed
1064 1014 1174 1072 directe
1191 1013 1281 1071 etiam
1301 1010 1540 1108 gravissimeque

344 1117 347 1130 ·
368 1103 399 1160 in
415 1103 579 1162 naturalem
595 1119 629 1162 ac
641 1103 774 1176 diuinam
789 1106 885 1178 legem
910 1119 1041 1177 peccare.
1057 1106 1152 1176 Atque
1167 1101 1274 1161 exinde
1291 1101 1353 1174 J'am
1370 1098 1539 1198 intelligitis

368 1205 425 1250 nos
447 1207 567 1265 quoque
594 1193 765 1268 gravissimi
789 1209 888 1252 coram
902 1197 963 1252 Deo
978 1199 1006 1252 et
1021 1191 1153 1252 Ecclesia
1173 1191 1310 1250 criminis
1333 1204 1401 1248 reos
1422 1189 1496 1258 iore,
1511 1201 1539 1244 sr

367 1279 446 1339 circa
461 1283 583 1354 nuptias
598 1283 772 1356 hujusmodi
789 1284 857 1343 istis
875 1285 906 1342 in
924 1282 1101 1359 regionibus
1116 1281 1346 1352 contrahendas,
1358 1280 1409 1338 illa
1423 1295 1441 1337 a
1453 1277 1540 1337 robis

366 1377 451 1429 aula
471 1372 610 1446 parochis
631 1379 798 1434 vestrarum
816 1375 996 1434 dioeeesium
1018 1373 1081 1432 lieri
1100 1372 1327 1441 assentiremur,
1346 1385 1399 1444 per
1420 1383 1498 1442 quae,
1513 1369 1540 1428 si

367 1475 428 1520 non
444 1461 555 1534 verbis,
573 1461 661 1521 iactis
676 1469 775 1522 tamen
795 1463 883 1536 ipsis,
902 1462 1165 1522 indiscriminatim
1179 1459 1425 1534 approbarentur.
1444 1461 1541 1528 Quare

369 1565 426 1608 nos
442 1565 634 1625 summopere
649 1553 893 1612 commendantes
915 1555 1011 1614 zelum
1034 1552 1119 1632 illum
1133 1557 1278 1622 restrum,
1300 1566 1361 1624 quo
1377 1549 1540 1609 catholicos

366 1643 472 1698 vestrae
486 1654 567 1699 curae
581 1642 762 1700 commissos
778 1657 796 1700 a
809 1641 970 1702 connubiis
984 1642 1086 1702 mixtis
1109 1647 1239 1701 evenere
1254 1641 1402 1700 hactenus
1421 1638 1540 1698 adlabo-

368 1727 469 1798 rastiS,
485 1724 572 1787 enixe
587 1729 618 1786 in
634 1730 762 1788 Domino
776 1731 977 1802 exhortamur,
992 1737 1026 1790 ut
1039 1731 1163 1804 posthac
1177 1731 1329 1804 paritario
1345 1728 1479 1801 idipsum
1494 1743 1540 1786 se-

368 1816 439 1874 dulo
454 1817 636 1878 incumbatis
649 1818 680 1878 in
696 1821 778 1879 omni
793 1822 935 1895 patientia
951 1829 979 1880 et
999 1822 1145 1892 doctrina,
1160 1821 1267 1881 horum
1283 1820 1390 1879 deinde
1405 1818 1541 1876 laborum

368 1907 524 1979 copiosam
534 1907 565 1965 in
581 1908 667 1967 coelis
682 1911 847 1969 mercedem
862 1911 1022 1984 accepturi.
1038 1914 1127 1968 turta
1137 1911 1201 1968 hec
1214 1909 1318 1984 igitur,
1334 1908 1452 1982 quoties
1465 1921 1541 1980 prae-

369 1996 472 2054 sertim
486 1997 631 2058 catholica
648 1999 750 2072 aliqua
763 2001 871 2060 mulier
888 2002 952 2060 viro
965 2001 1130 2060 acatholico
1152 1999 1264 2060 nubere
1282 1999 1364 2070 velit,
1381 1997 1542 2073 diligenter

367 2085 405 2144 'ab
427 2085 569 2161 episcopo
593 2103 679 2148 seua
698 2091 827 2163 parocho
845 2091 998 2150 edocenda
1021 2093 1088 2162 erit,
1105 2105 1244 2162 quanam
1268 2090 1347 2149 circa
1367 2086 1540 2163 hujusmodi

368 2175 489 2250 nuptias
501 2191 650 2236 canonum
667 2180 816 2239 sententia
831 2181 881 2251 sit,
902 2181 1040 2255 serioque
1060 2180 1248 2239 admonenda
1268 2180 1304 2238 de
1323 2179 1407 2254 gravi
1429 2177 1539 2236 scelere

368 2280 428 2337 quo
440 2266 519 2338 apud
534 2269 628 2326 Deum
652 2282 703 2327 rea
719 2267 780 2340 flet,
801 2270 828 2328 si
842 2283 895 2328 eos
905 2269 1016 2328 uiolare
1032 2275 1212 2343 praesumam
1237 2273 1266 2328 et
1287 2267 1416 2326 manime
1431 2280 1539 2340 oppor-

368 2360 474 2412 tunum
491 2356 547 2414 erit
560 2357 693 2416 eamdem
708 2359 859 2418 adhortari
876 2364 910 2418 ut
924 2361 1094 2418 meminerit
1114 2360 1320 2419 firmissimum
1338 2359 1412 2417 illud
1428 2363 1539 2418 nostras

367 2443 522 2518 religionis
537 2447 657 2523 dogma,
673 2450 753 2523 quod
769 2469 785 2504 a
799 2455 881 2509 extra
902 2465 1002 2509 veram
1024 2449 1200 2509 catholicam
1223 2449 1311 2508 tidem
1329 2464 1418 2508 nemo
1437 2448 1538 2507 salvus

367 2549 436 2592 esse
448 2541 560 2608 potesl;
576 2559 591 2587 o
607 2538 792 2612 proindeque
807 2547 954 2614 agnoscat
977 2556 1010 2599 se
1033 2541 1064 2598 in
1079 2540 1159 2600 lilios
1175 2555 1252 2615 quos
1267 2543 1355 2600 alteo
1370 2543 1534 2612 exspectat,

365 2623 427 2696 jam
442 2640 523 2684 nunc
538 2626 745 2686 crudelissime
761 2633 904 2700 acturam,
922 2630 948 2688 si
960 2630 1036 2688 tales
1051 2630 1231 2689 contraxerit
1244 2630 1365 2702 nuptias
1380 2629 1411 2686 in
1427 2627 1539 2702 quibus

369 2715 445 2772 sciat
458 2715 577 2775 illorum
590 2717 797 2778 educationem
810 2720 841 2778 in
853 2721 909 2778 uiri
920 2721 1075 2780 acatholici
1091 2721 1212 2780 arbitrio
1230 2722 1372 2780 suturam.
1388 2722 1459 2789 Quae
1473 2717 1539 2792 qui·

368 2802 435 2861 dem
459 2803 592 2864 salubria
613 2807 726 2866 monita
747 2815 835 2868 erunt
859 2809 959 2882 etiam,
983 2815 1072 2884 prout
1094 2810 1252 2883 prudentia
1271 2810 1471 2885 suggesserit,
1485 2810 1538 2867 ita·

368 2893 471 2964 randa,
488 2909 523 2952 eo
549 2897 714 2968 prasertim
735 2904 947 2973 temporeque
974 2901 1146 2973 nuptiarum
1168 2901 1233 2960 dies
1252 2900 1366 2959 instare
1392 2899 1538 2970 videatur,

368 2982 499 3056 dumque
512 2985 667 3044 consuetis
686 2987 972 3059 proclamationibus
987 2990 1165 3066 disquiritur
1187 2996 1287 3050 utrum
1311 2989 1370 3048 alia
1389 2989 1451 3048 sint
1472 3003 1539 3062 quae

368 3071 429 3130 illis
444 3072 565 3131 obstent
585 3075 797 3148 impedimenta
815 3079 970 3138 canonica.
987 3081 1071 3150 Quod
1086 3081 1112 3140 si
1133 3080 1288 3139 nonnullis
1305 3080 1335 3138 in
1356 3080 1476 3140 casibus
1491 3095 1540 3154 pa-

368 3168 453 3220 terna
465 3163 639 3237 hujusmodi
649 3180 802 3226 sacrorum
812 3175 964 3240 pastorum
976 3171 1118 3230 studiain
1130 3170 1247 3230 irritum
1257 3171 1361 3230 cadere
1372 3172 1535 3245 contingat,

369 3257 441 3309 tunc
454 3267 526 3310 sane
542 3253 752 3314 abstinendum
774 3258 861 3316 erita
881 3259 1026 3319 catholica
1046 3261 1147 3320 eadem
1163 3277 1292 3334 persona
1306 3261 1445 3320 censuris
1460 3261 1489 3319 in
1506 3261 1538 3318 il-

367 3339 427 3398 lam
442 3341 618 3402 nominatim
632 3347 784 3418 expressis
799 3347 998 3421 corripienda,
1008 3365 1046 3408 ne
1060 3350 1208 3410 tumultus
1223 3351 1331 3425 aliquis
1346 3352 1500 3422 excitetur,
1509 3357 1546 3408 et-

283 3467 286 3474 ,
352 3431 506 3504 ,graviora
529 3433 572 3490 rei
594 3433 749 3494 catholicae
770 3436 849 3495 mala
869 3437 1048 3510 obveniant3
1072 3441 1125 3499 sed
1146 3441 1204 3500 alia
1228 3457 1265 3500 ex
1285 3446 1369 3515 parte
1387 3441 1537 3500 abstinere

353 3521 457 3578 etiam
476 3520 642 3582 catholicus
657 3530 759 3597 pastor
773 3519 902 3600 debebit,
918 3544 979 3588 non
996 3528 1094 3588 solum
1110 3531 1225 3604 nuptiis
1240 3547 1307 3606 quae
1326 3531 1434 3590 deinde
1454 3531 1535 3603 liant,

369 3623 455 3668 sacro
468 3624 658 3685 quocumque
671 3613 730 3672 ritu
745 3615 952 3689 honestandiS,
964 3619 1016 3678 sed
1029 3619 1118 3678 etiam
1133 3635 1151 3678 a
1164 3621 1270 3694 quovis
1283 3627 1351 3680 actu
1364 3637 1424 3696 quo
1436 3635 1539 3696 appro-

369 3699 440 3756 bare
466 3699 534 3758 illas
554 3701 698 3762 videatur.
722 3707 815 3775 Quam
841 3707 920 3766 circa
941 3723 1003 3766 rem
1028 3709 1102 3768 illud
1123 3711 1312 3770 solummodo
1332 3713 1362 3770 in
1380 3713 1536 3771 nonnullis

370 3789 445 3847 locis
462 3788 617 3848 toleratum
634 3798 690 3864 est,
705 3799 740 3853 ut
754 3795 887 3867 parochi,
907 3797 959 3871 qui
975 3798 1012 3856 ad
1029 3799 1166 3872 graviora
1185 3801 1227 3859 rei
1249 3801 1401 3861 catholica
1425 3803 1536 3862 incom-

370 3879 458 3938 moda
482 3883 641 3942 avertenda
655 3887 843 3956 presentiam
858 3902 946 3946 suam
962 3891 1173 3950 contrahendis
1191 3892 1238 3952 his
1257 3894 1372 3967 nuptiis
1396 3901 1536 3967 praestare

370 3969 565 4043 cogebantur,
588 3977 758 4045 paterentur
775 3976 895 4048 quidem
917 3991 968 4037 eas
985 3979 1062 4051 ipsis
1079 3981 1277 4052 presentibus
1298 3984 1406 4042 confici
1428 3985 1466 4058 (si
1482 3984 1538 4043 soi·

370 4057 440 4116 licet
461 4059 577 4118 nullum
601 4061 681 4119 aliud
703 4062 835 4122 obstaret
857 4067 1035 4126 canonicum
1060 4069 1334 4145 impedimentum),
1363 4079 1406 4143 ut,
1433 4074 1533 4132 audito
1562 4119 1569 4132 .

370 4147 531 4220 utriusque
546 4149 638 4221 partis
653 4165 817 4222 consensu,
832 4153 973 4228 deinceps
988 4173 1041 4230 pro
1057 4173 1115 4216 suo
1132 4160 1231 4219 officio
1246 4167 1346 4220 aetum
1358 4161 1455 4220 aalide
1470 4177 1536 4236 ges·

374 4240 436 4293 tum
452 4235 484 4294 in
499 4237 757 4299 matrimoniorum
771 4241 881 4300 librum
895 4245 1056 4317 referrens
1072 4247 1125 4306 sed
1142 4255 1279 4308 caverent
1293 4265 1411 4323 semper
1431 4251 1468 4310 ab
1482 4251 1537 4309 illi·

371 4325 440 4384 citis
462 4325 637 4400 hujusmodi
656 4329 852 4390 matrimoniis
876 4331 939 4390 ullo
960 4349 1017 4392 suo
1040 4342 1108 4395 actu
1133 4337 1354 4412 approbandis;
1383 4340 1535 4414 multoque

371 4415 470 4491 magis
493 4419 625 4477 asacris
642 4419 781 4494 precibus
808 4426 839 4480 et
857 4422 896 4481 ab
916 4423 1119 4486 ecclesiastico
1143 4428 1251 4501 quovis
1272 4429 1331 4489 ritu
1353 4429 1466 4488 eisdem
1487 4429 1538 4488 ad·
1640 4453 1646 4466 ·

371 4505 536 4564 miscendo.

408 4597 548 4669 Sequitur
567 4599 629 4671 jam
649 4603 682 4659 ut
699 4599 736 4659 de
757 4599 877 4662 illorum
895 4617 989 4664 causa
1012 4608 1256 4682 respondeamus,
1278 4607 1330 4684 qul
1348 4609 1537 4670 matrimonia

372 4684 465 4744 mixta
475 4685 551 4747 inire
563 4688 629 4749 ausi
648 4688 770 4764 luerint,
783 4692 928 4754 catholico
940 4701 1060 4768 pastore
1081 4711 1141 4757 non
1157 4705 1313 4773 presente.
1335 4703 1371 4760 Et
1390 4700 1446 4760 bac
1468 4715 1534 4774 qur·
