3500 5552
541 515 627 564 ussa
648 515 775 572 omarus
796 515 1018 564 cessaremus.
1310 499 1368 564 eet
1429 469 1431 482 ³

235 633 301 698 Sed
315 635 507 699 communis
522 636 692 702 sententia
707 636 853 701 sustinet
864 637 994 702 crimen
1007 653 1083 701 esse
1098 636 1269 705 occultum
1279 636 1369 719 quod

196 759 316 804 omnes
332 727 502 822 ignorant,
519 742 575 806 rel
587 745 747 828 perpauci
762 744 882 821 sciunt,
898 745 947 810 ita
962 745 1100 828 quidem
1121 749 1159 808 ut
1176 745 1265 808 absit
1284 744 1372 827 peri-

195 850 310 915 culum
324 869 367 915 ne
382 850 467 914 illud
480 850 516 915 in
530 852 704 934 publicum
717 852 860 936 prodeat
872 874 879 916 ε
891 853 982 918 unde
996 853 1166 917 occultum
1176 853 1322 916 sumitur
1334 857 1372 915 ut

195 959 723 1042 contradistinguiturapublico;
734 961 793 1025 sed
807 962 932 1026 iterum
948 961 1053 1044 quaeri
1070 961 1219 1036 deberet,
1238 960 1318 1046 quid
1329 961 1372 1024 sit

197 1071 231 1132 et
245 1066 437 1150 publicum?
450 1065 625 1132 Publicum
640 1071 692 1132 est
705 1085 834 1133 nomen
847 1068 1006 1150 generale
1021 1069 1111 1151 quod
1130 1067 1324 1133 verificatur
1337 1068 1372 1132 in

197 1175 341 1252 notorio,
358 1175 540 1240 manifesto
564 1180 598 1240 et
615 1177 760 1253 famoso,
777 1195 837 1241 seu
854 1177 945 1242 fama
965 1159 1134 1260 evulgato
1156 1176 1230 1242 aliis
1246 1177 1370 1252 verbis,

196 1282 232 1346 in
246 1282 392 1357 notorio,
408 1281 612 1348 notorietate
621 1283 720 1366 juris,
737 1283 816 1348 fecti
832 1283 887 1348 vel
903 1285 1018 1361 tamae3
1035 1302 1116 1367 ergo
1133 1283 1303 1350 occultum
1322 1289 1374 1348 est

196 1389 280 1453 illud
289 1388 480 1472 quodnullo
490 1389 593 1455 modo
605 1395 658 1454 est
666 1391 851 1456 notorium.
864 1391 1163 1473 Schmclzgrueber
1171 1393 1220 1457 sic
1229 1390 1374 1474 explicat

196 1497 261 1561 hoo
274 1497 479 1562 vocabulum
494 1497 537 1563 ad
551 1501 703 1564 mentem
718 1516 812 1564 conc.
829 1499 916 1562 Trid.
939 1519 946 1561 :
964 1499 1163 1564 «Occultum
1178 1500 1281 1564 etiam
1297 1500 1375 1564 dioi-

198 1609 253 1668 tur
270 1603 431 1669 delictum
447 1623 533 1681 esse,
549 1604 696 1690 quande,
715 1607 777 1670 etsi
793 1623 852 1689 per
867 1610 973 1670 testes
987 1605 1122 1688 probari
1139 1608 1256 1690 possit,
1278 1607 1375 1689 igno·
1393 1603 1396 1610 '

196 1716 290 1778 ratur
305 1717 421 1777 tamen
434 1732 454 1778 e
466 1715 588 1797 majori
603 1718 698 1797 parte
717 1713 832 1797 populi
849 1731 909 1778 seu
925 1712 1189 1790 communitatis,
1205 1716 1240 1779 in
1253 1734 1320 1799 qua
1332 1716 1373 1780 ed

195 1821 309 1885 minus
330 1821 448 1886 decem
470 1823 632 1898 resident,
654 1823 712 1886 ubi
730 1822 890 1886 delicium
911 1823 1133 1886 commissum
1148 1827 1210 1898 est,
1226 1823 1372 1908 ideoque

195 1928 366 1993 occultum
389 1931 523 1996 notorio
548 1930 768 2013 opponitur.»
790 1928 823 1992 Si
849 1929 1011 1994 delictum
1034 1934 1125 1996 esset
1145 1930 1318 2014 publicum
1338 1931 1374 1995 in

195 2055 264 2100 uno
283 2038 369 2115 loco,
393 2043 428 2103 et
446 2039 482 2102 in
502 2037 567 2104 alio
580 2058 650 2104 nun
666 2037 792 2102 sciatur
806 2057 869 2102 nec
886 2039 1047 2103 timeatur
1059 2038 1278 2121 probabiliter
1292 2038 1375 2105 illud

194 2145 371 2210 sciendum
388 2149 472 2224 fore,
489 2146 697 2230 probabilius
712 2152 910 2213 censeretur
922 2145 1104 2231 publicum.
1122 2145 1171 2211 lts
1183 2149 1376 2212 communis

195 2255 365 2319 sententia
378 2259 497 2320 contra
511 2255 659 2318 Sanchez
676 2259 710 2318 et
724 2255 818 2319 alios

234 2362 385 2428 Tandem
396 2363 425 2427 si
438 2361 599 2427 delictum
610 2361 749 2446 quidem
762 2367 853 2426 esset
863 2362 1036 2445 publicum
1050 2383 1093 2428 ex
1106 2365 1236 2429 ratione
1251 2363 1373 2439 delicti,

196 2488 353 2536 nonvero
362 2471 543 2536 erratione
553 2468 820 2550 irregularitatis,
830 2489 901 2535 non
910 2489 978 2536 una
989 2475 1042 2535 est
1055 2472 1158 2536 etiam
1166 2471 1231 2535 bb.
1245 2477 1378 2536 senten-

197 2578 258 2642 tie:
271 2579 332 2643 sed
342 2579 399 2643 illa
409 2578 549 2662 inprexi
559 2577 707 2642 tenenda
715 2583 768 2642 est
777 2597 852 2662 quae
861 2583 965 2660 negat
974 2578 1171 2662 episcopum
1180 2579 1376 2662 dispensare

197 2704 298 2769 posse
310 2685 754 2770 inimpedimentopublico‚
764 2685 867 2751 etiam
877 2686 1097 2750 materialiter
1105 2691 1267 2769 spectato,
1282 2687 1377 2770 quid-

199 2792 1376 2878 quidsitdsquaestionemS.Poenitentiariesoleatdispensarevelnon

198 2903 233 2966 in
245 2903 499 2987 impedimentis
512 2902 734 2968 materialiter
746 2907 891 2977 tantum,
905 2907 939 2966 et
947 2920 1017 2966 non
1027 2902 1216 2967 formaliter
1223 2902 1375 2968 occultis.

239 3011 271 3074 b
292 3012 477 3095 Episcopus
492 3031 563 3077 non
576 3015 689 3095 potest
707 3009 902 3094 dispensare
920 3011 956 3073 in
976 3010 1098 3076 delicto
1114 3012 1288 3093 adfurum
1303 3029 1378 3074 cotz-

201 3121 381 3184 lentiscum
404 3119 549 3185 deducto
569 3124 755 3184 :censetur
777 3118 971 3195 deductum,
998 3119 1134 3202 quando
1155 3119 1305 3183 delatum
1327 3123 1379 3182 est

198 3227 303 3309 judici
320 3232 360 3295 ‚et
373 3227 515 3311 insuper
530 3226 653 3293 deletio
671 3227 758 3310 parti
777 3227 933 3291 intimate
948 3225 1011 3290 fuit
1032 3247 1038 3289 :
1062 3227 1152 3291 unde
1168 3245 1238 3292 non
1257 3226 1380 3292 sullicit

202 3339 240 3398 ut
253 3337 296 3399 sit
310 3334 461 3400 delatum
473 3335 596 3419 judici·
608 3335 641 3400 si
656 3354 735 3400 reus
753 3353 796 3399 ex
810 3334 1065 3418 deiectu'plenae
1084 3335 1305 3417 probationis,
1322 3336 1375 3400 eb·

204 3443 335 3508 solutus
345 3445 467 3509 fuisset
481 3446 523 3510 ab
536 3445 708 3520 instantia,
719 3449 836 3527 posset
851 3445 954 3509 etiem
970 3445 1149 3528 episcopus
1163 3445 1359 3528 dispensare
1371 3465 1378 3522 ;

204 3570 284 3617 nam
301 3557 382 3618 tuno
402 3553 563 3618 delictum
581 3571 650 3618 non
665 3557 825 3618 censetur
845 3551 1029 3617 deductum
1044 3552 1086 3618 ad
1107 3553 1220 3618 iorum
1233 3557 1380 3628 ,conten-

207 3661 331 3725 tiosum
346 3661 577 3744 (schmatzgr,
593 3682 627 3726 n.
644 3661 726 3745 lto).
1080 3665 1083 3672 ’

244 3769 276 3833 3⁰
289 3769 552 3853 Episcopusnon
560 3777 674 3855 potest
684 3771 880 3854 dispensare
894 3771 958 3835 nisi
970 3771 1153 3836 subditum.
1170 3798 1185 3832 «
1197 3774 1382 3849 Quoscum-

204 3896 270 3961 que
282 3878 347 3942 sibi
357 3878 517 3957 subditos,
530 3884 568 3943 ut
581 3880 629 3944 ait
642 3897 736 3944 conc.
749 3878 909 3955 Trident,
924 3879 959 3943 in
976 3879 1112 3944 dioecesi
1127 3899 1189 3944 sua
1201 3905 1227 3944 ».
1239 3879 1380 3944 Nomine

204 3985 417 4051 subditorum
429 3987 483 4051 hic
493 3987 839 4071 veniuntquihabent
850 3987 1069 4064 domicilium,
1080 3987 1135 4051 vel
1145 3989 1381 4069 permajorem

203 4095 284 4160 anni
305 4100 438 4177 partem
459 4099 715 4160 commorantur
732 4113 811 4161 cum
829 4095 1018 4160 intentione
1041 4096 1089 4159 sic
1104 4093 1274 4158 manendi.
1297 4095 1381 4158 ltem

204 4201 293 4283 vagi.
308 4200 357 4266 lta
367 4201 502 4279 Suarez,
515 4203 673 4278 Sanchez,
687 4208 764 4280 etc,
777 4202 867 4285 apud
882 4201 1098 4282 Schmalzgr,
1113 4219 1147 4264 n.
1160 4200 1228 4264 ll'l.
1237 4234 1275 4247 -
1285 4199 1382 4277 Quod

203 4327 274 4374 non
298 4310 406 4392 possit
427 4309 605 4392 praedictos
628 4311 782 4375 subditos
802 4309 998 4393 dispensare
1021 4309 1088 4372 nisi
1105 4309 1140 4371 ln
1160 4326 1222 4372 suu
1236 4308 1381 4388 diecesi,

204 4415 277 4480 haec
291 4416 396 4481 verba
410 4421 491 4480 sunt
503 4416 735 4499 intelligenda,
752 4435 822 4482 non
838 4417 873 4480 in
887 4416 952 4480 hoc
967 4434 1070 4480 sensu
1090 4414 1183 4499 quod
1204 4397 1382 4499 episcopus

206 4522 382 4590 absolvere
398 4531 546 4609 nequeat
560 4525 735 4590 subditum
749 4525 954 4589 existentem
968 4528 1063 4588 extra
1078 4540 1175 4586 suern
1196 4523 1381 4600 dioecesim,

208 4636 247 4695 ut
266 4637 386 4698 monet
405 4633 706 4714 Schmalzgrueber
724 4636 802 4717 post
820 4633 968 4698 Sonchez
991 4637 1025 4694 et
1046 4630 1195 4709 Pulsum,
1217 4631 1276 4695 sed
1291 4632 1383 4715 quod
