3508 5568
563 613 650 659 traua
672 615 806 681 optemus
827 613 1048 660 nucamenta.
1351 599 1390 664 37

221 736 284 796 tus.
302 731 349 797 Ex
362 731 414 796 his
426 731 679 815 impedimentis
688 735 844 819 quadam
854 735 981 800 habent
995 751 1076 801 suos
1085 735 1241 818 proprios
1252 735 1367 802 titulos
1382 756 1389 800 :

220 860 299 905 nam
312 841 353 906 de
363 849 463 906 atate
474 842 587 924 agitur
599 845 639 906 tit
646 841 685 920 ΙΙ,
700 843 741 908 de
751 843 1019 908 clandestinitotc
1032 843 1081 905 tit.
1095 841 1149 920 111,
1166 843 1207 907 de
1218 844 1390 934 licaoniae,

221 949 269 1012 tit.
291 947 342 1023 tv,
364 948 405 1013 ale
425 949 670 1014 conditionibus
692 951 842 1015 adversis
859 950 1076 1014 matrimonio
1096 949 1146 1012 tit.
1170 951 1207 1026 v,
1226 950 1266 1015 de
1281 952 1393 1016 condi-

219 1057 309 1119 tione
336 1056 451 1120 servili
477 1058 525 1121 tit.
553 1057 675 1135 1x‚de
699 1067 775 1122 voto
795 1063 829 1121 et
852 1076 947 1122 sacro
971 1057 1088 1120 ordine
1109 1057 1158 1120 tit.
1187 1056 1245 1134 vt,
1270 1057 1311 1124 de
1332 1061 1393 1124 cri-

219 1163 308 1226 mine
328 1165 377 1227 tit.
400 1163 465 1240 Vll,
489 1165 530 1230 cle
548 1167 747 1250 copnattone
769 1166 819 1229 tit.
841 1164 895 1242 xl,
914 1163 970 1228 Xll
986 1163 1113 1241 ccxlv,
1136 1165 1177 1228 de
1194 1166 1393 1249 impotentia

221 1273 268 1336 tit.
283 1272 348 1336 XV.
362 1273 504 1359 Reliqua
516 1276 886 1360 nonhahentproprios
897 1274 1013 1338 titulos
1024 1275 1158 1356 injure,
1169 1274 1393 1358 sedquaedam

219 1382 435 1452 insinuantur
460 1383 524 1448 hoc
548 1385 597 1447 tit.
618 1402 657 1449 ac
676 1383 818 1467 proinde
838 1383 893 1448 hic
913 1382 996 1447 mihi
1018 1381 1198 1447 videbatur
1221 1383 1393 1464 agendum

208 1489 401 1586 deerrare,
418 1491 452 1556 vi
468 1509 528 1556 seu
540 1496 646 1568 metu,
664 1497 773 1576 raptu,
795 1491 921 1576 dispari
934 1490 1038 1566 cultu,
1056 1494 1091 1554 et
1105 1491 1238 1573 justitia
1246 1489 1390 1574 publica.

634 1677 836 1720 tarantasmum
855 1676 978 1718 annonis.

259 1793 317 1858 Hic
333 1812 456 1860 revoca
471 1813 516 1859 ex
531 1796 627 1860 dictis
642 1795 699 1860 lib.
718 1795 770 1872 lll,
788 1797 838 1860 tit.
855 1794 935 1872 XIV,
953 1813 1104 1861 errorem
1116 1795 1151 1858 in
1165 1795 1393 1862 contractibus

219 1901 325 1970 ellum
348 1921 425 1968 csse
440 1904 709 1982 substantialem,
734 1904 789 1988 qui
813 1908 971 1968 versatur
989 1904 1078 1968 circa
1092 1904 1204 1988 ipsum
1222 1904 1395 1986 objectum

220 2009 458 2086 substantiata
480 2011 584 2076 alium
598 2012 850 2092 accidentalem,
864 2012 922 2096 qui
932 2017 1089 2076 versatur
1107 2011 1196 2076 circa
1210 2011 1396 2077 accidentia
1445 2013 1452 2045 ’-

220 2124 253 2182 et
266 2120 537 2184 circumstantias
553 2121 687 2204 objecti.
704 2121 850 2204 Uterque
866 2120 921 2184 vel
935 2124 988 2184 est
1007 2121 1217 2200 antecedens,
1234 2141 1296 2187 seu
1310 2123 1396 2187 dans

218 2245 357 2292 causam
380 2229 578 2304 contractui,
593 2246 672 2312 ,quo
699 2229 923 2311 praecognito,
954 2232 1147 2292 contractus
1178 2247 1249 2296 non
1275 2229 1397 2296 fuisset
1505 2305 1508 2313 ,

219 2335 433 2410 celebratus;
461 2335 518 2398 vel
534 2335 693 2411 incidens,
718 2355 777 2399 seu
804 2335 1051 2412 concomitans,
1078 2329 1147 2420 qiro
1167 2337 1393 2419 praecognito,

219 2427 441 2509 nihilominus
461 2447 655 2509 contractus
669 2444 790 2508 luisset
805 2444 1005 2508 celebratus.

509 2620 552 2672 Vt.
565 2617 632 2679 Quis
647 2629 726 2670 error
739 2617 853 2670 dirimet
867 2617 1104 2670 matrimonium?

259 2753 359 2836 Resp.
377 2755 406 2816 l.
423 2753 523 2817 Error
537 2752 767 2818 substantialis
781 2753 870 2818 circa
882 2753 1098 2840 individuum
1113 2771 1268 2836 persona
1283 2754 1394 2820 reddit

218 2861 476 2926 matrimonium
483 2861 557 2944 ipso
562 2863 639 2944 jure
651 2855 797 2927 naturali
805 2862 938 2927 nullum
950 2882 957 2924 :
969 2861 1111 2928 itaeom.
1126 2879 1253 2928 exoan.
1268 2883 1325 2928 un.
1340 2865 1391 2940 aa,

219 2975 252 3052 q.'
268 2971 299 3046 l,
314 2969 359 3032 ibi
374 2987 381 3032 :
398 2993 413 3026 «
430 2967 530 3032 Error
541 2987 696 3053 personae
711 2969 863 3054 conjugii
878 2988 1084 3034 consensum
1099 2989 1170 3035 non
1185 2971 1332 3038 admittit
1346 2992 1353 3048 ;
1377 2997 1392 3030 »

219 3097 299 3144 uam
325 3077 367 3142 ad
391 3077 544 3143 valorem
566 3079 774 3143 matrimonii
796 3079 980 3162 requiritur
1002 3096 1202 3158 consensus,
1227 3080 1301 3145 siue
1326 3098 1393 3164 quo

218 3193 309 3255 certe
332 3191 511 3272 nequeunt
530 3186 642 3254 foedus
667 3187 829 3269 perticere
843 3187 1023 3270 conjugale
1043 3188 1126 3270 (oap.
1148 3187 1188 3250 26
1206 3187 1240 3251 h.
1258 3189 1312 3270 t.);
1333 3189 1393 3254 sed

219 3299 330 3361 stante
352 3312 466 3360 errore
491 3295 704 3360 substantiali
727 3296 815 3360 circa
844 3295 1059 3361 individuum
1081 3313 1255 3378 personae,
1279 3296 1394 3360 nullus

219 3403 315 3468 adest
329 3420 527 3480 consensus,
546 3404 625 3490 quia
638 3429 652 3462 a
664 3404 806 3492 errantis
822 3404 916 3476 nulla
933 3408 985 3468 est
1001 3403 1170 3480 voluntas,
1186 3403 1300 3468 nullus
1314 3422 1395 3469 con-

221 3531 344 3578 sensus
360 3538 375 3570 »
391 3531 453 3594 per
465 3511 488 3574 l.
505 3510 695 3590 vt11‚1x‚c.
712 3512 754 3576 de
767 3511 797 3576 t.
822 3519 854 3576 et
870 3513 907 3578 F.
925 3514 1056 3596 ipnor.;
1077 3529 1170 3594 ergo.
1192 3511 1394 3578 instantiam

218 3625 323 3689 habes
335 3623 371 3686 in
382 3623 540 3687 omnibus
554 3622 784 3687 contractibus
794 3621 1157 3707 inquibuserrorcirca
1168 3622 1392 3688 substantiam

219 3733 342 3816 objecti
365 3734 483 3796 causat
501 3729 747 3795 invaliditatem
771 3735 876 3807 actus,
896 3736 934 3794 ut
955 3731 983 3794 si
1004 3749 1098 3796 emas
1120 3730 1282 3815 poculum
1305 3732 1394 3796 auri-

218 3839 408 3905 chalcinum
422 3843 546 3922 putans
557 3857 632 3903 esse
645 3856 798 3914 aureum,
809 3857 933 3924 aquam
943 3839 1128 3904 coloratam
1140 3858 1202 3923 pro
1216 3839 1308 3916 vino,
1327 3844 1389 3904 eto.

219 3947 322 4013 Porro
336 3955 417 4012 cu'm
432 3945 715 4031 impedimentum
730 3947 821 4012 istud
841 3949 884 4012 sit
898 3949 985 4031 Juris
1000 3953 1143 4026 natura,
1158 3948 1273 4014 locum
1290 3949 1395 4014 habet

220 4057 323 4122 etiarn
338 4057 372 4120 in
386 4054 580 4120 infidelibus
596 4075 603 4128 3
625 4073 737 4140 neque
752 4056 793 4119 ab
813 4055 961 4122 Ecclesia
976 4056 1046 4121 tolli
1060 4060 1183 4140 potest,
1204 4074 1284 4121 cum
1305 4055 1395 4139 Papa

219 4181 426 4229 consensum
437 4162 654 4246 personalem
669 4162 825 4248 supplere
841 4171 998 4248 nequeat.

155 4353 163 4368 .
256 4310 364 4368 ilices:
383 4315 410 4366 t⁰
423 4308 492 4368 Sine
507 4323 660 4367 consensu
677 4313 736 4367 stat
757 4310 982 4369 matrimonium
998 4311 1028 4368 iu
1050 4325 1085 4369 eo
1103 4309 1153 4384 qui
1171 4307 1320 4367 contrahit
1337 4309 1396 4368 sub
1435 4329 1439 4338 ·

220 4401 390 4460 conditione
403 4399 584 4472 impossibili
601 4399 674 4472 (cap.
692 4399 744 4456 fin.
764 4399 799 4458 de
813 4399 927 4460 Condit.
944 4399 1093 4475 opposta),
1109 4404 1138 4457 et
1150 4399 1182 4457 iu
1200 4414 1236 4458 eo
1258 4399 1395 4473 quiante

219 4493 296 4550 Trid.
317 4503 460 4564 sponsam
476 4490 512 4548 de
528 4489 629 4548 tuturo
644 4491 786 4564 cognovit
797 4491 833 4564 (c.
852 4495 886 4548 30
901 4491 931 4548 h.
947 4491 991 4565 t).
1007 4497 1036 4548 2⁰
1053 4489 1144 4548 Jacob
1157 4490 1307 4548 contraxit
1325 4505 1394 4550 cum

220 4584 279 4652 lio,
301 4583 370 4641 licet
387 4581 562 4654 cogitaverit
581 4595 648 4638 esse
671 4581 836 4640 Rachelem.
859 4587 889 4640 3·
909 4585 996 4640 Error
1016 4595 1153 4654 personae
1173 4593 1233 4638 nou
1249 4578 1394 4639 invalidat

220 4673 334 4746 reliqua
353 4676 559 4740 sacramenta3
580 4675 613 4728 ut
632 4671 659 4729 si
681 4687 755 4744 puer
771 4671 945 4746 baptizetur,
963 4687 1031 4730 cum
1048 4676 1145 4730 tamen
1166 4670 1207 4728 sit
1224 4669 1333 4743 puella.
1356 4701 1391 4710 -

222 4765 312 4837 Hesp.
329 4763 365 4822 ad
380 4768 404 4819 t.
422 4763 453 4820 tn
465 4766 593 4834 utroque
608 4775 691 4826 casu,
704 4762 731 4821 si
742 4777 833 4850 verus
844 4777 1015 4823 consensus
1026 4760 1131 4832 detuit,
1143 4773 1203 4818 non
1218 4763 1264 4820 ast
1287 4773 1390 4818 verum
