3482 5560
364 495 448 546 strnts
468 495 655 546 arosroatcn
675 495 854 546 notoncurt
877 497 962 546 ctaca
983 495 1203 544 uarntuovruu.
1306 473 1365 542 lid

200 621 317 676 sistere.
335 614 557 686 Quamobrem
573 616 648 674 nihil
663 632 797 690 unquam
817 617 854 676 de
869 616 1059 676 matrimonio
1083 616 1198 687 statuit,
1212 615 1286 687 quin
1312 629 1373 672 res-

200 710 319 778 pectum
331 704 469 782 habuerit
482 704 519 763 ad
538 708 649 762 stetum
663 705 900 775 communitatis,
915 704 952 762 ad
967 703 1156 762 conditiones
1174 703 1370 776 populorum
1448 705 1450 712 ⁴

201 809 256 854 nec
280 793 373 853 semel
393 806 517 852 suarum
541 793 610 866 ipsa
629 793 731 868 legum
753 794 940 867 prescripta,
964 793 1063 866 quoad
1083 793 1191 866 potuit,
1215 791 1373 866 mitigavit,

201 884 321 957 quando
336 889 370 943 ut
389 883 540 958 mitigaret
558 897 657 942 cause
672 884 762 956 justa
784 889 814 941 et
835 897 942 958 graves
966 883 1158 955 impulerunt.
1173 913 1208 924 —
1222 884 1295 939 item
1313 894 1374 939 non

201 973 268 1045 ipsa
284 973 404 1048 ignorat
417 988 515 1045 neque
535 973 680 1032 ditlltetur
699 979 919 1034 sacramentum
942 974 1137 1044 matrimonii,
1156 987 1224 1032 cum
1247 972 1285 1030 ad
1304 985 1375 1030 cou-

196 1063 403 1134 „servationem
416 1076 537 1136 quoque
549 1067 579 1120 et
592 1062 810 1122 incrementum
822 1063 976 1122 societatis
988 1063 1127 1120 humanae
1139 1061 1296 1136 dirigatur,
1305 1074 1376 1118 con-

203 1152 363 1210 nexionem
384 1156 413 1210 et
434 1151 690 1210 necessitudinem
711 1151 821 1210 hahere
841 1167 911 1210 cum
933 1152 1026 1214 relius
1049 1151 1126 1225 ipsis
1146 1150 1288 1209 humenis
1309 1165 1377 1222 quae

204 1239 427 1298 matrimonium
458 1238 579 1313 quidem
603 1246 839 1313 consequentur,
864 1241 918 1299 sed
948 1240 979 1298 in
1007 1254 1116 1315 genere
1145 1237 1225 1298 civili
1253 1251 1378 1296 versen-

204 1337 276 1390 tur:
302 1331 339 1389 de
361 1330 473 1404 quihus
495 1329 586 1388 rebus
598 1330 666 1403 jure
686 1329 853 1388 decernunt
875 1335 904 1388 et
924 1335 1115 1404 cognoscunt
1135 1329 1188 1402 qui
1206 1325 1378 1401 reipublicae

204 1425 348 1495 praesunt.

240 1513 330 1568 Nemo
344 1512 443 1566 autern
459 1508 574 1566 dubitat
587 1509 661 1581 quin
683 1509 823 1568 Ecclesiae
838 1508 975 1568 conditor
986 1511 1077 1568 iesus
1094 1507 1231 1567 Christus
1250 1513 1380 1582 potesta-

205 1605 266 1658 tem
281 1612 396 1658 sucraur
411 1597 541 1656 voluerit
556 1613 624 1657 essa
639 1613 657 1656 a
671 1599 751 1657 civili
764 1599 946 1669 distinctam,
967 1597 1047 1656 etad
1067 1612 1140 1656 suas
1155 1603 1313 1672 utramque
1330 1614 1380 1658 res

206 1689 339 1762 agendas
352 1687 476 1746 liberam
494 1692 584 1761 atque
597 1687 783 1762 expeditam3
805 1689 862 1747 hoc
874 1695 973 1748 temen
994 1688 1146 1762 adjuncto,
1162 1688 1242 1760 quod
1262 1689 1381 1762 utrique

208 1777 337 1850 expedit,
351 1783 380 1835 et
390 1777 470 1851 quod
483 1778 606 1836 interest
619 1779 754 1838 omnium
771 1779 937 1850 hominum,
956 1783 991 1836 ut
1007 1778 1180 1852 conjunctio
1195 1779 1337 1838 intereas
1354 1783 1383 1837 et

207 1867 368 1925 concordia
381 1867 588 1938 intercederet,
603 1867 635 1927 in
649 1868 748 1941 iisque
762 1866 853 1926 rebus
866 1882 934 1941 quae
950 1868 1021 1937 sint,
1036 1867 1155 1926 diversa
1172 1866 1241 1927 licet
1256 1869 1382 1938 ratione,

147 2007 151 2020 .
208 1955 379 2014 communis
392 1955 470 2029 juris
481 1962 512 2015 et
525 1957 649 2030 ⁴judicii,
670 1957 763 2016 altera
780 1958 830 2016 cui
852 1961 924 2016 sunt
937 1956 1070 2015 humana
1088 1957 1196 2015 tradita
1215 1963 1384 2031 opportune

209 2057 238 2108 et
250 2056 451 2125 congruenter
462 2050 499 2108 ab
513 2049 605 2108 altere
618 2051 761 2124 penderet
774 2051 823 2111 cui
838 2058 912 2109 sunt
929 2051 1064 2110 coelestia
1078 2051 1260 2109 concredita.
1273 2051 1384 2125 liujus-

209 2137 290 2198 nodi
314 2145 413 2198 eutem
436 2139 652 2214 compositione
673 2155 708 2198 ac
730 2141 791 2199 tere
814 2139 989 2211 harmonia,
1011 2155 1073 2198 non
1102 2139 1200 2199 solum
1225 2140 1385 2214 utriusque

209 2229 366 2302 potestatis
379 2230 492 2301 optima
511 2229 589 2289 ratio
609 2231 790 2301 continetur,
810 2230 972 2289 sedetiam
993 2231 1271 2304 opportunissimus
1294 2235 1384 2304 atque

210 2318 439 2378 efficacissimus
452 2319 561 2378 modus
574 2320 699 2392 juvandi
714 2320 870 2378 homiuum
891 2334 989 2394 genus
1003 2320 1034 2378 in
1056 2335 1092 2377 eo
1107 2320 1186 2392 quod
1201 2320 1329 2394 pertinet
1347 2320 1385 2379 ad

210 2409 358 2469 uodonem
371 2410 440 2468 vitea
451 2414 481 2467 et
492 2409 529 2468 ad
544 2425 629 2482 spem
645 2408 754 2469 salutis
769 2410 968 2482 sempiterna.
991 2410 1108 2468 Etenim
1127 2409 1208 2469 sicut
1226 2409 1384 2468 homiuum

211 2499 417 2574 intelligentia,
433 2500 687 2572 quemadmodum
702 2500 733 2557 in
751 2498 960 2572 superioribus
973 2499 1134 2573 encyclicis
1153 2499 1261 2558 litteris
1282 2505 1385 2558 osten-

211 2591 323 2661 dimuS,
339 2589 366 2648 si
379 2604 448 2648 cum
460 2589 518 2646 ilde
534 2589 697 2648 christiana
710 2589 879 2660 conveniat,
893 2589 1021 2647 multum
1035 2588 1211 2647 nobilitatur
1231 2589 1386 2662 multoque

211 2681 311 2740 evadit
329 2680 365 2739 ad
385 2679 523 2739 vitandos
546 2694 580 2738 cc
599 2678 786 2752 repellendos
802 2693 917 2736 errores
929 2678 1084 2748 munitior,
1100 2678 1296 2753 vicissimque
1311 2677 1386 2738 fides

213 2782 273 2825 nou
289 2779 394 2839 parum
405 2765 536 2836 praesidii
549 2764 585 2822 ab
599 2763 797 2837 intelligentie
810 2767 965 2822 mutuatur
977 2783 983 2834 ;
997 2763 1042 2822 sic
1050 2764 1172 2837 pariter,
1183 2763 1209 2822 si
1219 2778 1289 2823 curn
1301 2777 1387 2823 sacra

212 2854 353 2914 Ecclesiae
373 2859 520 2928 potestate
538 2853 636 2912 civilis
655 2854 819 2912 auctoritas
841 2853 936 2913 amice
958 2859 1117 2928 congruat,
1136 2869 1247 2930 magna
1267 2855 1387 2928 utrique

213 2959 338 3004 necesse
353 2950 400 3002 est
412 2945 464 3004 liat
478 2943 615 3003 utilitatis
628 2945 774 3002 accessio.
790 2943 920 3003 Alterius
934 2943 1014 3002 euim
1031 2943 1230 3017 amplificatur
1244 2945 1386 3020 dignitas,

214 3040 252 3105 et,
274 3034 418 3108 religione
442 3041 604 3107 praeeunte,
627 3048 782 3107 nunquam
803 3033 860 3091 erit
878 3047 938 3091 non
960 3034 1076 3107 justum
1104 3035 1281 3108 imperium3
1302 3035 1387 3093 alteri

213 3137 284 3182 vero
298 3123 470 3197 adjumenta
484 3124 583 3182 tutelae
596 3122 817 3182 etdelensionis
830 3123 862 3179 in
876 3121 1029 3195 publicum
1045 3123 1177 3181 tidelium
1192 3123 1306 3183 honum
1317 3139 1389 3198 sup-

214 3215 396 3288 peditantur.

250 3308 309 3364 llos
321 3305 422 3380 igitur,
435 3303 542 3363 harum
552 3319 651 3364 rerum
667 3305 907 3364 consideratione
922 3305 1060 3378 permoti,
1076 3319 1144 3364 curn
1154 3305 1290 3364 studiose
1302 3305 1387 3377 elice,

216 3401 279 3456 tum
297 3395 487 3454 vehementer
498 3395 528 3452 in
543 3397 682 3469 prasenti
696 3396 777 3454 viros
793 3395 944 3468 principes
958 3396 990 3452 in
1006 3395 1197 3454 concordiam
1211 3400 1300 3468 atque
1315 3396 1387 3454 ami-

217 3487 318 3546 citiam
330 3485 516 3559 jungeudam
531 3485 639 3544 iterum
653 3485 824 3556 hortamur3
845 3485 1013 3558 iisdemque
1028 3491 1153 3558 paterne
1171 3501 1240 3544 curn
1260 3486 1388 3546 benevo-

217 3577 310 3638 lentia
329 3576 421 3637 veluti
442 3577 594 3636 dexteram
611 3577 698 3650 primi
718 3575 913 3650 porrigimus,
937 3576 1036 3634 oblato
1055 3591 1204 3650 supremae
1230 3577 1388 3650 potestatis

218 3672 329 3726 nostrae
362 3666 490 3736 auxilio,
513 3666 594 3740 quod
624 3671 707 3724 tanto
735 3666 833 3740 magis
861 3671 907 3724 est
934 3666 992 3724 hoc
1015 3671 1147 3739 tempore
1171 3667 1388 3740 necessarlum,

218 3756 394 3832 quantojus
416 3757 583 3830 imperandi
598 3757 667 3830 plus
690 3761 738 3816 est
754 3757 785 3814 in
810 3755 952 3830 opinione
976 3757 1143 3828 hominum,
1163 3758 1250 3830 quasi
1268 3765 1390 3833 accepto

219 3851 352 3920 vulnera,
375 3850 572 3909 debilitatum.
591 3850 726 3909 lucensis
745 3849 808 3923 J'am
833 3851 950 3922 procaci
973 3850 1108 3910 libertate
1128 3852 1239 3911 animis
1253 3858 1282 3910 et
1302 3867 1391 3911 omne

218 3940 346 4014 imperii,
362 3942 408 4001 vel
422 3943 551 4000 maxime
566 3941 701 4016 legitimi,
714 3943 823 4016 J'ugum
838 3941 952 4000 nefario
965 3956 1043 4000 ausu
1054 3942 1392 4015 detrectantibus,selus

219 4031 340 4102 publica
358 4031 492 4104 postulat
518 4037 552 4090 ut
578 4032 658 4089 vires
681 4031 839 4104 utriusque
860 4031 1018 4103 potestatis
1037 4032 1250 4090 consocientur
1268 4031 1306 4090 ed
1328 4047 1393 4105 pro-

219 4119 349 4179 hibenda
362 4121 471 4179 damna
485 4135 551 4192 quae
571 4134 632 4178 non
647 4121 735 4180 modo
750 4120 904 4191 Ecclesiae,
920 4119 972 4179 sed
984 4119 1043 4192 ipsi
1055 4121 1144 4178 etiam
1163 4121 1242 4179 civili
1258 4123 1393 4180 societati

219 4208 402 4282 impendant.

257 4299 313 4357 Sed
332 4313 401 4358 cum
421 4299 548 4358 amicam
566 4299 754 4359 voluntatum
771 4299 1015 4374 conjunctionem
1029 4299 1114 4358 valde
1135 4301 1311 4371 suademus
1328 4315 1393 4373 pre-

220 4405 383 4464 camurque
403 4393 508 4462 Deum,
529 4390 694 4464 principem
718 4391 813 4463 pacis,
834 4397 869 4450 ut
888 4405 1019 4450 eruorem
1040 4390 1208 4449 concordiae
1226 4391 1259 4449 in
1275 4391 1394 4450 animos

221 4487 397 4539 cunctorum
411 4479 705 4554 hominuminjiciat,
729 4485 794 4539 tum
818 4486 983 4554 temperare
1012 4481 1102 4540 ttobis
1125 4480 1183 4553 ipsi
1203 4495 1264 4539 non
1284 4494 1394 4553 possu-

220 4587 301 4642 mus,
315 4570 389 4645 quiu
403 4576 532 4629 vestram
553 4569 742 4642 industriam,
758 4571 943 4630 venerabiles
962 4575 1089 4644 Fratres,
1108 4577 1239 4630 vestrum
1260 4571 1395 4631 studium

221 4680 256 4724 ec
269 4661 466 4736 vigilantiam,
480 4675 548 4736 quae
562 4661 593 4720 iu
608 4661 694 4722 volvis
705 4677 825 4722 suuuna
836 4677 905 4721 esse
917 4661 1126 4736 intelligimus
1136 4663 1234 4738 magis
1248 4679 1283 4724 ac
1297 4665 1394 4740 magis
