3482 5560
355 570 415 634 232
814 585 866 630 tus
888 584 1068 630 canonicus.

356 706 464 770 tundit,
480 703 647 763 caelestium
662 701 856 772 auxiliorum
876 702 988 776 quibus
1007 717 1044 760 ex
1065 701 1156 760 rebus
1181 699 1336 770 fortitudo,
1355 697 1529 768 moderatio,

356 794 535 863 constantia,
551 790 738 867 aquabiiitas
751 793 847 866 pacati
862 791 965 858 animi,
980 791 1083 866 piures
1098 791 1227 864 deniquo
1242 789 1393 863 preclaro
1404 789 1530 850 ninutas

356 891 385 944 et
398 885 519 960 egregia
534 885 612 942 iacta
624 889 904 956 consumuntur.-
918 882 1057 942 Sociotati
1069 895 1137 940 aero
1152 879 1326 940 domestice
1341 883 1371 938 et
1383 879 1463 938 cirili
1478 879 1531 937 mi-

354 989 422 1034 rum
435 980 480 1033 est
493 977 639 1047 quantum
654 971 822 1046 dignitatis,
835 979 981 1046 quantum
993 970 1189 1030 firmitudinis
1203 970 1414 1028 ethonestatis
1429 983 1529 1028 acees-

356 1063 438 1122 serit.
452 1062 572 1135 AEquior
585 1068 615 1120 et
628 1062 760 1120 sanctior
782 1061 888 1121 effecta
909 1061 1078 1134 principum
1098 1058 1279 1127 auctoritas;
1306 1057 1483 1130 propensior
1501 1062 1531 1114 et

355 1153 470 1211 iaciiior
486 1151 664 1225 populorum
689 1151 923 1224 obtemperatio;
947 1150 1057 1209 arctior
1071 1149 1182 1209 civium
1197 1148 1389 1223 conjunctim
1419 1148 1530 1206 tutiora

351 1242 422 1317 jura
435 1240 559 1300 domini.
577 1241 705 1298 Omnino
723 1241 814 1300 robus
830 1240 972 1300 omnibus
985 1255 1054 1314 qnae
1073 1241 1104 1298 in
1124 1240 1244 1298 civitate
1263 1238 1413 1298 habentur
1428 1237 1528 1308 utiles,

354 1332 460 1408 religio
475 1331 637 1391 christiana
652 1331 806 1390 consuiuit
819 1335 849 1388 et
862 1330 1012 1403 providit;
1028 1329 1216 1404 nequidem,
1232 1335 1275 1400 ut,
1289 1334 1411 1387 auctore
1426 1331 1456 1386 S.
1471 1331 1528 1386 du·

356 1423 489 1498 pustino,
515 1421 583 1494 pins
602 1422 669 1494 ipsa
687 1421 792 1479 afferre
807 1422 949 1480 momenti
971 1421 1008 1479 ad
1025 1421 1101 1480 bene
1126 1420 1271 1493 boauquc
1290 1419 1449 1478 vivendum
1467 1433 1527 1476 non

354 1513 487 1587 potuisse
508 1512 652 1582 rideatur,
682 1512 709 1570 si
727 1517 810 1570 osset
829 1510 972 1584 parandis
986 1509 1033 1568 vei
1054 1510 1203 1586 augendis
1218 1509 1353 1568 mortalis
1367 1509 1434 1568 ritae
1450 1523 1529 1568 com·

355 1602 452 1660 modis
465 1605 494 1658 ot
507 1599 689 1660 utilitatibus
703 1600 792 1660 unico
806 1605 885 1658 nata.

389 1695 499 1752 Verum
513 1691 550 1750 de
564 1692 621 1750 boo
635 1704 744 1766 genere
756 1695 819 1748 toto
834 1705 893 1749 nou
910 1696 958 1748 ost
977 1689 1069 1748 Nobis
1088 1689 1276 1764 propositum
1295 1689 1385 1747 modo
1408 1687 1531 1763 singula

355 1797 545 1852 enumerare;
564 1780 705 1840 volumus
724 1785 824 1840 autem
847 1781 884 1839 de
900 1779 1039 1838 convictu
1059 1779 1225 1838 domestico
1245 1778 1356 1852 eloqui,
1376 1778 1465 1852 cujus
1484 1783 1531 1837 est

355 1873 385 1930 in
397 1872 590 1932 matrimonio
605 1871 786 1944 principium
799 1875 828 1930 et
843 1870 1085 1929 fundamentum.

391 1963 514 2020 Constat
532 1962 610 2018 inter
623 1974 740 2031 omnes,
759 1958 945 2018 venerabiles
965 1962 1091 2028 Fratres,
1116 1973 1183 2032 qnae
1204 1973 1274 2018 vera
1289 1959 1329 2018 sit
1347 1957 1529 2017 matrimonii

355 2049 450 2126 origo.
467 2082 501 2092 -
520 2050 661 2120 Quamvis
675 2049 755 2108 eninr
769 2048 837 2108 iidei
854 2048 1026 2108 christiane
1045 2049 1264 2122 vituperatores
1282 2053 1456 2122 perpetuam
1475 2047 1531 2105 hae

355 2139 391 2198 da
409 2154 441 2198 re
459 2139 627 2198 doctrinam
642 2139 781 2198 Ecclesiae
803 2137 922 2212 {trgiaut
942 2153 1117 2210 agnoscere,
1143 2143 1172 2196 et
1196 2138 1371 2198 memoriam
1393 2138 1529 2196 omnium

356 2229 502 2304 gentium,
526 2229 661 2288 omniurn
682 2228 861 2287 saeculorum
883 2228 980 2288 delere
1002 2229 1118 2302 jamdiu
1138 2230 1331 2300 contendant,
1348 2229 1408 2287 rim
1430 2233 1528 2286 tamen

355 2320 512 2393 lucemque
522 2319 656 2379 veritatis
670 2333 726 2378 neo
741 2319 931 2392 exstinguere
946 2333 1001 2377 nce
1013 2319 1168 2378 debilitare
1187 2324 1359 2393 potuerunt.
1376 2321 1451 2377 Nota
1466 2333 1529 2376 otn-

355 2407 446 2466 nibua
462 2413 491 2465 et
504 2407 616 2466 nemini
632 2407 724 2466 dubia
737 2421 1010 2466 commemoramus
1027 2413 1246 2481 :posteaquam
1262 2413 1348 2466 sexto
1367 2406 1529 2466 creationis

355 2501 403 2560 die
416 2501 554 2560 formavit
568 2505 647 2561 Dens
660 2501 812 2559 bominem
826 2501 863 2559 de
878 2501 951 2560 limo
965 2505 1063 2573 terrae,
1077 2507 1107 2560 et
1120 2501 1279 2576 inspiravit
1292 2501 1324 2559 in
1342 2500 1448 2560 taciem
1462 2500 1529 2574 ejus

355 2590 538 2664 spiraculum
547 2591 625 2660 ritae,
641 2592 754 2650 sociam
769 2590 813 2650 iili
828 2591 924 2650 voluit
937 2591 1111 2666 adjungere,
1132 2605 1222 2666 quam
1238 2592 1276 2650 de
1296 2591 1386 2649 latere
1406 2591 1462 2650 viri
1485 2589 1528 2662 ip-

357 2677 422 2736 sius
437 2678 613 2737 dormientis
624 2679 797 2738 mirabiliter
810 2679 922 2738 eduxit.
939 2683 1005 2750 Qua
1017 2680 1049 2738 in
1064 2694 1096 2740 re
1115 2680 1172 2740 boc
1186 2680 1281 2740 voluit
1300 2679 1527 2754 providentissi-

357 2781 425 2826 mus
444 2770 534 2838 Deus‚
548 2767 662 2826 utillud
679 2782 732 2840 par
746 2769 912 2844 conjugum
924 2773 1005 2828 esset
1020 2773 1199 2827 cunctorum
1215 2768 1371 2828 bominum
1394 2766 1529 2826 naturate

356 2856 536 2929 principium
551 2871 587 2915 ex
605 2871 666 2928 quo
681 2856 796 2916 scilicet
814 2858 973 2932 propagari
995 2857 1161 2916 humanum
1185 2873 1293 2932 ganne,
1316 2864 1356 2928 et,
1374 2869 1529 2929 nunquam

356 2945 538 3004 intermissis
561 2944 830 3018 procreationibus,
850 2947 1022 3006 conservari
1047 2946 1079 3004 in
1106 2961 1196 3005 omne
1222 2952 1342 3020 tempus
1369 2949 1527 3018 oporteret.

355 3037 450 3106 atquo
473 3033 524 3090 ilia
543 3033 599 3091 viri
620 3037 650 3092 ot
665 3032 801 3092 mulieris
820 3034 1004 3107 conjunctio,
1024 3050 1084 3108 quo
1107 3035 1344 3110 sapientissimis
1364 3036 1416 3094 Dei
1435 3033 1530 3093 consi·

355 3121 405 3180 tiis
425 3121 617 3194 responderet
631 3121 742 3195 aptius,
764 3122 811 3180 vol
830 3137 867 3180 ax
886 3136 923 3180 eo
941 3127 1075 3196 tempora
1095 3124 1171 3182 dnae
1191 3123 1395 3196 potissimum,
1417 3135 1529 3195 easque

355 3211 386 3268 in
400 3209 505 3284 primis
515 3210 740 3285 nobiles‚quasi
750 3211 807 3271 alto
819 3213 985 3285 impressas
994 3218 1025 3271 ct
1033 3212 1268 3288 insculptasprae
1279 3229 1312 3274 se
1319 3214 1388 3273 tulit
1397 3213 1529 3287 proprie·

356 3307 442 3372 tates,
458 3301 601 3360 nimirum
621 3303 764 3362 unitatem
786 3308 816 3362 ct
831 3301 1071 3376 perpetuitatem.
1083 3335 1119 3344 -
1134 3303 1225 3376 idque
1243 3304 1425 3364 deciaratum
1444 3317 1528 3376 aper·

356 3395 444 3464 teque
462 3391 671 3450 confirmatum
685 3405 723 3450 ex
733 3392 893 3467 Evangelio
908 3392 1107 3465 perspicimus
1120 3392 1223 3451 divina
1239 3394 1311 3452 tesu
1333 3392 1443 3452 Christi
1459 3407 1527 3451 auc·

356 3479 483 3550 toritate,
498 3481 550 3554 qui
565 3481 677 3540 Judaets
694 3487 723 3538 et
736 3481 882 3553 apostolis
902 3487 1031 3542 testatus
1044 3487 1093 3542 cst
1105 3483 1329 3542 matrimonium
1346 3499 1381 3541 ex
1403 3483 1470 3556 ipsa
1487 3483 1529 3542 in·

357 3569 513 3629 stitutione
528 3571 576 3630 sni
591 3569 737 3628 duntaxat
751 3571 829 3628 inter
844 3571 921 3630 duos
937 3585 1006 3630 osso
1025 3572 1143 3644 debere,
1160 3573 1275 3632 scilicet
1287 3573 1386 3630 virum
1404 3573 1482 3632 inter
1498 3578 1527 3631 et

357 3657 528 3728 mulierem;
544 3673 581 3717 eu
594 3658 714 3718 duobus
730 3673 822 3719 unam
836 3660 927 3718 veluti
945 3676 1067 3721 carnem
1084 3662 1165 3732 deri3
1180 3667 1210 3722 et
1223 3661 1357 3736 nuptiale
1372 3662 1526 3724 vinculum

357 3747 403 3806 sio
417 3760 486 3805 esse
503 3747 654 3806 voluntate
672 3747 778 3806 intime
795 3747 1044 3824 vehementerque
1063 3765 1185 3821 nexum,
1201 3757 1235 3810 ut
1251 3765 1268 3810 a
1287 3751 1429 3825 quopiam
1452 3751 1529 3810 inter

356 3835 495 3894 homines
510 3835 635 3894 dissolvi
654 3841 707 3895 aut
724 3836 850 3896 distrahi
872 3845 1011 3913 nequeat.
1032 3839 1206 3902 adderetis
1227 3839 1335 3914 domo)
1351 3841 1442 3900 aaut
1454 3855 1526 3910 sua,

355 3929 385 3984 et
403 3917 493 3984 eruut
513 3924 571 3982 duo
590 3923 623 3984 t'u
642 3939 733 3984 cume
746 3940 818 3986 uun.
834 3927 939 4003 ltaque
953 3929 1022 4001 jum
1034 3944 1096 3988 noa
1114 3935 1186 3988 aaut
1205 3929 1274 4000 duo,
1295 3929 1348 3988 eod
1365 3945 1430 3990 uuo
1446 3944 1525 3990 curo.

355 4013 439 4084 Quod
451 4027 521 4088 erpo
532 4015 609 4072 Deus
624 4015 791 4087 conjuncta,
807 4015 894 4076 temno
908 4032 970 4078 aott
984 4025 1103 4090 separet
1118 4023 1164 4088 (tt.

390 4107 500 4164 ilerum
517 4104 580 4164 beo
595 4104 730 4179 conjugii
752 4105 859 4177 forma,
877 4111 937 4165 tam
956 4107 1106 4166 excellens
1127 4114 1218 4182 atque
1232 4113 1396 4181 praestans,
1412 4109 1527 4167 sensim

356 4193 506 4266 corrumpi
521 4199 550 4250 et
564 4192 684 4252 interire
698 4193 779 4266 apud
791 4195 927 4254 ethnicos
942 4195 1070 4268 populos
1085 4197 1175 4270 coepit
1186 4215 1194 4268 ;
1207 4183 1340 4269 etbenes
1356 4197 1458 4269 ipsum
1474 4199 1526 4253 ite-

355 4281 502 4340 braeorum
523 4297 620 4356 genus
638 4283 726 4356 quasi
747 4279 917 4344 obnubilari
935 4290 1025 4357 atqua
1039 4285 1194 4346 obscurari
1214 4287 1291 4346 visa.
1305 4317 1341 4330 -
1359 4290 1431 4344 Nam
1448 4285 1526 4359 apud

355 4372 409 4432 hos
429 4373 466 4431 de
485 4372 630 4432 uxoribus
652 4379 825 4446 susceperat
846 4375 1035 4434 consuetudo
1057 4375 1238 4446 communis,
1255 4381 1289 4436 ut
1302 4375 1434 4452 singuiis
1453 4375 1526 4434 viris

353 4459 463 4519 habere
474 4458 544 4534 plns
555 4476 615 4520 una
628 4461 742 4532 liceret;
759 4466 827 4535 post
838 4468 948 4534 autem,
966 4478 1034 4522 eum
1048 4463 1088 4524 ud
1099 4465 1245 4526 duritiam
1257 4463 1355 4525 cordio
1370 4465 1408 4540 (2)
1422 4478 1525 4524 eorum

355 4551 544 4626 indulgenter
572 4553 761 4626 permisisset
791 4557 909 4628 Moyses
930 4555 1124 4628 repudiarem
1150 4563 1346 4634 potestatem,
1375 4557 1411 4615 ad
1433 4556 1527 4614 diror-

385 4739 418 4806 (1)
434 4741 536 4804 distin,
552 4754 610 4806 ιιι,
625 4745 649 4805 5,
664 4745 690 4798 o.
703 4767 734 4782 -
749 4741 784 4810 (t)
796 4741 874 4805 ibid,
890 4744 914 4796 d.
