950 1467
239 49 294 66 modis
301 50 353 66 etiam
360 50 478 70 contingebat:
487 55 518 71 per
523 51 646 71 juramentum,
656 51 691 66 tam
700 50 722 66 ab
729 51 826 66 accusatore

239 81 290 97 quam
301 81 311 93 a
320 81 355 96 reo.
364 77 458 97 praestitum
468 77 490 93 ad
497 77 577 98 reliquias
585 77 613 93 SS.
622 78 722 98 martyrum,
731 77 826 98 praesertim

238 103 306 119 illorum
314 104 342 124 qni
350 104 435 120 miraculis
445 104 541 123 clarebant;
550 109 580 125 per
587 101 714 125 susceptionem
724 104 825 120 sacramenti

238 130 346 147 Eucharistiae
355 132 385 147 aut
390 130 523 147 celebrationem
532 131 588 147 missoe
594 131 612 147 in
620 131 737 147 testimonium
745 131 825 147 innocen—

238 157 265 173 tiae
273 158 316 178 (can.
327 158 342 176 8,
350 158 365 177 7,
377 158 393 177 8,
401 159 440 177 etc.,
448 158 473 177 23.
483 163 535 174 causa
541 158 556 177 2.
565 163 581 179 q.
590 158 611 179 5).
619 158 665 174 Deus
673 163 719 179 saepe
726 158 825 174 mirabiliter

237 184 317 205 patefecit
324 185 440 201 innocentiam
445 185 473 201 vel
478 185 549 204 crimen,
555 185 618 202 virtute
625 185 722 202 autintuitu
730 185 758 201 SS.
764 185 825 202 Eucha-

237 211 289 228 ristiae
296 213 314 228 et
320 212 435 233 reliquiarum.

257 238 316 258 Hodie,
328 239 398 255 sublatis
406 240 494 256 recensitis
500 240 621 261 purgationum
628 239 689 259 modis,
698 244 751 261 quum
759 239 825 256 deficiat

237 265 299 282 fiducia
305 266 322 282 in
331 266 385 283 Deum
392 268 409 283 et
416 269 489 287 sanctos,
498 267 570 284 suffecta
576 269 603 284 est
609 272 640 289 per
647 267 675 284 SS.
682 272 757 284 canones
764 271 825 288 purga-

237 293 260 309 tio
268 298 299 314 per
302 294 426 314 juramentum,
431 294 483 315 quod,
490 295 538 311 tactis
542 294 638 315 Evangeliis
645 294 694 310 insui
699 294 824 315 purgationem,

237 321 307 340 praestat
317 320 331 336 is
343 321 372 342 qui
385 321 406 337 de
417 321 488 338 crimine
499 321 608 338 insimulatus
620 323 651 338 eat.
665 321 702 338 lmo
714 321 741 337 hic
755 321 825 337 ultimus

237 347 298 363 modus
305 347 334 363 vix
340 347 397 364 locum
402 348 458 365 habet.
466 348 486 365 ln
491 349 638 365 confirmationem
644 348 738 369 juramenti
746 348 790 364 illius
795 348 825 369 qui

236 375 356 395 purgationem
360 375 459 391 canonicam
464 375 509 394 tacit,
514 377 653 396 compurgatores
658 380 668 392 a
673 380 703 392 reo
709 375 774 391 assumi
779 379 824 395 saepe

236 401 327 421 dehebant,
337 402 366 423 qui
373 402 452 418 eamdem
461 402 583 422 innocentiam,
589 403 688 423 juramento
696 407 727 423 per
733 401 825 422 Evangelia

236 428 285 448 lacto,
303 430 410 445 testarentur.
425 429 450 445 Illi
464 431 605 451 compurgatores
619 430 683 446 debent
695 434 732 446 esse
747 433 824 450 personae

236 455 318 475 honestae,
323 456 357 472 ssde
363 456 425 477 dignm,
432 458 450 473 et
457 457 474 473 in
479 457 544 478 judicio
551 458 621 478 propter
628 457 693 473 crimen
703 461 738 473 non
744 456 825 473 condem-

236 484 281 499 natae
289 483 310 504 (c.
318 483 334 502 7,
341 483 375 499 912.
386 484 410 504 t.).
421 483 487 500 Debent
496 484 549 500 etiam
559 489 597 500 esse
608 489 686 505 personae
696 484 762 503 vieinae,
771 484 794 500 ita
805 485 825 499 ut

235 511 295 526 notam
301 510 376 527 habeant
383 511 436 527 vitam
443 511 528 532 purgandi
536 511 556 532 (c.
568 512 593 531 10,
603 512 621 528 Η
632 512 649 528 h.
658 512 682 532 t.).
695 511 761 527 Debent
772 511 824 527 etiam

236 541 273 553 esse
288 537 366 558 ejusdem
378 533 442 554 ordinis
452 543 492 554 oum
503 538 597 559 purgando.
609 538 683 559 episcopi
696 543 727 559 pro
738 538 823 559 episeopo,

235 564 329 585 presbyteri
337 569 368 585 pro
374 565 479 586 presbytero,
488 567 520 581 etc.
526 566 545 585 (c.
553 565 593 581 1011.
600 565 624 586 t.).
632 565 716 581 Numerus
723 569 825 586 compurga-

236 593 293 608 torum
300 593 326 609 est
335 592 353 609 in
359 593 428 609 arbitrio
435 593 502 614 judicis.

255 619 271 639 b)
277 619 356 639 Quis‚eui
364 621 381 636 et
388 624 439 641 super
447 625 481 641 qua
487 620 559 637 materia
564 620 639 637 indicere
644 620 698 642 possit
704 620 824 641 purgationem

235 646 344 662 canonicam?

255 673 271 689 1⁰
280 673 360 690 indicitur
368 675 446 695 purgatio
457 675 544 694 canonica,
554 675 622 696 quando
633 675 712 691 convinci
722 679 757 691 non
767 675 825 695 puteat

235 700 249 716 is
256 700 285 721 qui
293 700 313 717 de
321 700 392 717 crimine
400 701 498 718 diffamatus
505 703 537 721 est,
546 702 598 718 etiam
604 702 650 723 apud
658 702 726 723 probos.
734 701 782 718 Ratio
790 703 824 721 est,

235 727 275 749 quia
281 727 359 747 Ecclesia,
367 733 405 750 quae
411 729 429 745 in
436 729 518 745 ministris
525 729 560 745 suis
567 729 659 745 criminum
665 729 780 750 suspicionem
788 733 825 745 non

234 755 313 774 sustinet,
321 756 380 772 statuit
390 757 409 772 ut
418 760 458 772 cum
467 756 528 777 aliquis
539 756 605 773 laborat
614 756 684 772 infamia
694 756 770 772 criminis
778 756 825 777 quod

234 782 301 803 probari
310 787 345 799 non
356 784 418 804 potest,
427 788 445 799 se
456 784 622 804 purgetjuramento
631 788 634 799 :
645 783 699 800 satius
708 784 734 799 est
741 784 826 804 purgatos

234 814 272 825 esse
285 814 336 830 quam
347 811 442 831 suspectos.
458 810 503 826 Finis
513 810 620 832 purgationis
630 810 716 827 eanonicae
731 811 758 826 est
770 810 826 826 mani-

233 836 301 852 festatio
309 837 410 853 innocentiae
418 837 439 853 ad
449 837 544 853 tollendum
555 837 654 854 scandalum
663 842 666 853 z
675 842 727 858 quare
735 841 770 853 non
777 838 827 853 esset

233 862 323 880 indicenda
329 864 414 885 purgatio,
421 864 435 880 si
442 864 507 880 crimen
513 866 559 880 esset
566 865 658 883 notorium,
667 869 707 880 num
714 864 781 880 notoria
788 868 826 880 non

233 890 321 910 indigeant
331 891 437 911 probatione.
445 890 514 910 Verum,
523 891 537 907 si
548 891 642 908 diffamatio
649 896 660 907 a
669 891 758 907 malevolis
765 891 827 906 ortum

232 917 325 937 habuisset,
338 922 373 934 non
384 920 430 934 esset
442 918 529 935 sufficiens
544 918 566 935 ad
578 918 686 935 indicendam
696 918 826 939 purgationem.

232 944 265 960 nisi
271 946 308 961 orta
314 945 384 961 infamia
391 947 491 966 generasset
497 945 603 962 scandalum

251 972 268 988 2·
279 972 331 988 Indici
344 974 401 993 potest
415 977 425 989 a
436 973 473 989 solo
484 973 542 994 judice
552 974 666 994 competente
678 973 707 994 qui
719 972 741 989 de
751 972 826 989 crimina

231 999 273 1015 alias
280 1004 384 1020 cognoscere
393 1001 450 1020 potest
462 1005 466 1015 z
478 1004 500 1016 ex
509 1004 523 1016 c.
532 1000 547 1019 θ,
556 1000 581 1020 to,
591 1000 610 1016 ¹5
617 1000 633 1016 h.
645 1002 657 1016 t.
665 999 694 1016 Ille
703 1000 758 1020 ‚iudex
765 1001 827 1020 potest

231 1026 305 1042 indicere
312 1026 432 1047 purgationem
439 1027 467 1043 vel
474 1031 496 1043 ex
503 1027 565 1046 omnio.
571 1026 599 1043 vel
607 1027 628 1043 ad
635 1027 734 1043 instantiam
741 1026 826 1047 partium.

251 1053 267 1069 3·
274 1053 365 1070 Indicenda
372 1058 407 1070 non
415 1055 446 1073 est,
454 1054 488 1070 nisi
495 1054 573 1075 personis
580 1058 652 1075 quarum
657 1054 707 1070 samse
713 1055 730 1070 e't
738 1053 829 1070 existima-
