3388 5582
522 551 610 600 crasa
630 549 759 608 ourrrcs
780 551 1003 620 nncsnmmmr.
1296 531 1356 602 609

220 671 247 755 cl
266 671 409 738 Violotio
425 670 669 754 suspensionis.
687 672 718 735 1ο
733 670 870 738 violans
891 668 1153 753 suspensionem
1173 669 1359 736 committit

178 785 355 864 peccatum
367 798 410 845 ex
425 797 552 862 genere
562 797 625 845 sno
639 779 795 859 mortale,
808 778 888 864 qrria
900 778 1090 845 contemnit
1102 777 1258 843 Ecclesia
1271 796 1358 862 prce-

177 895 315 972 ceptnm
328 892 513 970 etgravem
527 887 617 953 illius
638 905 831 954 censuram.
849 887 976 953 Tamen
992 886 1183 952 admittitur
1204 885 1357 970 parvitas

176 1001 339 1078 materia,
356 1017 418 1065 seu
438 1000 663 1081 transgressio
678 1004 791 1084 potest
804 1017 875 1066 non
897 1017 973 1064 esse
988 999 1054 1064 nisi
1078 997 1234 1064 venialis.
1251 997 1358 1063 Excu-

179 1111 312 1174 saretur
332 1107 436 1172 etiam
456 1126 477 1173 a
494 1112 644 1190 peccato,
667 1107 695 1172 si
717 1107 761 1172 ad
783 1105 984 1190 petitionem
1006 1104 1160 1170 fidelium
1183 1109 1359 1170 exerceret

179 1214 329 1279 cilicium
343 1233 364 1279 a
378 1232 445 1298 quc
460 1232 649 1298 suspensus
664 1218 727 1290 est,
745 1213 828 1279 dum
843 1231 864 1277 a
880 1213 1101 1296 suspensione
1118 1231 1190 1277 non
1208 1211 1359 1295 potuerit

177 1323 272 1406 prius
286 1321 417 1388 absolvi
433 1342 440 1385 :
455 1325 590 1386 constat
603 1340 647 1386 ex
661 1325 836 1402 extravag.
854 1321 913 1385 Ad
924 1320 1086 1385 evitanda
1101 1321 1193 1386 Mart.
1206 1319 1243 1397 V3
1258 1337 1357 1385 secus

179 1435 294 1495 tamen
305 1430 334 1494 si
345 1435 437 1496 esset
451 1429 671 1494 denuntiatus
683 1450 690 1492 :
703 1447 774 1494 non
790 1433 907 1511 posset
916 1446 1018 1492 snum
1031 1428 1182 1494 officium
1195 1441 1356 1494 exercere

178 1541 274 1603 extra
289 1537 549 1618 urgentissimas
564 1554 696 1602 causas.

217 1645 250 1707 2⁰
263 1643 551 1726 irregularitatem
564 1644 708 1710 incurrit
721 1661 922 1727 suspensus,
935 1642 1058 1710 saltem
1073 1643 1102 1707 si
1117 1643 1298 1726 suspensio
1313 1643 1358 1708 sit

177 1768 260 1815 vera
277 1769 433 1828 censura,
457 1756 492 1816 et
513 1769 583 1816 non
606 1770 692 1835 pura
710 1767 814 1836 poena
837 1750 1043 1816 vindicativa
1062 1750 1204 1832 (Gomm.
1225 1749 1353 1830 Patav,

179 1876 212 1940 p.
228 1857 302 1934 3ll;
320 1859 352 1922 S.
375 1859 458 1940 Lig,
475 1859 496 1922 l.
513 1879 554 1938 c,
573 1878 607 1923 n.
626 1859 708 1938 314),
727 1859 861 1925 violans
876 1860 1139 1943 suspensionem
1159 1861 1201 1925 ab
1224 1859 1355 1937 ordine,

178 1984 240 2048 per
253 1965 405 2032 solemne
421 1967 620 2031 exercitium
639 1966 767 2031 ordinis
791 1985 812 2032 a
829 1985 897 2051 quo
917 1959 1105 2050 suspensus
1127 1970 1180 2033 est
1202 1990 1210 2032 :
1230 1968 1300 2033 imo
1322 1970 1358 2032 et

179 2079 275 2139 actus
297 2079 387 2140 esset
404 2075 530 2150 irritus,
548 2075 576 2138 si
597 2076 639 2140 ab
658 2073 805 2140 Ecclesia
819 2075 996 2159 penderet,
1019 2081 1054 2141 et
1073 2077 1147 2159 ipse
1168 2092 1356 2159 suspensus

180 2187 272 2248 esset
286 2181 516 2248 denuntiatus.
532 2183 580 2248 De
596 2184 661 2249 hoc
675 2189 777 2249 antea
796 2183 923 2249 dictum
940 2190 992 2250 est
1003 2185 1053 2248 tit.
1068 2185 1192 2249 XXVII.
1206 2184 1271 2250 Sed
1284 2185 1357 2250 vio-

179 2291 260 2358 latio
273 2293 506 2378 suspensionis
519 2311 541 2359 a
556 2294 733 2370 beneflcio,
749 2292 997 2376 jurisdictione,
1013 2297 1089 2371 etc,
1108 2311 1179 2360 non
1196 2293 1358 2378 importat

179 2400 476 2484 irregularitatem.

512 2505 542 2558 v.
557 2505 657 2561 Modus
667 2517 723 2571 quo
737 2505 847 2560 tollitur
862 2507 1020 2570 suspensio.

220 2623 251 2688 1·
273 2624 307 2690 si
328 2625 508 2709 suspensio
528 2626 572 2689 sit
593 2625 662 2692 lata
684 2643 746 2708 pro
767 2630 921 2709 tempore
947 2624 1190 2702 determinato,
1213 2622 1269 2691 vel
1292 2624 1355 2692 suh

179 2731 292 2817 adque
304 2733 509 2812 conditione,
523 2732 653 2799 tollitur
670 2732 752 2798 dum
770 2733 906 2816 lapsum
921 2738 974 2798 est
990 2737 1136 2816 tempus,
1149 2732 1204 2799 vel
1216 2733 1358 2818 impleta
1487 2727 1491 2735 ¹

178 2840 343 2917 conditio;
360 2839 436 2905 talis
451 2840 543 2904 enim
559 2844 632 2905 erat
645 2839 790 2904 intentio
807 2839 959 2916 ferentis,
977 2839 1066 2904 ultra
1086 2858 1190 2923 quam
1197 2841 1356 2923 progredi

178 2947 298 3030 nequit
320 2947 511 3031 suspensio.
534 2947 621 3010 Ante
644 2946 799 3030 elapsum
819 2951 956 3029 tempus
974 2944 1032 3011 vel
1050 2945 1225 3029 impletam
1243 2946 1357 3012 condi-

180 3054 319 3132 tionem,
336 3073 407 3120 non
422 3054 551 3119 tollitur
564 3054 629 3119 nisi
644 3072 705 3139 per
718 3055 971 3121 absolutionem
985 3062 1044 3119 aut
1055 3054 1354 3138 dispensationem,

179 3179 241 3243 pro
257 3161 391 3228 diversa
413 3163 678 3250 suspensionum
699 3168 832 3240 natura,
847 3181 971 3245 nempe
989 3167 1091 3245 pront
1111 3167 1164 3227 est
1180 3182 1262 3228 vera
1279 3182 1356 3230 cen-

181 3288 270 3346 sura,
287 3271 344 3337 vel
354 3276 456 3356 prout
468 3271 675 3337 vindicativa
688 3275 749 3336 ant
763 3271 908 3354 simplex
928 3269 1132 3336 inhabilitas.

219 3377 252 3441 t·
266 3379 300 3442 Si
312 3379 415 3445 fuerit
428 3378 583 3445 absolute
599 3397 660 3443 sen
676 3380 748 3444 sine
763 3379 927 3461 temporis
943 3377 1225 3445 determinatione
1238 3378 1307 3446 lata
1321 3383 1356 3444 et

179 3488 296 3570 ajuro,
311 3493 392 3552 tunc
402 3506 486 3572 opus
502 3493 555 3554 est
569 3486 785 3553 distinctione
798 3507 805 3550 :
819 3488 847 3550 si
861 3486 931 3552 lata
945 3488 989 3552 sit
1002 3486 1045 3552 ad
1060 3487 1355 3570 comprimendam

178 3595 427 3662 contumaciam
441 3594 584 3679 alicujus
598 3593 837 3678 delinquentis,
855 3613 923 3678 qno
937 3611 1020 3659 casu
1036 3599 1088 3658 est
1101 3613 1183 3659 vera
1196 3611 1352 3674 censura,

178 3701 323 3767 relaxari
350 3705 464 3786 potest
489 3704 532 3768 ab
554 3704 714 3786 episcopo
736 3703 791 3767 vel
812 3704 888 3785 ejus
909 3702 1044 3778 vicario,
1073 3701 1176 3767 modo
1198 3701 1354 3769 Pontifex

178 3808 429 3876 absolutionem
448 3829 520 3876 non
534 3809 600 3876 sihi
613 3812 850 3887 reservaverit,
877 3815 912 3875 et
931 3829 1118 3893 suspensus
1137 3813 1355 3878 recesserita

178 3918 411 3985 contumacia:
423 3924 557 3985 constat
571 3936 657 3985 exc.
674 3921 713 3984 se
726 3920 760 3983 h.
774 3922 797 3984 t.
815 3923 850 3984 et
863 3920 913 3995 11,
927 3917 968 3983 de
980 3917 1107 3996 Const,
1121 3924 1155 3984 et
1169 3937 1211 3984 ex
1225 3937 1351 3986 comm.

179 4030 325 4114 sentent.
342 4027 408 4090 DI).
425 4025 503 4110 (111ae
519 4026 762 4110 suspensiones
776 4031 959 4091 reservata
971 4031 1032 4090 ant
1044 4043 1204 4109 expresse
1216 4045 1354 4094 enume-

178 4139 298 4196 rantur
313 4133 470 4201 inconst.
487 4135 687 4219 Apostolicae
709 4133 819 4208 Sedes,
838 4139 899 4199 aut
917 4139 1129 4199 renovantur
1147 4153 1190 4199 ex
1210 4136 1353 4203 concilio

177 4237 277 4323 Trici.)
294 4239 329 4305 Si
341 4259 423 4308 vero
437 4241 506 4309 lata
521 4243 566 4307 sit
579 4242 616 4308 in
629 4259 751 4326 puram
763 4260 902 4324 poenam
915 4239 1028 4306 delicti
1042 4248 1076 4306 et
1090 4241 1238 4324 publica,
1254 4243 1353 4310 multi

177 4347 242 4411 DD.
259 4353 382 4431 putant
398 4349 492 4415 illam
517 4347 662 4415 relaxari
680 4366 751 4414 non
774 4367 876 4433 posse
899 4349 942 4413 ab
969 4349 1142 4432 episcopo,
1174 4351 1254 4435 quia
1279 4351 1353 4418 haec

177 4473 280 4538 poena
295 4455 428 4540 dejure
448 4457 623 4523 communi
641 4461 734 4524 esset
752 4461 932 4541 perpetum
956 4475 1058 4540 porro
1080 4459 1259 4543 episcopus
1279 4460 1353 4526 ahs-

177 4582 243 4646 que
258 4562 472 4649 delegatione
488 4565 573 4631 nihil
586 4570 700 4650 potest
712 4567 748 4629 in
763 4567 804 4631 iis
826 4583 901 4651 quae
919 4570 1000 4630 sunt
1024 4566 1112 4648 juris
1138 4569 1350 4646 communis;

178 4687 220 4736 ex
230 4673 336 4738 altera
350 4677 454 4756 parte,
466 4690 561 4740 conc.
578 4672 665 4738 Trid.
679 4691 747 4740 non
764 4673 934 4739 concessit
943 4672 1140 4769 iacultatem
1152 4674 1352 4744 absolvendi

317 4801 361 4844 m.
1171 4785 1210 4848 39
