3388 5582
343 629 427 672 sams
447 628 633 675 trnsroblcm
654 630 791 676 DEGRETA
811 631 848 677 AG
868 631 1120 678 nncunnnrlnuns
1263 617 1322 682 fffl

139 745 249 814 alais,
264 742 496 817 praesidentiam
518 759 554 804 cr
577 745 778 806 membrorum
792 748 927 818 neniae,
946 747 1050 806 saltem
1065 749 1096 806 in
1111 756 1194 810 secte
1208 766 1324 812 masso

144 836 257 894 nicaei
276 833 462 914 carbonaria.
483 835 601 908 publice
619 837 697 910 typis
720 837 840 898 mater.
856 837 977 898 Ceteris
992 839 1072 898 enim
1096 844 1321 915 pretermissis,

145 923 215 998 quis
230 938 303 982 sane
317 923 416 984 dicere
432 927 484 982 aut
496 939 588 983 nosse
603 925 821 994 veientanum
835 927 887 1002 qui
899 927 930 986 in
942 926 1072 1000 publicis
1082 931 1323 1002 ephemeridibus

145 1019 300 1088 apparent.
315 1015 415 1088 specie
429 1020 544 1075 tentum
561 1029 596 1074 ac
613 1016 734 1075 nomine
749 1023 838 1076 tenus
854 1018 1003 1092 coryphei
1018 1035 1053 1078 aa
1065 1021 1158 1080 duces
1174 1023 1246 1094 sint,
1261 1024 1323 1084 veri

145 1111 244 1164 cirtem
269 1104 525 1164 machinationum
547 1105 677 1164 artitlces
700 1106 925 1181 directoresque
952 1107 1149 1170 delitescant?
1172 1114 1231 1170 dut
1253 1113 1324 1186 quis

146 1193 235 1253 etiam
249 1195 373 1264 divinet,
388 1200 489 1254 utrum
513 1200 657 1268 perpetuo
679 1201 709 1254 et
726 1202 900 1256 constanter
917 1197 1029 1258 ducum
1048 1201 1170 1259 nomina
1185 1201 1325 1276 evulgare

146 1285 259 1344 velint?
277 1285 367 1346 Vides
387 1284 480 1360 igitur
500 1299 560 1344 non
586 1285 733 1344 inutiliter
745 1301 843 1360 neque
858 1286 925 1346 sine
940 1303 1032 1348 causa
1046 1296 1231 1363 preceptum
1245 1306 1324 1363 esse,

147 1381 182 1434 ut
194 1375 353 1449 coryphei,
370 1367 541 1450 saltem'qui
555 1377 664 1436 occulti
679 1378 751 1442 sint,
762 1378 986 1438 denuntientur.

182 1467 218 1524 nt
240 1465 352 1539 queris
376 1466 425 1524 cui
448 1473 477 1524 et
496 1482 514 1524 a
535 1465 647 1538 quibus
663 1467 727 1526 lieri
749 1468 884 1541 ejusdem
898 1469 1143 1530 denuntiationes
1158 1471 1189 1530 in
1206 1472 1326 1532 missio

148 1555 238 1614 nibus
254 1555 390 1614 debeant.
408 1555 577 1615 Obscurum
591 1571 660 1616 esse
676 1557 800 1618 minime
815 1565 914 1632 potest
934 1575 952 1618 a
970 1559 1081 1633 quibus
1096 1561 1241 1621 iacienda
1253 1562 1324 1620 sint.
1420 1601 1423 1603 -
1468 1591 1472 1606 ·

149 1645 290 1704 Generale
305 1645 414 1719 quippe
425 1649 472 1704 est
484 1651 666 1719 praeceptum
679 1648 822 1708 omnibus
835 1648 974 1710 fidelibus
988 1650 1171 1725 injunctum.
1187 1651 1241 1711 Cui
1255 1665 1325 1710 vero

149 1739 222 1794 sunt
235 1734 378 1794 iaciendas
393 1735 587 1794 manifestum
604 1752 722 1810 quoque
740 1743 796 1808 est,
818 1739 963 1798 nimirum
985 1742 1011 1800 ei
1031 1742 1083 1814 qui
1107 1757 1161 1814 pro
1183 1741 1325 1814 pastorali

149 1823 248 1884 alticio
261 1824 384 1898 vigilare
400 1830 429 1884 et
442 1839 544 1886 cavere
558 1825 655 1896 debet,
673 1842 710 1887 ne
729 1843 800 1887 oves
816 1827 874 1886 sibi
888 1830 1066 1890 concreditae
1082 1831 1113 1890 in
1128 1832 1217 1904 lupos
1228 1831 1327 1890 inerr-

149 1917 226 1980 raat,
242 1925 316 1968 nore
330 1915 415 1984 peste
428 1909 615 1983 insscientur;
631 1913 803 1987 cujusmodi
826 1919 871 1974 est
893 1915 1076 1990 quicumque
1096 1914 1267 1990 episcopale
1280 1914 1326 1974 rel

149 2001 237 2074 quasi
252 1999 420 2074 episcopale
446 2013 557 2062 munus
579 2002 610 2062 in
636 2003 836 2065 missionibus
861 2007 948 2079 gerit,
968 2005 1100 2066 vicarius
1125 2006 1264 2068 videlicet
1279 2006 1326 2068 vel

150 2086 308 2162 prefectus
322 2085 518 2162 apostolicus,
534 2088 580 2146 vel
596 2089 633 2147 ab
647 2089 692 2148 eis
707 2090 743 2148 ed
764 2090 844 2148 hunc
859 2089 997 2150 ellectum
1013 2091 1180 2166 delegatus.

318 2288 351 2354 a.
368 2287 488 2356 cenea
505 2289 605 2343 nnrv.
622 2289 856 2356 requisitiones
869 2291 959 2344 eros
972 2291 1048 2356 reru
1062 2291 1157 2347 tens.

186 2459 368 2530 interrogata
383 2455 440 2514 luit
454 2456 534 2515 circa
548 2456 640 2516 dubia
654 2457 834 2531 sequentia:

187 2550 289 2616 i⁰Qua
303 2551 386 2620 parto
408 2546 586 2605 Tridentium
610 2561 746 2605 censure
765 2561 787 2604 ‘a
809 2547 1022 2606 constitutione
1050 2548 1230 2620 apostatice
1244 2549 1328 2609 Sedis

150 2635 330 2694 confirmatae
349 2635 448 2694 adbuc
462 2634 605 2710 vigeant?
621 2635 705 2705 Quod
720 2635 798 2693 idern
813 2640 858 2694 ast
878 2651 912 2694 ac
927 2650 1070 2710 quaerere,
1086 2651 1124 2694 an
1146 2651 1274 2710 peccans
1296 2638 1328 2696 ln

148 2725 272 2784 materia
293 2741 383 2799 quam
402 2731 433 2784 et
451 2724 626 2783 constitutio
645 2723 820 2797 apostatica
847 2723 931 2784 Sedis
956 2731 985 2782 et
1006 2725 1166 2784 concilium
1184 2727 1328 2786 Tridenti-

149 2831 222 2873 num
245 2814 409 2888 attingunt,
442 2814 470 2871 in
501 2812 650 2885 duplicem
685 2813 1026 2871 excommunicationem
1055 2813 1179 2884 incidat,
1205 2814 1328 2884 alteram

150 2907 182 2962 ll.
198 2904 307 2962 Pontii.
321 2903 492 2976 specialiter
504 2907 685 2961 reservatam
698 2901 726 2958 vi
741 2901 919 2974 supradicte
935 2901 1175 2970 const.,alteram
1189 2903 1330 2976 simplici

115 2997 117 3002 '
151 2999 196 3052 ter
214 2998 394 3052 reservatam
409 2993 438 3050 vi
456 2991 575 3051 concilii
594 2991 697 3050 Tridi
711 2995 747 3049 lit
760 2991 895 3064 proinde,
919 3005 956 3049 an
971 2997 1165 3064 usurpatores
1181 2987 1328 3051 bonorum

151 3081 421 3143 ecclesiasticorum
433 3080 545 3155 duplici
558 3081 740 3140 innodentur
750 3081 1081 3140 excommunicatione?

186 3177 215 3230 2⁰
230 3174 274 3230 An
289 3171 341 3245 qui
356 3178 460 3230 emunt
473 3169 677 3229 ecclesiastica
692 3169 772 3228 bona
785 3169 822 3228 ab
838 3170 1069 3242 usurpatoribus
1090 3175 1235 3244 usurpata
1255 3170 1328 3229 inci-

152 3261 223 3320 dant
237 3260 267 3318 in
281 3259 620 3320 excommunicationem
636 3262 669 3317 ll.
685 3259 796 3318 Pontii.
813 3259 982 3332 specialiter
994 3265 1175 3320 reservatam
1186 3260 1214 3318 vl
1229 3266 1282 3319 ert.
1294 3264 1331 3320 lll

152 3354 323 3408 memorate
342 3349 461 3408 const?

188 3444 267 3500 3⁰dn
277 3440 383 3500 saltem
392 3442 423 3499 in
432 3442 771 3501 excommunicationem
782 3445 816 3500 lt.
833 3441 941 3499 Pontii.
954 3441 1330 3515 simpliciterreservatam,

153 3530 181 3588 vi
195 3530 303 3603 capitis
320 3533 363 3602 ll,
379 3529 414 3589 de
427 3531 568 3604 Reform..
586 3545 662 3592 sess.
676 3533 723 3602 tt,
739 3548 758 3591 a
771 3530 879 3590 concil.
895 3531 974 3591 trid.
986 3531 1117 3590 editam?

190 3625 278 3694 llesp.
296 3623 324 3679 S.
339 3623 448 3696 congr.
467 3641 474 3678 :
491 3622 526 3680 ad
542 3624 563 3681 l.
581 3621 732 3696 negative,
751 3621 890 3680 videlicet
909 3629 1105 3696 usurpatores
1120 3621 1269 3682 bonorum
1284 3636 1331 3683 ec-

154 3706 391 3766 clesiasticorum
407 3707 544 3766 innodari
567 3709 633 3766 sola
650 3706 961 3767 excommunicatione
980 3712 1015 3767 li.
1035 3708 1144 3767 Pontii.
1163 3708 1332 3782 specialiter

153 3803 314 3858 reservata.
767 3841 768 3844 ,

188 3887 231 3946 nd
242 3890 275 3946 ll.
290 3887 409 3946 blinime
422 3887 631 3958 dubitandum,
646 3886 720 3962 quin
735 3891 868 3948 ementes
882 3889 961 3948 bona
976 3889 1178 3950 ecclesiastica
1193 3891 1231 3950 ab
1242 3907 1332 3951 usur-

154 3977 309 4051 patoribus
323 3977 457 4036 incidant
467 3977 497 4035 ln
505 3977 845 4036 excommunicationem
854 3981 887 4036 ll.
898 3977 1007 4036 Pontii.
1015 3985 1213 4039 reservatam:
1223 3983 1333 4040 etenim

150 4067 410 4141 praeveniendae
425 4068 596 4144 ermelinae,
620 4083 661 4126 on
675 4068 851 4141 supradicto
863 4069 974 4142 emptio
985 4069 1085 4144 clipeo
1100 4069 1185 4129 mocio
1198 4071 1332 4146 atimac-

155 4163 206 4216 tnr
227 4173 248 4217 a
267 4157 478 4217 considetione
495 4156 674 4230 apostolice
693 4157 789 4226 Sedis,
804 4158 933 4218 artenia
948 4159 996 4228 lll,
1020 4159 1095 4218 nulli
1117 4161 1243 4220 dubium
1262 4175 1332 4220 esse

155 4251 254 4320 potest
276 4247 350 4322 quin
375 4247 665 4320 comprehendentur
691 4263 709 4306 a
735 4247 905 4307 clarissima
926 4248 1125 4323 dispositione
1154 4266 1220 4324 cap.
1245 4257 1273 4323 a,
1296 4250 1331 4311 dc

153 4339 294 4412 Reform„
311 4354 389 4399 sess.
405 4344 450 4410 ia,
463 4340 582 4398 concilii
601 4338 778 4399 Tridentini.

130 4496 133 4505 Ι
157 4459 160 4466 ,
188 4424 232 4482 nd
247 4425 293 4484 lll.
308 4425 465 4484 Provisum
480 4425 510 4483 in
527 4425 715 4498 precedenti.

189 4517 275 4573 Nora.
292 4517 332 4572 lix
346 4514 394 4573 bis
409 4515 599 4574 documentis
621 4519 737 4575 constat
751 4515 950 4590 questionem
968 4518 1004 4575 de
1025 4517 1064 4578 iis
1078 4519 1130 4590 qui
1146 4523 1283 4577 emerunt
1294 4518 1331 4578 ab

155 4603 395 4676 usurpatoribus,
418 4605 552 4664 nondum
573 4619 640 4664 esse
658 4607 788 4666 solutam
812 4625 818 4664 :
845 4623 882 4666 ex
905 4622 965 4666 una
987 4611 1081 4679 parte,
1103 4607 1134 4665 in
1151 4608 1331 4668 allocutione

154 4691 321 4751 declaratur
337 4699 450 4752 tantum
467 4701 617 4768 emptores
632 4697 737 4769 majori
754 4696 1064 4757 excommunicatione
1079 4697 1237 4773 obstringi,
1257 4698 1330 4773 quin

155 4781 315 4844 delinietur
329 4799 367 4843 an
382 4787 651 4847 excommunicatio
676 4787 725 4848 illa
746 4787 786 4848 sit
800 4787 858 4847 lala
872 4789 900 4848 vi
915 4793 971 4848 art.
987 4791 1022 4850 Xl
1044 4793 1141 4852 const
1156 4789 1331 4866 mantice
