3514 5564
331 507 332 512 ἵ
390 531 447 594 178
843 543 892 588 sus
912 533 1089 591 canonican.

510 739 552 792 Vl.
570 738 637 798 Qua
653 733 711 786 sint
723 733 785 786 aiio
802 744 893 785 causa
909 733 1059 800 exquibus
1077 733 1136 786 lieri
1147 709 1238 798 'possit
1253 733 1427 787 maeotium?

427 879 986 967 Resp.seq.i.Pcriculumoaimaa,
1001 879 1082 944 dum
1092 876 1556 962 alberconjugeminduoitin.
1630 937 1633 946 ,

384 1010 489 1072 grave
509 995 696 1074 peccatum,
713 1007 746 1052 v.
762 1005 795 1069 g.
812 988 848 1052 in
870 987 1070 1063 sodomiam,
1086 974 1258 1063 veneticis,
1276 985 1467 1072 latrocinia,
1486 989 1552 1048 etc.¹

383 1101 467 1182 (arg.
479 1117 508 1164 o.
522 1100 552 1176 5,
564 1097 774 1173 Idololatria,
788 1097 838 1172 28,
850 1116 881 1181 q.
897 1097 942 1178 i);
958 1095 1483 1179 namjusnaturalejubetvitare
1498 1111 1553 1176 pe·

343 1215 345 1220 '
383 1208 527 1274 ricolum
538 1208 672 1273 animae.
687 1205 824 1271 Sublato
840 1205 1072 1290 talipericulo,
1088 1209 1199 1272 cessat
1210 1205 1403 1282 divortium,
1415 1221 1495 1268 cum
1509 1201 1553 1266 sit

384 1315 580 1400 temporale.
596 1314 639 1379 At
653 1314 682 1378 si
700 1314 785 1378 alter
806 1316 993 1397 conjugum
1008 1317 1135 1396 peccet,
1149 1331 1219 1378 non
1242 1317 1359 1378 tamen
1378 1309 1482 1376 alium
1502 1309 1553 1373 in-

384 1422 532 1490 ducatio
544 1425 692 1507 peccata,
708 1427 954 1489 nonestcauea
967 1420 1155 1487 divertendi
1172 1421 1211 1504 (c.
1225 1421 1246 1484 i
1258 1421 1293 1484 b.
1314 1419 1361 1502 t.).

423 1531 560 1614 besni.
576 1529 767 1597 Periculum
782 1531 936 1614 corporis,
954 1529 1036 1594 dum
1050 1547 1093 1592 ex
1106 1528 1354 1594 cohabitatione
1376 1524 1472 1592 elteri
1491 1525 1553 1589 im-

382 1641 490 1706 minet
504 1658 608 1722 grave
624 1639 800 1705 dammum
812 1638 997 1722 corporale,
1018 1644 1057 1702 ut
1068 1627 1206 1704 infectio
1225 1657 1267 1703 ex
1284 1636 1380 1720 lepra
1400 1641 1435 1701 ct
1452 1635 1553 1700 simili

383 1751 514 1824 morbo,
536 1747 591 1814 vel
621 1747 650 1812 si
671 1747 813 1812 maritus
836 1751 993 1812 exerceat
1013 1746 1200 1822 latrocinia,
1219 1751 1254 1812 et
1272 1764 1354 1811 uxor
1371 1744 1490 1810 timeat
1508 1761 1552 1807 ne

383 1875 462 1922 curn
471 1856 528 1921 illo
539 1857 716 1938 participet
729 1855 764 1918 in
775 1853 896 1920 delicto
911 1859 945 1920 et
961 1855 1134 1939 supplicio.

424 1966 522 2050 Resp.
535 1965 565 2029 3.
579 1966 610 2029 1⁰
626 1965 768 2031 Saevitia
782 1973 843 2028 out
856 1965 1087 2046 sarormoriti,
1103 1965 1131 2027 si
1141 1962 1283 2028 maritus
1298 1981 1440 2028 uxorem
1455 1980 1553 2028 suam

256 2055 263 2070 ’
383 2071 515 2157 capitali
524 2071 999 2155 odiopersequatur,mortem
1010 2075 1069 2135 aut
1082 2069 1332 2135 mutilationem
1346 2069 1434 2134 serio
1446 2074 1553 2134 atten-

385 2185 442 2256 tet,
454 2179 677 2256 velminotur,
687 2179 887 2244 velveneno
899 2178 1088 2254 insidietur,
1100 2183 1163 2243 eto.
1177 2178 1306 2243 Modica
1315 2182 1430 2243 tamen
1440 2177 1554 2242 verbe·

383 2291 479 2366 ratio,
496 2307 575 2354 cum
590 2289 757 2373 permissa
768 2289 812 2352 sit
824 2289 946 2354 marito
960 2289 1179 2354 correctionis
1193 2307 1305 2364 causa,
1322 2306 1392 2353 non
1408 2288 1464 2353 dat
1478 2305 1553 2352 cau·

384 2416 458 2463 sam
478 2396 678 2463 divertendi.
704 2396 822 2462 Gravis
841 2398 1031 2462 verberatio
1050 2401 1219 2474 censetur,
1243 2397 1272 2460 si
1293 2395 1553 2478 sanguinolenta

383 2508 437 2582 sit,
450 2522 521 2572 non
539 2509 654 2569 tamen
674 2523 717 2570 cx
731 2505 886 2581 naribus;
901 2505 930 2568 si
940 2504 1081 2569 vulnera
1095 2503 1279 2588 relinquat,
1304 2505 1461 2569 abortum
1475 2521 1551 2568 cau-

383 2621 444 2693 set,
457 2621 534 2692 etc,
551 2615 655 2699 idque
669 2614 1210 2697 mensurandumestrespective3
1224 2617 1303 2698 quia
1312 2615 1425 2679 minor
1435 2614 1549 2678 verbe-

380 2724 466 2788 ratio
487 2723 610 2788 sufficit
631 2721 675 2791 ad
693 2722 906 2806 probandam
927 2721 1093 2786 saevitiam
1111 2721 1236 2800 mariti,
1261 2722 1289 2785 si
1309 2739 1396 2787 uxor
1414 2721 1549 2797 nobilis,

379 2830 567 2896 honestaet
578 2828 712 2913 publica
726 2832 779 2905 sit,
795 2847 898 2913 quam
914 2829 1100 2912 siplebeia,
1118 2828 1242 2906 rixosa,
1260 2829 1379 2912 turpis,
1395 2833 1458 2893 etc.
1476 2828 1552 2893 Hac

379 2941 504 3022 pariter
518 2937 716 3023 procedunt,
731 2937 759 3000 si
775 2955 967 3002 uxoremve
982 2936 1025 3000 sit
1039 2937 1074 3000 in
1090 2938 1275 3013 maritum;
1292 2939 1372 3021 quia
1384 2941 1419 3002 et
1433 2941 1551 3002 contra

378 3031 613 3112 benemeritus
624 3045 665 3110 de
677 3048 754 3127 jure
768 3043 914 3110 naturali
924 3063 960 3109 se
973 3045 1061 3108 tueri
1079 3049 1212 3128 potest;
1230 3044 1419 3127 praesertim
1430 3023 1459 3108 si
1472 3043 1551 3108 insi-

380 3155 443 3222 diae
453 3158 531 3222 vitae
542 3160 725 3231 struantur,
735 3153 853 3219 licetS.
867 3171 1016 3218 canones
1026 3153 1213 3239 loquantur
1225 3158 1359 3218 tantum
1370 3154 1411 3219 de
1423 3153 1552 3219 saevitia

379 3263 502 3345 mariti,
519 3267 598 3351 quia
620 3267 693 3330 baec
716 3265 927 3350 frequentior
948 3270 1016 3340 est;
1042 3283 1124 3347 ergo
1142 3285 1185 3330 ex
1200 3264 1264 3331 hac
1287 3282 1389 3330 causa
1409 3264 1551 3342 maritus

381 3376 549 3442 divertere
563 3379 686 3459 potest.
700 3373 733 3436 θ’
747 3373 937 3437 Divertium
953 3391 995 3436 ex
1009 3389 1112 3437 eausa
1129 3373 1266 3436 sevitiae
1285 3372 1478 3438 iaciendum
1500 3377 1551 3436 est

381 3481 1548 3568 auctoritatejudicisecclesiastici(arg.o.i,8,i3,cleltestit.spoliat),
1631 3511 1635 3520 ·

381 3593 446 3657 nisi
462 3593 591 3657 saevitia
604 3594 647 3656 sit
660 3591 802 3668 notoria,
819 3591 874 3655 vei
888 3589 1075 3674 periculum
1087 3590 1174 3654 sitin
1184 3607 1290 3666 mora,
1305 3589 1550 3672 utplerumque

383 3719 458 3765 esse
473 3701 570 3765 solet.
594 3700 752 3766 Cessante
774 3699 902 3764 saevitia
921 3704 954 3763 et
979 3698 1057 3764 data
1074 3699 1229 3763 cautione
1251 3689 1312 3781 per
1331 3698 1553 3781 fidejussores·

383 3813 442 3874 aut
459 3809 616 3891 pignora,
645 3809 714 3884 vel,
738 3807 790 3870 bis
819 3806 1072 3882 deficientibus,
1101 3824 1162 3890 per
1183 3809 1442 3889 juramentum,
1465 3824 1552 3870 uxor

380 3919 502 3983 marito
515 3917 723 3982 restituenda
738 3921 800 3991 est,
822 3916 887 3979 nisi
906 3916 949 3980 ob
964 3915 1104 3999 capitale
1123 3915 1239 3980 odium
1259 3915 1447 3998 perieulum
1469 3934 1551 3998 pen-

383 4025 460 4090 deat
473 4027 509 4090 in
522 4027 686 4102 futurum,
702 4028 736 4088 et
750 4029 830 4087 luno
842 4042 929 4088 uxor
941 4029 1057 4107 petere
1069 4027 1182 4106 potest
1195 4023 1401 4087 sententiam
1415 4021 1550 4086 divortii

380 4134 551 4216 perpetui3
569 4151 636 4216 quo
647 4149 725 4196 casu
741 4149 819 4213 pars
834 4131 997 4194 innocens
1016 4135 1149 4194 mutare
1170 4135 1297 4194 statum
1315 4136 1439 4214 potest,
1456 4148 1551 4194 assu-

381 4241 506 4306 mendo
524 4240 740 4323 religionem3
766 4257 841 4322 quse
857 4245 971 4303 ‘tamen
988 4238 1130 4302 mutatio
1147 4239 1182 4301 in
1197 4238 1341 4303 divortio
1360 4237 1547 4321 temporali,

381 4368 444 4415 neo
462 4349 609 4423 nocenti,
632 4367 696 4416 neo.
708 4347 892 4423 innocenti,
906 4346 978 4410 sine
993 4363 1163 4410 consensu
1182 4345 1320 4411 alterius
1341 4347 1548 4422 conceditur,

381 4477 458 4523 oum
477 4457 675 4541 praejudicet
692 4453 761 4538 juri
780 4451 967 4534 conjugali,
994 4452 1084 4536 quod
1103 4472 1164 4536 per
1187 4453 1251 4518 tale
1274 4454 1455 4519 divortium
1480 4473 1550 4519 non

381 4567 519 4632 tollitur.
540 4567 573 4630 3⁰
589 4566 693 4629 Furor
708 4562 964 4647 superveniens,
986 4562 1014 4624 si
1034 4561 1166 4626 nullum
1185 4569 1430 4628 nocumentum
1454 4563 1549 4629 alleri

256 4660 260 4666 ¹
380 4677 468 4759 parti
489 4675 622 4750 afferat,
649 4691 718 4737 non
739 4676 791 4735 est
810 4689 911 4735 causa
933 4670 1082 4746 divortii,
1107 4671 1166 4735 sad
1188 4673 1445 4755 compassionis,
1473 4672 1550 4737 iicet
