3412 5570
370 491 430 558 tbi)
828 509 879 558 tus
900 507 1081 558 aaronem.

367 655 606 740 imprudentia,
633 655 747 740 petius
775 675 879 742 quam
897 657 1037 736 matitia,
1062 661 1177 722 aetum
1204 652 1359 720 debitum
1386 653 1549 720 omisisse

367 767 633 846 praesumuntur.
644 763 825 848 Excipitur,
833 767 898 831 nisi
912 763 1239 851 probeturdolumin
1248 763 1433 830 omissione
1442 764 1550 830 inter-

367 873 504 939 venisse
522 892 529 936 :
546 891 613 958 quo
627 890 706 940 essu
722 890 858 958 spuens
871 893 942 964 non
957 874 1097 956 omnino
1113 871 1320 949 eximuntur,
1337 871 1417 938 lieet
1428 873 1548 938 mitius

366 980 481 1064 puniri
499 980 655 1047 debeant.

406 1089 457 1153 Illi
466 1089 564 1174 pueri
571 1090 615 1156 ob
622 1089 743 1157 delieta
750 1089 1060 1169 commissionis,ut
1068 1091 1256 1168 suntfurta,
1265 1089 1457 1170 honrieidia
1465 1094 1544 1170 eta,

365 1199 479 1282 puniri
489 1204 635 1283 possunt
649 1205 683 1265 et
698 1200 835 1280 debent,
849 1201 910 1266 sed
926 1219 1030 1286 poeua
1051 1201 1178 1266 mitiori
1201 1219 1305 1284 quarn
1327 1199 1394 1277 alii,
1415 1203 1548 1264 attenta

366 1326 437 1374 non
451 1313 521 1373 tarn
535 1313 635 1375 aetate
653 1328 756 1395 quam
770 1309 931 1395 qualitate
955 1309 1023 1375 doli
1039 1315 1073 1374 et
1087 1308 1225 1375 malitia
1242 1329 1250 1372 ε
1265 1309 1313 1374 ita
1326 1327 1355 1373 e.
1370 1310 1386 1372 1
1402 1308 1474 1392 huj.
1490 1308 1544 1372 tit.

365 1415 462 1480 Ratio
474 1421 537 1493 est,
548 1417 628 1501 quia
637 1417 680 1482 ob
694 1417 865 1484 defectum
876 1417 994 1501 judieii
1004 1417 1118 1482 minus
1127 1415 1295 1483 malitiose
1312 1420 1346 1481 et
1358 1405 1473 1480 dolose
1489 1415 1547 1480 de-

363 1523 519 1608 linquere
533 1529 798 1610 praesumuntur,
808 1543 911 1610 quam
926 1530 1025 1590 aetate
1039 1524 1271 1610 perfectiores,
1287 1529 1322 1590 et
1335 1523 1412 1589 ideo
1428 1522 1546 1587 mitius

366 1649 469 1715 quam
480 1631 536 1696 isti
545 1631 734 1716 puniuntur
748 1652 755 1697 :
772 1631 862 1697 unde
878 1633 1012 1698 etiamsi
1021 1633 1151 1698 erimen
1160 1629 1302 1716 capitale
1317 1631 1544 1706 committant,

365 1739 486 1805 ultimo
500 1739 665 1824 supplicio
680 1741 768 1806 atflei
783 1759 853 1806 non
867 1746 1022 1825 possunt.

404 1848 437 1910 1·
452 1848 516 1924 Qui
528 1849 745 1932 pubertatem
761 1847 885 1932 adepti,
903 1853 1019 1915 tamen
1033 1849 1073 1914 93
1085 1850 1185 1914 annis
1205 1848 1359 1913 minores
1376 1850 1467 1924 suut,
1483 1863 1547 1929 pu-

260 2024 264 2031 ,
363 1957 430 2022 uiri
445 1956 571 2022 debent
582 1947 684 2040 paena
694 1956 916 2024 ordinarieob
928 1956 1049 2022 delicta
1062 1955 1324 2032 commissionis,
1336 1959 1376 2020 ut
1384 1973 1545 2038 expresse

364 2067 513 2132 declarat
523 2071 581 2150 jus
596 2067 788 2132 Romanum
797 2067 834 2132 in
844 2067 922 2151 jure
933 2067 1096 2133 canonico
1110 2071 1296 2150 receptum.
1308 2065 1435 2130 Tamen
1445 2082 1546 2145 regu-

363 2172 481 2239 lariter
491 2173 675 2259 loquendo,
683 2175 791 2258 judex
800 2173 917 2238 mitius
931 2175 1053 2258 punire
1063 2178 1177 2258 potest
1190 2173 1341 2239 minores
1354 2191 1458 2258 quam
1471 2189 1546 2236 ma-

360 2283 466 2366 jores,
486 2283 553 2347 nisi
568 2288 773 2350 eoneurrent
794 2283 1058 2348 circumstantia
1074 2283 1204 2349 erimen
1225 2286 1465 2365 aggravantes,
1482 2283 1545 2344 aut

363 2390 506 2456 erimina
527 2392 595 2456 sint
618 2393 712 2458 inse
735 2393 949 2475 gravissima,
974 2396 1010 2458 et
1032 2410 1195 2475 magnam
1218 2391 1480 2475 perversitatem
1503 2389 1542 2452 in

364 2495 583 2583 delinquente
599 2505 816 2585 supponent:
834 2505 872 2564 ut
892 2505 974 2566 sunt
984 2499 1137 2579 haeresis‚
1153 2498 1369 2574 veneficium,
1385 2495 1543 2580 repetitio

364 2605 488 2685 delieti,
505 2611 569 2673 ete.
591 2608 642 2673 Ita
661 2609 764 2674 etiam
783 2627 916 2686 omnes,
938 2613 1017 2692 post
1030 2611 1089 2692 jus
1103 2607 1307 2675 Romanum.
1330 2605 1440 2670 ludex
1460 2619 1543 2685 ergo

364 2714 453 2781 solet
464 2715 623 2798 mitigare
638 2734 777 2799 paenam
791 2717 902 2814 quossd
917 2717 1079 2782 minores.

375 2915 418 2970 111.
432 2918 475 2972 An
489 2918 571 2983 pater
582 2919 716 2976 tenedm
727 2931 761 2974 ex
774 2919 877 2975 dettete
890 2917 1098 3048 111111ῳριιξο11
1112 2915 1157 2974 vel
1170 2917 1290 2972 minoris
1305 2915 1399 2984 quoad
1414 2925 1528 2984 penam

843 3008 936 3062 paean
949 3007 1038 3050 anam

400 3151 638 3242 despondetur
675 3158 878 3240 generatim,
915 3175 977 3224 seu
1004 3162 1077 3224 tam
1107 3153 1219 3243 quoad
1255 3156 1403 3240 puberes
1421 3171 1541 3241 ,quam

361 3266 475 3348 quoad
503 3266 708 3350 impuberes,
734 3265 825 3350 quod
842 3271 940 3352 peter
964 3285 1035 3331 non
1057 3269 1204 3342 tenetur,
1232 3265 1261 3330 si
1286 3283 1357 3331 non
1381 3265 1446 3329 suit
1465 3282 1541 3346 par·

337 3374 467 3458 ¹tieeps
496 3373 625 3450 delicti3
654 3391 736 3438 nam
765 3373 971 3455 generaliter
989 3375 1026 3438 in
1051 3377 1128 3458 jure
1157 3375 1382 3440 constitutum
1410 3376 1471 3449 est,
1501 3375 1540 3435 ut

359 3501 463 3548 nemu
491 3481 610 3548 ulienae
639 3482 747 3566 eulpae
777 3501 953 3548 successor
980 3483 1228 3560 constituatur;
1257 3481 1379 3547 deinde
1402 3485 1539 3564 peeeata

360 3607 441 3656 suos
457 3594 576 3656 tenent
588 3594 756 3656 auctores.
773 3589 869 3656 Unde
884 3595 981 3674 pater
993 3609 1063 3656 non
1079 3594 1216 3656 tenetur
1228 3590 1361 3655 solvere
1385 3607 1427 3654 ex
1438 3605 1539 3671 peeu-

357 3697 404 3763 lio
418 3699 608 3782 profectitie
623 3701 696 3780 (seu
712 3699 804 3784 quod
819 3718 862 3763 ex
877 3699 976 3764 benis
998 3699 1150 3783 paternis
1167 3698 1401 3782 proficiscitur)
1426 3714 1538 3778 neque

359 3825 403 3872 ex
415 3806 515 3872 bonis
525 3805 719 3871 adventitiis
735 3807 808 3890 (seu
826 3825 900 3891 qua
910 3807 1060 3871 exbonis
1075 3805 1225 3890 paternis
1240 3803 1539 3888 nonprofleiseun-

357 3917 435 3994 tur),
450 3932 494 3979 ne
509 3915 687 3979 usufructu
699 3914 864 4000 privetur,
883 3933 995 3999 neque
1007 3933 1050 3979 ex
1066 3913 1231 3996 legitima,
1252 3913 1332 3997 quia
1345 3912 1434 3976 hane
1456 3913 1537 3975 ante

356 4026 504 4088 mortem
517 4040 615 4088 suam
629 4020 710 4087 dare
725 4040 795 4087 non
810 4027 956 4087 tenetur.
972 4022 1075 4087 Seeus
1087 4021 1199 4106 quoad
1215 4020 1379 4087 damnum
1393 4018 1537 4095 illatum,

357 4149 400 4196 ex
412 4135 474 4196 art.
491 4130 661 4196 testeos.
683 4133 747 4196 eiv.

394 4239 511 4325 Itaque
535 4239 626 4303 sslius
648 4239 851 4323 delinquens
873 4241 1067 4308 satisfacere
1089 4241 1224 4324 cogitur
1244 4255 1288 4304 ex
1316 4237 1449 4322 peculio
1473 4253 1537 4303 suo
1572 4247 1574 4250 ·

353 4348 519 4413 castrensi
538 4367 599 4412 seu
618 4349 750 4414 ratione
768 4349 897 4415 militiae
916 4353 1055 4415 armata
1076 4348 1253 4433 adquisito,
1273 4344 1330 4412 vel
1350 4346 1539 4432 quasi'eas-

353 4455 460 4520 trensi
474 4457 518 4538 (b.
539 4474 570 4521 e.
582 4456 715 4523 ratione
728 4457 857 4523 militiae
873 4461 1010 4540 togatae,
1028 4461 1067 4523 ut
1087 4475 1132 4523 ex
1151 4455 1263 4523 officio
1276 4456 1412 4542 judicis,
1432 4455 1538 4521 advo-

352 4564 430 4642 cati,
450 4565 666 4649 professoris,
692 4568 770 4644 eta,
794 4564 991 4650 aequisito);
1007 4565 1074 4644 val,
1099 4566 1127 4630 si
1147 4565 1214 4632 tale
1229 4583 1301 4633 non
1314 4565 1451 4643 habeat,
1471 4563 1539 4630 alia

351 4689 455 4756 poena
466 4671 578 4755 puniri
594 4675 718 4757 petest.
