3482 5560
559 596 645 644 arnan
666 597 794 653 omarus
814 597 1038 646 orearmuuu.
1324 581 1382 648 idi

251 708 284 770 l⁰
297 705 473 791 Inquisitio
488 709 654 792 pecoralis
671 715 723 773 ost
741 708 798 775 illa
814 729 880 795 qua
896 710 1155 776 indeterminate
1173 707 1336 795 quaeritur
1349 714 1384 779 in

211 814 343 890 delicta,
365 833 427 880 seu
443 834 509 899 qua
524 835 567 880 ex
580 834 676 882 mero
691 817 814 896 officio,
827 816 921 883 nulla
932 823 1024 883 certa
1037 837 1185 901 persona
1197 825 1231 883 et
1243 821 1384 884 crimine

211 941 383 1006 expresso,
410 922 517 1006 judex
536 924 719 1006 investigat
733 944 777 990 an
795 925 831 989 in
846 944 909 990 sua
923 927 1050 991 ditione
1069 927 1212 992 crimina
1229 929 1384 1013 quaedam

210 1030 266 1095 vel
275 1049 435 1096 excessus
447 1033 719 1110 committantur;
732 1033 936 1117 quandoque
947 1033 1087 1118 inquirit
1096 1035 1199 1100 etiam
1210 1040 1386 1104 auctorem

209 1141 367 1222 ignotum
382 1141 464 1206 certi
479 1142 602 1208 delicti.
660 1173 664 1181 ·

250 1248 282 1312 2⁰
302 1248 465 1332 specialis
489 1255 552 1328 est,
569 1269 637 1334 qua
658 1250 883 1318 determinate
906 1253 942 1316 in
962 1253 1049 1317 hanc
1071 1271 1253 1337 personam
1276 1253 1387 1336 inqui-

210 1355 307 1433 ritur,
324 1375 369 1422 an
381 1358 504 1440 patrati
520 1357 632 1423 delicti
647 1358 691 1422 sit
704 1363 843 1424 auctor:
865 1359 940 1424 haeo
958 1377 1040 1440 ergo
1064 1359 1175 1425 tendit
1195 1361 1238 1426 ad
1261 1361 1387 1424 exami-

210 1463 364 1529 nandum
383 1470 418 1528 et
440 1465 741 1532 condemnandum
761 1485 869 1543 reum,
891 1447 919 1531 si
940 1467 1131 1532 constiterit
1156 1486 1235 1532 eum
1256 1469 1386 1532 crimen

210 1575 382 1656 patratum
406 1575 629 1651 commisisse,
656 1575 738 1640 dum
755 1575 925 1658 generalis
943 1575 1053 1642 tendit
1070 1576 1113 1641 ad
1128 1593 1227 1660 rpum
1250 1576 1388 1642 inresti-

212 1679 374 1760 gandum,
392 1686 426 1745 et
437 1680 516 1747 ideo
532 1688 584 1748 est
597 1684 837 1768 praeparatoria
849 1684 892 1749 ad
904 1683 1096 1768 specialem.

253 1789 412 1873 specialis
424 1791 464 1866 tlt
478 1791 585 1854 tribus
599 1792 789 1873 prasertim
803 1790 913 1857 modis
931 1812 938 1855 :
956 1810 999 1857 ex
1013 1809 1110 1859 mero
1124 1793 1384 1877 officiojudicis3

212 1899 254 1963 ad
270 1897 444 1982 querelam
458 1897 601 1982 alicujus
614 1875 671 1982 qui
687 1917 758 1964 non
769 1898 844 1963 vult
858 1903 947 1964 stare
959 1898 996 1963 in
1011 1900 1139 1982 judicio
1156 1905 1320 1984 tauquam
1334 1917 1388 1966 ao-

212 2011 363 2082 ousator3
385 2005 533 2083 tandem,
554 2004 597 2070 ad
613 2004 905 2072 denuntiationem
926 2006 1069 2090 alicujus
1086 2006 1212 2091 publici
1234 2007 1385 2074 officialis

213 2113 255 2180 ad
270 2113 502 2180 denuntianda
517 2114 638 2180 delicta
652 2114 814 2199 deputati.

252 2225 283 2288 3ο
295 2222 489 2288 Notandum
504 2225 565 2300 est,
582 2223 674 2307 quod
688 2222 792 2308 aliqui
812 2225 968 2291 doctores
990 2225 1063 2290 siue
1084 2226 1288 2290 necessitate
1306 2225 1387 2290 divi-

214 2334 299 2398 dunt
320 2334 576 2418 inquisitionem
598 2335 632 2397 in
656 2334 853 2416 generalem
872 2335 1078 2418 simpliciter,
1097 2353 1158 2400 seu
1173 2333 1389 2416 generalissi-

214 2459 317 2516 mam,
335 2460 410 2527 quse
424 2442 568 2506 habetur
582 2442 717 2525 quando
730 2441 838 2525 judex
851 2442 1001 2526 inquirit,
1012 2461 1056 2508 an
1071 2442 1300 2518 sintcrimina,
1314 2441 1388 2505 sine

214 2549 283 2614 ulla
305 2549 541 2632 designatione
566 2568 722 2633 personae
741 2549 798 2614 vel
819 2550 988 2625 criminis;
1004 2551 1040 2613 in
1064 2548 1246 2632 specialem
1262 2547 1389 2631 simpli-

215 2659 308 2736 citer,
326 2676 401 2742 quae
416 2659 455 2722 flt
468 2660 504 2722 in
517 2664 644 2724 certam
658 2676 841 2744 personam
857 2658 897 2723 de
915 2663 1007 2724 certo
1022 2659 1162 2723 crimine
1175 2661 1248 2741 jam
1263 2657 1387 2733 delato,

112 2833 115 2840 ,
215 2771 250 2830 et
265 2766 403 2831 tandem
415 2767 452 2831 in
474 2768 627 2844 mixtam,
645 2786 711 2851 qua
729 2768 764 2832 in
782 2772 914 2833 certum
933 2769 1073 2842 crimen,
1094 2765 1188 2831 nulla
1205 2768 1298 2830 certa
1313 2783 1390 2848 per-

215 2881 299 2939 sona
313 2893 486 2959 expressa,
497 2875 551 2938 vel
563 2877 599 2939 in
610 2880 738 2940 certam
751 2893 945 2958 personam,
957 2875 1050 2939 nullo
1059 2874 1199 2938 crimine
1208 2890 1384 2955 expresso,

212 2982 418 3066 inquiritur:
440 2982 501 3047 sed
522 2983 649 3047 omissa
666 2983 729 3048 hac
744 2981 925 3058 divisione,
942 2983 1088 3064 primam
1102 2979 1296 3063 bipartitam
1311 2979 1391 3042 reti-

213 3106 346 3166 nemus,
363 3108 437 3172 quae
453 3107 573 3154 omues
586 3107 684 3154 casus
701 3088 946 3172 complectitur.

480 3277 512 3327 u.
525 3275 567 3327 An
582 3285 733 3339 processus
746 3273 944 3341 inquisitorius
956 3275 995 3328 sit
1008 3275 1122 3328 licitus?

257 3425 289 3506 a)
304 3421 480 3506 Inquisitio
494 3421 664 3503 generalis
680 3426 733 3485 est
746 3421 886 3487 omnino
900 3421 1002 3498 licita,
1011 3422 1081 3486 imo
1091 3439 1153 3504 per
1169 3439 1206 3485 se
1220 3423 1391 3503 praeoepta

216 3531 392 3596 aconcilio
407 3530 567 3608 iridem,
584 3549 667 3595 sess.
685 3532 715 3608 7,
729 3547 757 3594 o.
773 3531 803 3607 8,
821 3529 863 3594 de
875 3530 965 3613 Res„
983 3547 1067 3595 sess.
1084 3530 1134 3604 25,
1153 3546 1181 3593 c.
1199 3529 1249 3606 90,
1275 3527 1316 3592 de
1330 3528 1391 3592 Ile-

217 3641 350 3722 qur'sitr's
373 3640 407 3702 r'rz
430 3640 632 3702 visitatione.
658 3638 755 3704 Ratio
785 3643 846 3716 est,
864 3639 943 3722 quia
965 3657 1008 3702 ex
1023 3657 1092 3702 una
1106 3643 1220 3720 parte,
1242 3635 1391 3721 praelatis

217 3747 384 3812 incumbit
407 3747 569 3828 indagare
591 3746 763 3831 quomodo
784 3746 910 3810 subditi
932 3747 1121 3822 viventem
1140 3745 1261 3811 delicta
1279 3745 1392 3830 aliqua

217 3861 469 3938 perpetrentur,
497 3861 531 3919 et
556 3875 599 3920 er
617 3856 734 3933 altera,
754 3853 838 3919 nulli
857 3854 897 3917 ill
910 3854 1035 3939 injuria
1052 3873 1114 3937 per
1134 3854 1390 3938 inquisitionem

218 3963 425 4042 generalem,
441 3982 519 4028 cum
532 3963 625 4028 nulla
640 3964 848 4048 exprimatur
861 3967 953 4028 certa
966 3981 1123 4046 persona.

259 4071 288 4152 b)
304 4071 480 4154 Inquisitio
495 4070 650 4155 specialis
664 4073 700 4136 in
716 4071 837 4136 debitis
851 4070 1103 4136 conditionibus
1117 4015 1216 4145 facti,
1228 4074 1280 4132 est
1290 4068 1392 4132 etiam
1434 4083 1435 4086 ’

218 4179 309 4244 licita
325 4199 332 4242 :
346 4197 428 4244 nam
437 4181 515 4264 jure
534 4179 625 4245 civili
640 4179 833 4244 introducta
846 4183 908 4254 est,
929 4182 963 4242 et
983 4181 1060 4261 jure
1076 4178 1238 4242 canonico
1255 4181 1337 4258 (cap.
1354 4174 1390 4237 il

219 4285 322 4351 Glem.
337 4287 371 4350 h.
387 4289 427 4369 t.)
442 4306 603 4370 expresse
620 4289 835 4370 approbatur.
852 4286 949 4352 Ratio
971 4290 1033 4362 est,
1055 4285 1133 4370 quia
1148 4303 1191 4350 ex
1205 4301 1274 4348 una
1286 4285 1393 4366 parte,

218 4394 410 4479 reipublicae
429 4395 571 4458 interest
585 4394 707 4460 delicta
720 4399 852 4477 patrata
866 4413 936 4458 non
950 4394 1142 4476 relinquere
1157 4391 1336 4473 impunita,
1360 4393 1394 4452 et

219 4519 262 4565 ex
274 4501 391 4579 altera,
409 4503 533 4586 saepins
547 4501 710 4567 deficiunt
728 4506 943 4566 accusatores
966 4501 1001 4563 in
1021 4501 1086 4565 hoc
1106 4517 1233 4580 genere
1260 4497 1390 4562 odioso.

217 4609 361 4674 Necesse
383 4615 435 4676 est
456 4627 538 4690 ergo
560 4613 599 4672 ut
620 4608 728 4691 judex
747 4613 953 4692 potestatem
975 4607 1099 4672 habeat
1118 4605 1311 4691 inquirendi
1333 4623 1392 4669 eos

218 4735 304 4801 quos
318 4718 453 4800 publica
463 4719 555 4783 lama
567 4715 729 4782 delictum
743 4721 955 4800 perpetrasse
970 4715 1104 4780 clamat.

359 4845 403 4892 ιιι.
996 4879 998 4883 ,
1213 4823 1251 4888 rt
