3418 5566
381 609 441 678 358
840 633 890 680 rus
910 632 1090 682 aaronem.

380 749 532 818 violento
548 767 749 834 aggressore
764 751 868 837 eripi;
885 771 967 836 argo
981 754 1194 822 occideretur
1206 753 1311 820 homo
1334 753 1557 822 sineremus

381 859 574 926 sufficienti.

420 971 456 1054 d)
468 971 638 1056 injustum
652 991 891 1056 aggressorem
898 975 1069 1057 fumavel
1081 975 1215 1041 decoris
1223 994 1293 1042 non
1301 975 1381 1042 licet
1389 977 1555 1054 occidere,

379 1080 452 1145 aive
467 1081 512 1146 sit
524 1099 707 1163 aggressor
719 1082 878 1160 verbalis,
896 1103 929 1148 v.
941 1103 974 1166 g.
990 1085 1169 1150 alliciendo
1184 1083 1383 1160 calumnias,
1400 1086 1472 1150 sive
1483 1102 1556 1151 roa-

376 1187 430 1265 lis,
445 1207 477 1252 v.
489 1207 524 1271 g.
539 1189 788 1254 virohouorato
802 1189 961 1272 infligens
975 1191 1118 1276 alapam.
1135 1192 1232 1258 Ratio
1243 1197 1306 1269 est,
1324 1197 1399 1257 tum
1409 1191 1490 1278 ‘quia
1503 1208 1557 1258 oc-

377 1291 460 1359 cisio
474 1292 542 1358 ista
555 1310 627 1358 non
641 1298 694 1358 ast
711 1293 864 1358 medium
886 1297 1118 1362 necessarium
1132 1294 1175 1360 ad
1191 1294 1427 1361 defensionem
1440 1297 1554 1373 lamae,

277 1450 280 1467 ,
377 1400 452 1462 tum
466 1395 545 1479 quia
557 1395 680 1462 occisio
695 1413 766 1462 uon
786 1395 883 1474 tollit,
902 1398 964 1463 sed
978 1403 1082 1480 auget
1096 1399 1313 1475 calumniam,
1330 1416 1371 1463 ac
1391 1399 1557 1483 suspicio·

377 1523 459 1573 nem
469 1505 621 1570 veritatis
635 1505 804 1572 violenter
818 1507 1070 1590 supprimendas
1085 1511 1238 1590 generat.

416 1613 627 1680 contrariam
641 1615 847 1679 sententiam
860 1615 1035 1680 damnavit
1048 1615 1121 1681 lun.
1131 1617 1185 1693 lli,
1196 1617 1254 1701 qui
1263 1621 1468 1700 sequentem
1479 1637 1556 1702 prc-

375 1721 583 1808 positionem
598 1721 796 1805 proscripsit
815 1743 822 1784 :
840 1747 857 1781 «
872 1721 934 1787 Fas
949 1727 1001 1787 est
1013 1724 1088 1790 ,viro
1107 1725 1274 1790 honorato
1290 1725 1442 1791 occidere
1461 1726 1555 1794 inva-

331 1853 332 1856 ’
376 1848 490 1898 sorem
509 1830 567 1916 qui
580 1829 700 1896 nititur
714 1830 921 1896 calumniam
941 1831 1077 1906 inferre,
1095 1831 1124 1896 si
1145 1831 1244 1897 aliter
1266 1831 1338 1898 haeo
1363 1833 1556 1915 ignominia

376 1938 476 2005 vitari
495 1938 616 2022 nequit
634 1936 748 2001 :idem
766 1955 902 2021 quoque
921 1935 1114 2015 dicendum,
1138 1939 1168 2002 si
1191 1938 1267 2023 quis
1295 1939 1465 2024 impingat
1486 1941 1557 2008 ala-

375 2063 468 2130 pam,
486 2044 543 2110 vel
561 2046 651 2109 iuste
670 2044 847 2129 percutiat,
870 2048 906 2109 et
924 2047 1003 2128 post
1020 2044 1203 2130 impactam
1226 2045 1359 2131 alapam
1372 2047 1428 2114 vel
1448 2050 1555 2116 ictum

376 2153 487 2230 iustis,
503 2153 622 2234 iugiat.
641 2177 657 2210 a
985 2215 992 2228 ,

416 2260 499 2326 llinc
512 2277 583 2326 non
597 2253 676 2324 lieet
690 2259 842 2324 occidere
857 2260 982 2324 laisum
995 2265 1239 2338 accusatorem,
1267 2261 1372 2329 falsos
1393 2268 1499 2330 testes
1519 2271 1557 2332 et

374 2368 653 2453 iniquosjudiees
673 2386 694 2432 a
717 2368 839 2454 quihus
853 2373 947 2454 certo
964 2369 1122 2433 imminet
1134 2369 1252 2453 iniqua
1279 2373 1459 2450 sententia,
1475 2373 1556 2440 licet

376 2476 541 2542 damnum
555 2475 621 2542 alia
634 2476 691 2540 via
704 2493 775 2540 non
794 2476 904 2559 possit
917 2475 1047 2541 evitari.
1065 2476 1261 2560 Oppositam
1283 2479 1555 2562 propositionem

376 2603 410 2649 u.
429 2584 469 2649 18
483 2584 659 2649 damnavit
671 2583 766 2648 Alex.
780 2583 847 2647 vll.
858 2584 943 2650 Nam
957 2584 993 2648 in
1006 2583 1065 2649 illo
1079 2601 1161 2650 casu
1173 2585 1408 2652 estcalumnia
1426 2587 1483 2652 vol
1494 2607 1556 2672 pe-

374 2693 520 2758 riculum
535 2691 730 2769 calumniae;
751 2691 873 2758 deinde
895 2693 1022 2759 adsunt
1043 2691 1215 2760 ordinaria
1233 2693 1321 2778 juris
1335 2696 1487 2761 remedia
1507 2697 1552 2762 ad

375 2800 581 2866 sententiam
594 2801 748 2884 iniquam
767 2799 1022 2884 impediendam
1035 2799 1093 2866 vel
1112 2801 1362 2883 corrigendam,
1377 2802 1426 2870 ita
1441 2808 1479 2870 ut
1495 2822 1553 2872 oo·

374 2911 458 2976 cisio
472 2908 566 2974 nulio
580 2908 684 2974 modo
697 2909 741 2974 sit
752 2910 955 2976 necessaria.

321 3063 326 3072 „
413 3017 453 3084 ln
467 3017 546 3082 vitas
558 3017 614 3082 vel
633 3019 803 3082 bonorum
824 3017 1022 3085 defensione
1045 3021 1164 3084 contra
1181 3019 1350 3102 injustum
1375 3039 1553 3104 aggresso-

373 3143 448 3191 rem
467 3126 600 3191 servari·
617 3125 719 3191 debet
740 3125 962 3191 moderamen
987 3125 1166 3210 inculpate
1188 3127 1315 3205 tutela,
1338 3147 1399 3194 seu
1427 3128 1552 3196 modus

374 3236 519 3302 debitus.
543 3235 612 3301 Hoc
629 3235 853 3302 moderamen
873 3237 989 3318 exigit,
1016 3238 1048 3301 1ο
1070 3240 1108 3300 ut
1128 3237 1269 3302 invasus
1297 3256 1369 3303 non
1396 3238 1551 3305 intendat

373 3348 534 3422 mortem,
549 3344 610 3410 sed
624 3343 734 3410 solam
749 3344 802 3408 sui
817 3344 1119 3422 conservationem
1141 3363 1240 3410 secus
1259 3351 1351 3412 esset
1372 3351 1551 3430 peccatum

374 3471 445 3518 non
464 3453 602 3538 quidem
623 3457 742 3519 contra
757 3453 938 3537 justitiam,
955 3472 1034 3518 cum
1055 3453 1196 3520 invasor
1215 3473 1317 3521 omne
1334 3458 1393 3539 jus
1416 3457 1551 3522 auditui

373 3577 435 3645 per
447 3579 547 3626 suam
561 3561 726 3644 injustam
739 3563 1008 3643 aggressionem,
1026 3563 1086 3628 sed
1103 3568 1221 3628 contra
1245 3563 1455 3643 charitatem,
1474 3583 1549 3648 quae

375 3667 433 3734 tali
446 3669 635 3735 intentione
648 3669 844 3745 laederetur;
857 3670 937 3733 Νι
945 3668 1060 3734 nullus
1070 3671 1115 3734 sit
1123 3689 1284 3735 excessus
1294 3672 1329 3735 in
1338 3669 1547 3748 defensioue,

374 3793 498 3859 nempe
513 3777 624 3859 utqui
636 3777 741 3842 vitam
756 3775 843 3842 tueri
861 3781 976 3861 potest
988 3795 1049 3860 per
1071 3778 1180 3842 solam
1195 3777 1456 3856 mutilationem,
1478 3799 1549 3846 uon

342 3863 344 3868 ¹
374 3883 514 3958 oooidat,
530 3881 586 3946 vel
596 3901 658 3966 per
668 3873 777 3950 solam
791 3885 1048 3972 percussionem
1062 3884 1207 3950 mutilet.
1226 3885 1354 3951 Oocisio
1378 3905 1460 3968 ergo
1477 3887 1547 3952 lieri

372 3990 501 4074 nequit,
520 3989 585 4054 nisi
600 3990 644 4054 sit
662 3990 814 4055 medium
830 3991 1063 4056 necessarium
1076 3991 1120 4057 ad
1134 3992 1213 4056 vita
1227 3991 1283 4057 vel
1299 3993 1469 4059 honorum
1482 3995 1548 4060 ior-

373 4104 464 4164 tunae
474 4102 534 4164 aut
546 4096 715 4180 pudicitia
729 4099 1036 4164 conservationem.

846 4295 878 4346 11.
895 4295 934 4346 De
949 4293 1078 4348 sutotdm

411 4441 445 4522 a)
458 4439 674 4522 Regulariter
686 4439 869 4525 loquendo,
879 4442 1010 4506 nemini
1021 4441 1258 4526 lieetseipsum
1273 4444 1447 4511 occidere:
1463 4463 1548 4529 prae-

369 4552 507 4630 oeptum
522 4571 538 4605 ιι
553 4547 627 4612 Non
642 4547 785 4626 occides,
807 4573 823 4607 ›>
844 4552 897 4613 est
913 4549 1116 4617 universale.
1133 4551 1230 4617 Ratio
1246 4557 1308 4630 est,
1331 4553 1411 4638 quia
1423 4553 1547 4620 oeoisio

368 4652 637 4730 suiadversatur
650 4660 724 4719 tum
738 4655 884 4721 naturali
897 4656 1109 4724 inclinationi
1123 4678 1191 4743 qua
1205 4660 1366 4745 qualibet
1378 4679 1435 4726 res
1450 4679 1548 4744 appe·

370 4763 410 4827 tit
432 4762 484 4826 sui
506 4763 814 4840 conservationem,
833 4768 905 4829 tum
918 4765 1074 4830 charitati
1097 4785 1165 4851 qua
1179 4767 1321 4851 quilibet
1344 4769 1446 4834 debet
1460 4769 1548 4852 seip-
