3508 5568
356 515 395 579 30
815 531 865 580 rus
885 529 1064 578 crsemcou.

354 653 430 716 tuse
444 649 727 732 aguntcivilistae.
744 649 899 734 Experto
925 651 1051 727 uxoris,
1078 649 1242 733 speciales
1270 651 1411 716 effectus
1434 657 1530 728 sunt,

354 761 445 843 quod
480 747 566 826 uxor
594 765 750 826 coruscet
775 760 877 826 radiis
899 761 1022 838 mariti,
1048 760 1281 843 participando
1304 763 1382 844 ejus
1407 761 1532 826 nobili-

356 873 472 946 tatem,
482 869 693 951 dignitatem,
706 869 885 954 privilegia
897 871 973 947 ieri,
986 869 1160 946 sessionis,
1173 869 1410 946 immunitatis,
1425 869 1533 934 domi-

355 975 433 1053 cilii,
447 981 526 1054 etc,
543 977 585 1042 de
601 977 723 1062 quibus
736 977 877 1044 consule
888 976 1060 1044 civilistes.
1495 964 1498 970 ’

514 1163 557 1214 tv.
574 1161 646 1222 Quid
655 1161 729 1226 turis
743 1161 819 1214 circe
831 1115 998 1226 petitionem
1012 1160 1041 1213 et
1055 1159 1245 1214 redditionem
1259 1160 1370 1214 debiti?

395 1307 494 1390 Resp.
516 1309 545 1372 l.
564 1307 730 1390 obligatio
755 1307 919 1374 reddendi
945 1309 1109 1385 debitum,
1133 1309 1161 1373 si
1183 1311 1226 1375 ab
1251 1309 1360 1374 altero
1384 1311 1531 1391 conjuge
1598 1387 1601 1395 Ι

355 1421 500 1499 petatur,
519 1434 700 1498 exgenere
716 1435 779 1482 suo
793 1421 846 1481 est
859 1417 986 1497 mavis,
1001 1417 1204 1499 regulariter
1213 1417 1275 1481 sub
1295 1417 1429 1482 mortali
1451 1415 1532 1481 obli-

355 1541 452 1603 gans,
464 1523 530 1588 nisi
541 1524 842 1605 justissimacausa
851 1529 993 1588 excuset
1003 1523 1027 1607 (l
1036 1523 1122 1600 Gor,
1134 1543 1188 1600 vn,
1197 1525 1227 1600 3;
1240 1523 1334 1598 Gen,
1345 1526 1379 1605 n)
1392 1545 1398 1586 :
1412 1549 1427 1582 «
1439 1523 1532 1588 Cres-

355 1633 431 1708 cite,
448 1636 483 1696 et
494 1629 765 1714 multiplicamini
780 1652 787 1694 :
804 1656 819 1689 »
835 1649 915 1698 nam
931 1630 1092 1713 obligatio
1103 1632 1230 1696 istaest
1241 1631 1382 1714 justitiae
1399 1635 1473 1695 orta
1488 1649 1530 1694 ex

303 1764 305 1768 ·
355 1745 529 1805 contractu
545 1738 787 1805 matrimoniali
800 1741 952 1822 graviter
968 1739 1180 1822 obligatorio.
1198 1741 1240 1804 At
1250 1746 1367 1822 petere
1377 1739 1531 1804 debitum

239 1896 241 1904 ,
354 1865 416 1934 per
429 1865 465 1912 se
480 1851 602 1912 neuter
614 1851 742 1930 conjux
756 1847 943 1929 obligatum
962 1849 1040 1930 quie
1060 1865 1161 1913 nemo
1185 1846 1355 1928 obligatur
1374 1849 1452 1928 jure
1468 1863 1530 1911 suo

356 1957 415 2019 uti.
433 1955 496 2021 Per
509 1956 676 2034 accidens,
693 1957 722 2020 si
742 1957 850 2022 altera
868 1975 946 2038 pars
969 1976 1013 2021 ex
1037 1955 1241 2022 verecundia
1265 1974 1335 2021 non
1359 1961 1463 2038 petat,
1487 1955 1530 2020 ad

355 2064 603 2129 removendum
637 2065 826 2148 periculum
853 2065 1120 2143 incontinentiae,
1148 2063 1270 2130 saltem
1298 2082 1341 2128 ex
1365 2063 1530 2128 charitate

355 2171 526 2254 obligatur
539 2173 625 2238 alter
638 2173 882 2257 adpetendum
895 2173 1065 2251 dehitum;
1083 2174 1162 2258 quia
1177 2179 1257 2238 tunc
1278 2177 1405 2256 petere,
1421 2191 1530 2238 more-

354 2279 432 2344 liter
446 2285 498 2344 est
508 2281 651 2346 reddere
666 2281 829 2346 debitum.

395 2389 493 2470 Resp.
511 2389 540 2451 i.
559 2388 596 2452 ln
609 2389 714 2452 dubio
729 2387 771 2452 de
786 2388 901 2453 valore
917 2388 1136 2465 matrimonii,
1162 2387 1283 2453 eadem
1303 2389 1532 2454 observantur

356 2515 431 2578 ques
445 2497 481 2561 in
496 2496 599 2561 dubio
612 2496 853 2572 dominiorum,
870 2498 1140 2580 possessionum,
1157 2503 1191 2561 et
1207 2497 1369 2562 similium
1386 2496 1527 2579 jurium.
1549 2515 1552 2525 ·

353 2603 393 2667 Et
409 2603 547 2687 quidem
565 2605 598 2667 1ο
612 2604 648 2667 in
663 2603 771 2668 dnbio
782 2604 944 2687 positivo,
960 2604 1039 2669 dum
1054 2622 1115 2688 pro
1138 2609 1174 2669 et
1194 2609 1312 2669 contra
1334 2603 1459 2670 adsunt
1480 2620 1531 2665 ra-

354 2712 464 2777 tiones
487 2713 691 2796 probabiles,
712 2717 857 2796 uterque
875 2712 966 2777 licite
980 2714 1066 2796 petit
1084 2719 1119 2776 et
1133 2711 1245 2778 reddit
1259 2712 1411 2777 debitum
1428 2729 1531 2775 :narn

356 2821 398 2884 ob
413 2819 581 2884 rationem
596 2820 708 2885 solum
724 2819 935 2903 probabilem
956 2824 1079 2886 neuter
1100 2821 1254 2904 privatus
1276 2826 1328 2885 est
1349 2818 1529 2884 commodo

354 2927 604 3009 possessionis:
622 2932 656 2992 et
678 2927 815 2993 aliunde
840 2929 954 3012 opinio
968 2947 1049 2993 vere
1064 2928 1247 3011 probabilis
1264 2929 1306 2992 de
1329 2928 1444 2993 valore
1459 2945 1530 2991 ma-

354 3035 505 3099 trimonii
529 3036 692 3100 contracti
717 3034 866 3099 excludit
889 3035 1079 3119 periculum
1104 3035 1337 3101 fornicationis
1365 3033 1527 3100 formalis.

354 3142 386 3206 ἓ·
396 3142 459 3219 Qui
470 3143 633 3208 bonafide
643 3143 812 3208 contraxit
819 3143 1087 3220 matrimonium,
1099 3145 1404 3226 etsupervenientc
1414 3143 1527 3216 dubio,

354 3249 471 3332 incipit
485 3251 639 3316 dubitare
654 3251 696 3314 de
705 3249 820 3316 valore
836 3249 936 3326 iilius,
951 3251 979 3314 si
990 3232 1527 3334 adhibitasuillcientidiligentia,

355 3358 534 3424 veritatem
548 3359 738 3441 comperire
754 3363 915 3442 nequeat,
937 3358 1092 3441 deposito
1105 3360 1170 3424 hoc
1186 3359 1290 3424 dubio
1306 3357 1527 3442 speculativo,

354 3465 443 3532 licite
462 3468 548 3551 petit
570 3473 604 3531 et
618 3467 730 3532 reddit
754 3468 908 3532 debitum
930 3487 1036 3532 :nam
1061 3469 1103 3533 ob
1119 3470 1365 3552 superveniens
1388 3466 1529 3530 dubium

355 3593 425 3640 nou
445 3575 545 3640 debet
564 3575 736 3640 deturbari
752 3594 797 3640 ex
811 3575 1027 3658 possessione
1045 3577 1211 3642 bonafide
1227 3577 1393 3662 acquisita
1406 3573 1526 3656 (Reid,

357 3683 510 3767 Theolop.
527 3683 661 3759 morat,
677 3688 771 3748 tract.
794 3685 824 3758 4,
843 3685 920 3749 dist.
944 3686 993 3760 13,
1020 3703 1114 3748 num·
1132 3685 1182 3762 84,
1197 3703 1276 3750 cum
1298 3685 1372 3752 aliis
1386 3686 1432 3749 ibi
1447 3684 1526 3767 cit).

354 3793 386 3855 3ο
402 3791 436 3854 Si
448 3809 537 3855 unus
551 3793 653 3869 bona,
669 3797 705 3855 et
722 3791 808 3856 alter
822 3793 913 3858 mala
927 3793 994 3858 lide
1009 3796 1188 3872 contraxit,
1204 3794 1348 3860 veritate
1358 3813 1428 3860 non
1440 3812 1525 3858 com-

355 3905 462 3983 porta,
485 3900 584 3966 honae
597 3899 677 3964 ssdei
691 3903 819 3983 conJ'ux
843 3901 996 3966 debitum
1018 3906 1134 3984 petere
1158 3907 1272 3985 potest
1294 3903 1337 3967 oh
1361 3903 1525 3968 rationem

355 4027 437 4074 mox
450 4009 585 4085 domm,
609 4007 751 4073 etmalae
765 4008 844 4072 fidei
864 4012 1001 4092 conjux,
1019 4010 1077 4094 qui
1095 4011 1324 4094 suspicionem
1344 4011 1474 4076 habens
1487 4010 1528 4072 de

257 4203 260 4210 1
353 4114 600 4200 impedimento
609 4113 738 4180 latente
747 4115 911 4181 malaflde
920 4118 1363 4194 matrimoniumcontraxit‚
1376 4117 1528 4182 debitum

353 4230 470 4308 petere
484 4242 554 4288 non
569 4227 697 4306 potest,
715 4224 793 4308 quia
805 4243 849 4288 ex
862 4230 1038 4290 contractu
1052 4226 1151 4290 malae
1170 4226 1250 4292 ssdei
1265 4245 1335 4292 non
1349 4226 1528 4310 acquisivit

350 4335 409 4416 jus
423 4331 562 4416 petendi
582 4337 618 4395 et
632 4331 769 4409 utendi;
798 4332 940 4398 reddere
956 4337 1072 4399 tamen
1088 4335 1241 4400 debitum
1253 4335 1364 4413 dehet,
1384 4339 1423 4401 ut
1436 4351 1527 4398 com-

352 4439 490 4504 munior
505 4439 605 4506 docet
616 4445 736 4505 contre
747 4440 877 4518 sotum,
893 4443 973 4525 quia
985 4445 1114 4526 conjux
1125 4445 1224 4510 honre
1239 4445 1318 4510 tldei
1337 4461 1408 4509 non
1426 4443 1528 4507 debet

353 4549 478 4632 privari
487 4550 613 4631 jureet
624 4549 807 4615 commodo
820 4552 1048 4632 possessionis
1062 4554 1106 4618 ob
1120 4535 1246 4620 malam
1257 4554 1361 4620 fldem
1374 4551 1525 4626 alterius,

354 4654 463 4722 donec
485 4657 648 4739 probetur
670 4660 927 4724 matrimonium
950 4679 1027 4726 esse
1049 4662 1193 4728 nullum.
1220 4665 1253 4728 Si
1273 4680 1356 4726 vero
1384 4666 1526 4742 uterque
