3508 5568
580 622 668 672 urnae
687 625 827 680 nunnius
848 624 1072 674 eminerammi.
1377 607 1416 672 '15

241 741 329 816 primi
344 741 486 816 emptoris
502 747 619 802 nonest
632 742 830 816 exstinetam
846 757 930 820 ergo,
945 744 973 804 si
992 757 1041 804 res
1052 743 1090 803 ad
1104 743 1290 804 venditorem
1304 743 1416 815 redeat,

242 835 360 892 tenetur
374 847 440 892 eam
459 833 556 906 primo
570 833 698 906 emptori
712 834 843 907 tradars;
856 836 904 894 vel
924 835 1007 894 omli.
1027 841 1089 895 ant.
1104 840 1135 894 at
1148 850 1217 910 neg.
1233 849 1332 905 cous,
1346 849 1416 894 nam

241 921 352 982 solutio
367 923 550 982 matrimonii
567 923 676 997 pendet
693 940 711 983 a
728 925 831 984 causis
852 923 1056 995 naturalibus
1070 923 1205 996 adeoque
1225 922 1369 1000 obligatio
1384 923 1414 984 in

241 1009 315 1069 illud
329 1015 448 1085 tempus
463 1011 561 1070 habile
577 1018 656 1072 reete
670 1015 811 1074 subsistit
817 1033 827 1087 ;
847 1020 968 1074 econtra
983 1014 1170 1087 recuperatio
1185 1013 1228 1072 rei
1246 1014 1373 1072 renditae
1387 1018 1417 1072 et

242 1099 357 1158 traditae
371 1100 479 1174 pendet
495 1115 512 1160 a
527 1103 630 1162 causis
642 1102 757 1175 liberis,
773 1109 802 1162 et
814 1105 923 1176 pendet
937 1104 1025 1162 etiam
1040 1118 1058 1161 a
1071 1103 1223 1162 voluntate
1238 1100 1415 1171 venditoris
1502 1135 1504 1142 ι

242 1191 277 1246 ut
289 1202 324 1246 eo
339 1187 470 1260 nolente,
485 1203 547 1249 uon
561 1189 791 1264 sequunturei3
807 1191 941 1266 adeoque
952 1191 1097 1266 obligatio
1111 1192 1171 1250 ista
1185 1191 1319 1264 pendens
1331 1205 1350 1250 a
1363 1203 1416 1248 vo·

242 1274 356 1338 luntato
371 1277 506 1354 obligati,
519 1285 567 1338 est
580 1293 706 1353 prorsus
718 1280 847 1340 inutilis.
865 1281 948 1340 Unde
962 1281 994 1340 in
1009 1280 1061 1340 tali
1077 1295 1151 1339 casu
1168 1280 1219 1352 jus
1231 1279 1416 1338 venditorem

242 1367 306 1428 vult
314 1368 506 1428 condemnari
518 1369 555 1429 ad
566 1369 713 1430 iuteresse
722 1371 811 1444 primi
823 1370 1005 1446 emptorisp.
1014 1375 1087 1445 ipa,
1097 1370 1128 1430 ti.
1137 1369 1415 1444 misimianae).

282 1547 381 1632 Resp.
390 1551 420 1614 ti.
432 1549 599 1634 Obligatio
612 1555 843 1619 eontrahentis
856 1553 1028 1638 sponsalia
1039 1551 1190 1620 seeunde
1199 1555 1261 1630 est,
1274 1555 1312 1616 ut
1322 1568 1417 1635 repa-

242 1659 418 1725 retomnia
429 1659 638 1728 damnainde
650 1668 776 1740 secuta,
790 1663 861 1728 sive
871 1663 1081 1746 primee‚sive
1093 1662 1251 1728 seeundae
1259 1677 1394 1745 sponsa
1406 1679 1415 1722 :

241 1767 464 1854 uamdelieto
488 1786 550 1834 auo
565 1771 761 1854 proximum
781 1759 910 1836 laedens
929 1773 1067 1835 tenetur
1090 1789 1135 1836 ax
1154 1769 1287 1853 justitia
1306 1768 1416 1833 laesio-

243 1894 323 1942 nem
339 1880 372 1941 et
391 1877 506 1946 damni
528 1877 715 1944 illationem
737 1881 901 1946 resarcire
923 1901 930 1944 :
957 1881 1047 1946 unda
1072 1880 1101 1944 si
1121 1897 1245 1964 sponsa
1268 1878 1418 1947 secunda

162 2012 165 2021 ν
243 1985 362 2068 ignara
381 1985 533 2070 priorum
555 1987 767 2071 sponsalium
788 1989 920 2071 (scienti
939 1992 1059 2055 oontm
1077 1993 1112 2053 et
1133 1984 1262 2054 volanti
1284 2003 1355 2052 non
1378 1987 1419 2050 ili

243 2092 378 2176 injuria)
398 2093 561 2159 deflorata
583 2100 635 2160 est
658 2096 721 2160 sub
742 2115 802 2181 spe
826 2101 861 2162 et
886 2096 1114 2182 promissione
1138 2092 1357 2172 matrimonii,
1383 2097 1418 2159 et

242 2202 334 2286 prior
349 2220 476 2286 sponsa
486 2205 544 2286 jus
564 2221 666 2269 suum
680 2223 752 2269 non
772 2204 847 2270 vult
864 2205 1049 2282 remittere,
1077 2204 1241 2269 damnum
1262 2202 1342 2268 inda
1365 2221 1418 2304 ses

243 2315 360 2374 autum
374 2312 604 2394 reparandum
620 2317 683 2392 esi,
700 2318 735 2379 et
753 2313 891 2398 quidem
904 2314 941 2378 in
958 2312 1166 2379 conscientia
1183 2316 1262 2377 ante
1281 2316 1419 2376 senteu-

244 2419 327 2482 tiam
341 2418 477 2502 Judiois.
506 2419 540 2484 Si
558 2438 642 2486 vero
665 2420 799 2487 nullum
819 2422 985 2488 damnum
1006 2424 1180 2508 sequatur,
1205 2437 1352 2505 sponsus
1375 2418 1419 2484 ad

244 2526 328 2592 nihil
342 2530 488 2605 tenetur,
504 2544 585 2592 eum
600 2528 674 2595 sola
684 2529 890 2614 virginitatis
911 2529 1036 2596 ablatio
1055 2527 1186 2595 nonsit
1203 2527 1313 2612 pretio
1330 2525 1419 2591 easti-

242 2632 387 2700 mabilia.

243 2837 275 2890 li.
290 2838 331 2889 ln
344 2848 377 2889 ex
390 2836 574 2891 matrimomo
592 2849 643 2890 seu
654 2837 834 2903 sponsalibus
854 2838 890 2892 de
905 2838 1038 2904 prasenti
1057 2835 1165 2892 oriatur
1180 2836 1417 2902 impedimentum

160 2962 161 2965 ,
282 2916 426 2984 ligaminis
438 2915 575 2971 dirimens
586 2915 662 2972 aliud
673 2918 900 2984 matrimonium,
914 2917 1001 2985 priori
1013 2919 1116 2982 staum,
1130 2917 1379 2972 eontraiieudumt
1414 2929 1415 2934 ¹

283 3085 383 3170 Resp.
399 3083 788 3170 i.Aill1maiive(o.i,i,
803 3087 1040 3168 deltiana),
1056 3105 1138 3152 nam
1148 3086 1417 3164 molemonium,

245 3190 287 3258 do
298 3193 376 3276 jure
399 3191 557 3271 naturali,
575 3197 628 3258 est
649 3195 845 3278 eonjuuotio
869 3195 971 3259 unius
993 3194 1058 3260 viri
1079 3212 1159 3259 oum
1177 3211 1246 3258 una
1261 3193 1416 3272 muliere,

242 3301 342 3382 juxta
352 3297 453 3364 iilud:
471 3323 486 3358 α
498 3300 604 3364 Erunt
618 3300 686 3366 duo
700 3300 735 3365 in
750 3319 851 3368 earne
866 3318 952 3379 una;
971 3325 987 3362 »
1004 3320 1086 3384 ergo
1100 3300 1357 3367 matrimonium
1371 3299 1419 3367 ita

243 3405 328 3489 ligat
353 3409 530 3490 conjugae,
561 3409 658 3474 utin
683 3426 787 3476 sensu
820 3408 1009 3493 composito
1037 3408 1129 3474 aliud
1151 3426 1220 3476 non
1247 3407 1415 3472 admittat.

245 3514 338 3580 Unde
367 3514 516 3598 primum
541 3507 798 3582 matrimonium
819 3521 933 3582 ratum
955 3535 1027 3583 non
1050 3515 1193 3582 solvitur
1214 3533 1275 3600 per
1301 3515 1418 3580 subso-

245 3640 354 3708 quens
368 3628 645 3690 consummatum
660 3624 700 3708 (o.
714 3625 765 3702 31,
778 3625 820 3690 de
832 3624 1007 3710 Spoaaot.;
1020 3642 1049 3690 o.
1065 3624 1123 3687 tin.
1140 3623 1173 3688 h.
1186 3624 1235 3706 t),
1253 3623 1333 3708 quia
1344 3640 1418 3688 eor-

244 3749 308 3817 pus
322 3730 381 3794 uni
396 3729 569 3808 traditum,
586 3714 684 3797 alteri
697 3731 846 3797 invalide
861 3731 1014 3798 traditur.
1040 3730 1080 3795 Et
1093 3731 1173 3816 quia
1193 3732 1258 3796 hoe
1278 3730 1418 3813 impedi·

180 3817 184 3828 ¹
244 3843 401 3904 mentum
416 3842 468 3902 eet
478 3837 567 3921 juris
580 3838 754 3918 naturalis,
767 3839 867 3906 hodie
883 3837 1016 3904 sublato
1033 3857 1095 3923 per
1114 3837 1284 3904 Christum
1303 3836 1417 3905 libello

245 3946 386 4032 repudii,
402 3947 485 4030 ligat
500 3946 603 4014 etiam
613 3946 749 4016 Judaeos
765 3953 800 4016 et
810 3948 895 4015 alios
908 3947 1074 4016 infideles.

280 4123 339 4180 Nee
364 4119 464 4179 obstat
480 4135 556 4195 oap.
581 4125 597 4180 3
618 4122 649 4181 h.
669 4128 708 4197 t.,
730 4124 812 4200 quod
834 4125 994 4185 Pontifices
1012 4123 1097 4183 aliter
1120 4122 1200 4182 eirea
1223 4123 1281 4180 hoo
1302 4121 1417 4198 iudiea-
1490 4151 1493 4160 ‚

247 4212 361 4282 verint3
381 4224 450 4269 nam
462 4209 610 4283 judicium
625 4213 706 4273 istud
720 4229 780 4273 non
799 4214 856 4273 luit
870 4213 1048 4273 cathedralis
1066 4212 1212 4284 delinitio,
1237 4212 1290 4272 sed
1314 4213 1417 4272 lorsan

246 4303 360 4380 privem
382 4303 445 4366 litis
469 4305 599 4376 decisio,
626 4309 679 4364 aut
705 4303 890 4378 dispensatio
915 4303 947 4362 iu
975 4302 1166 4362 matrimonio
1189 4307 1263 4362 rato.
1293 4301 1380 4362 ilices
1409 4321 1416 4362 :

247 4396 277 4454 Si
297 4394 427 4472 ligamen
450 4395 634 4455 matrimonii
655 4398 701 4454 est
717 4393 795 4468 juris
812 4393 974 4464 naturalia,
999 4407 1054 4451 nea
1076 4395 1157 4451 Deus
1179 4391 1210 4448 in
1237 4406 1273 4450 eo
1298 4391 1418 4465 dispon-

247 4499 313 4545 sere
336 4487 500 4560 potuissat3
519 4485 600 4558 quod
620 4483 730 4544 laisum
749 4497 817 4543 esso
838 4487 957 4543 constat
971 4498 1008 4540 ex
1023 4480 1124 4540 libello
1140 4479 1268 4555 repudii,
1286 4485 1316 4539 et
1336 4481 1419 4557 polp-
1534 4505 1536 4512 ,

248 4573 347 4649 garnie
361 4573 605 4647 patriarcharum.
621 4577 711 4648 Hesp.
725 4574 800 4632 Dist.
816 4588 881 4647 seq.
900 4591 906 4631 :
924 4573 951 4631 si
964 4577 1011 4632 est
1024 4571 1103 4646 juris
1117 4571 1262 4630 naturalis
1276 4571 1419 4642 absoluti,

248 4669 278 4720 et
291 4665 388 4736 quoad
406 4664 560 4723 materiam
576 4662 772 4735 invariabilis
784 4663 863 4722 sieut
875 4661 1074 4734 mendacium,
1096 4660 1230 4732 haeresis,
1247 4665 1316 4731 oto,
1333 4675 1417 4719 eone.

249 4767 312 4836 seq.
328 4755 540 4828 conditionata
564 4755 590 4815 si
611 4755 763 4835 estquoad
780 4753 932 4818 materiam
946 4751 1110 4826 variabilis,
1131 4767 1200 4831 neg.
1221 4765 1286 4832 seq.
1308 4750 1418 4816 inillis
1439 4833 1444 4844 Ι
