3412 5570
327 529 388 595 tto
785 539 838 592 ros
858 499 1038 592 serenicurt.

327 664 403 730 loco
419 679 514 728 sucro
528 661 762 728 fraudulenter
775 664 938 728 aufertur.
955 661 1079 726 Contra
1098 663 1230 726 crimen
1251 660 1436 744 peculatus
1460 673 1519 722 va-

328 773 386 838 ria
416 771 549 853 mulotae
579 770 796 836 stabiliuntur
820 772 953 854 injure
979 770 1058 836 Gall.
1078 772 1151 852 (art.
1177 771 1246 849 169,
1273 769 1355 851 lii),
1380 771 1520 852 praeter

327 899 466 968 pfflnam
487 880 676 946 triremium
696 880 739 946 ad
763 885 908 967 tempus,
937 881 963 945 11
991 881 1136 965 pecunia
1163 879 1297 947 sublata
1321 877 1520 943 excederet

327 988 420 1064 3,(111)
435 991 582 1055 francos.

368 1098 418 1162 11·
435 1097 569 1163 Crimen
587 1098 628 1162 de
646 1099 789 1164 residuis
806 1098 1433 1183 111111111111111111111311111111
1456 1093 1518 1178 qui

326 1206 507 1290 pecuniam
529 1205 699 1288 publicam
727 1207 763 1270 in
790 1211 923 1272 certum
945 1225 1048 1272 usum
1079 1206 1204 1271 retinet
1228 1205 1514 1274 determinatam,

218 1365 221 1374 ,
326 1332 438 1399 neque
453 1333 531 1379 earn
542 1315 623 1380 fisco
639 1331 700 1380 seu
714 1316 833 1380 aerario
845 1315 980 1399 publico
992 1315 1105 1380 infert.
1122 1314 1161 1378 11
1172 1318 1251 1398 jure
1266 1311 1361 1390 Gaii,
1373 1312 1516 1376 crimen

326 1421 368 1488 de
381 1423 527 1488 residuis
542 1441 612 1488 non
628 1423 763 1488 videtur
776 1423 911 1488 differre
927 1423 1099 1488 acrimine
1114 1421 1302 1506 peculatus.

303 1551 305 1556 ’
366 1533 418 1597 13ο
431 1532 590 1616 Plaqinm
605 1538 658 1598 est
671 1534 800 1598 crimen
812 1534 985 1616 publicum
1001 1551 1068 1618 quo
1091 1532 1179 1597 liber
1192 1532 1296 1598 homo
1312 1531 1368 1596 vel
1381 1547 1515 1596 servus

326 1638 458 1704 alienus
471 1640 589 1706 furtim
603 1639 792 1717 abducitur,
809 1641 924 1705 auimo
947 1639 1043 1704 illum
1057 1640 1200 1718 celandi,
1217 1659 1279 1705 seu
1300 1645 1352 1704 est
1371 1639 1513 1702 furtum

325 1748 423 1815 liberi
435 1749 595 1814 hominis.
610 1749 658 1814 Ex
668 1751 774 1816 veteri
786 1753 864 1833 jure
884 1749 995 1826 Rom,
1011 1750 1166 1834 plagiarii
1181 1750 1423 1833 puniebantur,
1445 1763 1513 1830 pro

327 1857 488 1940 qualitate
510 1855 633 1934 delicti,
650 1858 780 1934 exsilio,
801 1858 1019 1923 damnatione
1037 1858 1080 1922 ad
1098 1857 1246 1934 metalla,
1264 1863 1298 1922 11
1319 1853 1511 1940 aliquando

325 1964 449 2045 gladio.
463 1964 511 2028 Ex
522 1963 704 2047 ju1·eGall.,
720 1967 867 2030 retentio
882 1971 916 2029 et
927 1966 1078 2030 detentio
1087 1965 1236 2030 hominis
1249 1965 1391 2048 punitur
1400 1979 1510 2046 poena

326 2072 518 2135 triremium
534 2072 577 2136 ad
601 2070 807 2156 tempus·vel
828 2073 1091 2156 inperpetuum,
1105 2076 1205 2156 juxta
1227 2072 1433 2154 gravitatem
1449 2070 1511 2133 de-

325 2176 395 2244 licti
415 2197 475 2244 seu
499 2179 715 2248 durationem
735 2182 1016 2268 sequestrationis
1037 2183 1111 2264 (111.
1137 2181 1207 2259 att,
1231 2181 1302 2258 ate,
1332 2185 1396 2248 etc.
1420 2177 1506 2244 Cod.

326 2287 443 2373 pren).

653 2448 717 2522 §li
734 2449 839 2510 Cerne
853 2455 1031 2509 moerentes
1046 2465 1066 2508 a
1079 2448 1173 2522 serto.
1221 2495 1224 2501 .

368 2618 400 2700 1)
419 2617 537 2683 Primo
560 2637 664 2684 consa
688 2629 737 2686 est
761 2596 998 2708 compensatio.
1023 2621 1119 2685 Unde
1141 2622 1273 2684 lurtum
1294 2619 1506 2702 probabilius

327 2743 398 2791 non
419 2728 602 2792 committit
624 2728 772 2795 creditor
794 2732 851 2814 qui
872 2731 1018 2795 debitori
1040 2732 1151 2794 aufert
1175 2733 1341 2812 quantum
1364 2728 1419 2792 hic
1440 2726 1505 2810 ipsi

327 2829 438 2912 debet,
451 2837 586 2920 quando
600 2837 753 2902 debitum
764 2842 817 2903 est
829 2837 1008 2921 liquidum,
1021 2843 1056 2902 et
1067 2836 1132 2903 alia
1145 2837 1277 2902 rationo
1293 2837 1366 2902 sine
1376 2851 1504 2916 magno

326 2943 544 3009 incommodo
559 2945 703 3011 obtineri
718 2964 789 3011 non
801 2951 932 3030 potest;
949 2953 1065 3012 tamen
1076 2946 1262 3029 requiritur
1277 2945 1380 3010 etiam
1395 2950 1435 3007 ut
1448 2960 1505 3007 au-

325 3048 440 3115 ferens
451 3056 571 3117 caveat
583 3071 626 3118 11
642 3054 684 3118 ab
699 3055 774 3136 ipso
788 3055 844 3118 vel
857 3055 1049 3120 haeredibus
1065 3054 1168 3119 debiti
1184 3053 1398 3136 compensati
1414 3049 1505 3116 solu-

261 3205 264 3212 .
327 3158 373 3222 tio
393 3159 462 3223 ilat.
479 3158 575 3225 Ratio
590 3165 653 3237 est,
675 3161 755 3246 quia
775 3163 904 3226 1111111
922 3163 1147 3228 committitur
1169 3161 1437 3226 contrectatione
1456 3159 1504 3224 rei

326 3265 446 3356 alienae
461 3268 574 3333 animo
595 3268 681 3333 lucri
700 3269 866 3348 lacieudi3
886 3272 981 3354 atqui
994 3273 1029 3336 in
1043 3270 1203 3354 prasenti
1217 3287 1298 3334 casu
1317 3287 1373 3334 rea
1394 3267 1503 3333 aliena

327 3392 397 3438 non
410 3380 640 3442 contrectatur
651 3378 716 3442 hoc
730 3379 857 3454 animo,
882 3380 941 3444 sed
962 3385 1002 3443 ut
1020 3380 1215 3462 acquiratur
1233 3378 1325 3463 quod
1352 3377 1504 3445 debitum

327 3487 389 3546 est.
406 3483 586 3548 1111111111
599 3485 702 3570 aliqui
720 3489 886 3552 committi
900 3489 1045 3566 furtum,
1070 3489 1149 3570 quia
1167 3488 1376 3571 prohibitum
1396 3493 1449 3553 est
1467 3488 1504 3550 ut

328 3589 403 3672 quis
415 3589 450 3652 in
462 3592 598 3674 propria
611 3611 714 3660 causa
726 3613 809 3659 suus
825 3597 869 3659 sit
880 3595 999 3680 judex.

367 3697 396 3776 d)
411 3699 467 3762 An
479 3700 569 3780 sorti
581 3704 715 3766 recessit
733 3722 805 3768 rene
827 3707 988 3789 auferens
1002 3707 1038 3769 in
1056 3703 1277 3770 necessitate?
1290 3703 1503 3784 Distinguen-

327 3806 410 3869 dum
421 3811 474 3870 est
485 3807 574 3873 inter
587 3815 827 3880 necessitatem
839 3833 1068 3892 communem,
1081 3833 1231 3897 gravem,
1247 3819 1437 3878 extremam
1450 3833 1457 3876 :
1469 3813 1502 3875 iu

326 3914 431 3996 priori
445 3932 537 3993 casu,
552 3925 683 3984 certum
699 3928 751 3986 est
764 3924 854 4007 apud
868 3942 989 3988 omnes
1010 3941 1083 3987 rem
1105 3923 1252 3989 11111111
1270 3921 1500 4004 accipientem,

326 4021 435 4088 invito
455 4023 606 4106 dominc,
622 4031 836 4096 committere
854 4032 1008 4110 lurtum;
1034 4033 1110 4097 talis
1129 4031 1314 4097 necessitas
1336 4047 1406 4094 non
1425 4029 1503 4093 facit

327 4147 382 4193 res
394 4147 606 4212 communes,
624 4154 687 4201 neo
702 4137 819 4202 tribuit
828 4141 886 4222 jus
901 4141 936 4204 in
950 4159 986 4205 re
1000 4139 1121 4206 aliena.

278 4325 281 4336 Ι
369 4237 400 4300 1ο
415 4237 448 4302 Si
463 4246 585 4321 agatur
597 4243 638 4307 de
653 4247 855 4312 necessitate
870 4258 1033 4325 entrance,
1048 4253 1181 4313 certum
1191 4253 1244 4311 est
1257 4246 1470 4311 auferentem
1483 4261 1502 4307 a
1621 4260 1622 4289 t

328 4343 409 4408 lurti
421 4344 496 4410 labe
511 4348 701 4416 immunem
717 4372 792 4419 1111
806 4377 813 4418 :
825 4357 861 4418 in
874 4357 939 4421 hoc
952 4375 1044 4431 casu,
1057 4373 1112 4421 ree
1128 4355 1288 4420 ablatatlt
1298 4351 1498 4427 eommunis,

330 4455 365 4514 et
377 4451 425 4515 sic
441 4452 565 4519 desinit
579 4475 654 4522 esse
670 4457 796 4530 aliena:
809 4461 933 4529 deinde
948 4463 1109 4529 dominus
1123 4460 1400 4528 irrationabiliter
1413 4460 1501 4523 esset

329 4557 469 4640 invitus,
487 4580 565 4630 cum
586 4565 755 4649 denegare
776 4575 925 4657 nequeat
939 4572 1030 4657 quod
1049 4573 1124 4655 ipse
1143 4575 1266 4635 natura
1282 4567 1408 4632 tribuit.
1426 4565 1501 4631 flac

330 4670 515 4740 necessitas
525 4674 697 4762 estpotior
705 4676 872 4750 divisione
880 4681 1060 4750 bonorum.
1072 4679 1141 4746 lloc
1150 4675 1422 4767 intelligipotest,
1435 4689 1502 4744 uon
