3404 6584
777 479 829 526 JUS
850 474 1030 526 canonican.

505 653 536 705 ll.
551 653 587 704 De
600 655 725 718 potestate
739 653 878 706 relaxandi
891 655 1111 720 irregularitatem
1125 651 1307 718 dr'speneando.

359 818 393 897 a)
420 815 500 891 Quis
533 813 723 896 generatim
757 817 865 896 possit
895 815 1091 898 dispensare
1121 832 1200 878 cum
1231 809 1496 892 irregularibus?

322 925 350 985 1ο
361 921 499 988 Constat
509 921 541 986 S.
553 921 750 988 Pontificem
764 941 864 1006 posse
879 921 1164 1004 irregularitatem
1180 938 1318 986 omnem
1331 919 1495 984 relaxare.

320 1029 403 1094 Cum
425 1030 518 1094 enim
538 1029 597 1093 illa
616 1035 729 1094 crtum
744 1031 786 1096 ab
800 1029 875 1114 ipso
889 1030 1023 1107 babeat,
1041 1047 1181 1095 necesse
1197 1031 1249 1093 est
1263 1034 1303 1092 ut
1317 1027 1420 1091 etiam
1436 1043 1499 1107 per

252 1204 256 1214 ,
321 1135 480 1202 eumdem
499 1137 569 1201 tolli
585 1139 703 1220 possit.
729 1136 856 1204 Tamen
877 1139 912 1203 in
927 1137 1106 1222 aliquibus,
1127 1136 1295 1202 diitloilins
1311 1133 1496 1218 dispensat,

321 1251 359 1309 ut
372 1246 407 1308 in
421 1241 668 1327 irregularitate
692 1246 860 1326 bigamiae,
878 1245 956 1329 quia
973 1246 1015 1310 ab
1031 1244 1214 1328 apostolice
1229 1243 1409 1307 traditione
1424 1240 1499 1304 des-

320 1351 449 1429 cendit3
465 1351 556 1417 unde
572 1351 728 1436 quadam
744 1352 1011 1434 irregularitates
1026 1352 1090 1417 hoc
1105 1369 1208 1416 sensu
1222 1351 1379 1415 dicuntur
1397 1347 1499 1411 indis-

321 1458 524 1544 pensabiles.
549 1459 609 1522 Vix
632 1458 736 1524 etiam
756 1459 856 1524 datur
877 1459 1085 1542 dispensatio
1105 1460 1147 1524 ab
1165 1459 1222 1523 illa
1244 1477 1318 1542 qnae
1334 1456 1441 1522 oritur
1455 1475 1498 1518 ex

321 1566 503 1634 homicidio
518 1565 721 1643 voluntario,
745 1569 824 1650 quia
838 1587 980 1649 gravem
994 1568 1145 1632 continet
1159 1567 1397 1631 indecentiam.

361 1675 394 1738 qa
414 1673 579 1758 'Episcopo
603 1677 654 1740 fas
671 1693 741 1739 rrorr
760 1679 812 1738 est
832 1674 1029 1758 dispensare
1051 1675 1086 1738 in
1101 1673 1417 1755 irregularitatibns,
1434 1671 1499 1735 nisi

323 1783 357 1848 id
375 1783 439 1867 ipsi
463 1783 654 1867 specialiter
671 1800 874 1848 concessum
890 1783 950 1846 sit:
972 1783 1203 1864 irregularitas
1217 1781 1309 1846 enirn
1324 1787 1375 1844 est
1391 1780 1502 1862 dispo-

324 1891 401 1956 sitio
418 1890 547 1974 dejure
560 1892 734 1957 communi
751 1895 786 1956 et
799 1891 995 1956 universali.
1122 1919 1126 1926 ·

364 2000 395 2062 t·
418 1999 561 2064 Nomine
582 1999 730 2082 episcopi
752 2000 896 2064 veniunt
918 1999 966 2063 illi
988 1999 1136 2082 episcopi
1157 1998 1214 2083 qui
1238 1996 1442 2073 ordinariam
1466 1993 1502 2059 in

325 2107 478 2172 subditos
504 2108 631 2174 habent
654 2104 937 2191 jurisdictionem.
967 2105 1061 2171 Unde
1088 2106 1289 2172 eonomine
1316 2123 1384 2169 non
1408 2103 1504 2168 verrit

325 2215 597 2297 archiepiscopus
620 2219 777 2297 respectu
798 2213 1011 2279 subditorum
1030 2213 1248 2296 suffraganei,
1275 2231 1338 2277 neo
1356 2211 1503 2276 vicarius

326 2323 506 2403 generalis,
523 2323 588 2386 nisi
602 2323 644 2386 ad
654 2322 718 2387 hoc
729 2321 773 2386 sit
785 2322 974 2406 specialiter
982 2322 1174 2406 deputatus,
1186 2321 1314 2405 praelati
1328 2319 1503 2401 regular-es

327 2437 483 2512 respectu
493 2429 732 2512 religiosorum
743 2431 805 2494 sibi
823 2431 1047 2506 subditorum,
1065 2431 1143 2514 quia
1157 2448 1227 2494 non
1240 2430 1368 2493 hebent
1384 2428 1504 2492 dimoe-

327 2539 402 2601 sim.
428 2537 493 2602 Sed
514 2538 652 2602 nomine
669 2539 817 2622 episcopi
832 2539 928 2603 verrit
947 2540 1019 2604 sive
1034 2536 1230 2622 capitulum,
1248 2538 1328 2602 sede
1350 2542 1503 2611 vacante,

328 2646 399 2710 sive
413 2645 552 2710 abbates
568 2649 603 2708 et
615 2645 744 2729 prelati
759 2645 886 2710 nullius
902 2645 1068 2710 dioecesis.

367 2753 399 2816 2⁰
414 2751 491 2818 Haec
505 2757 657 2836 potestas
673 2759 725 2819 est
739 2771 902 2819 concessa
913 2773 975 2837 pro
990 2754 1124 2818 casibus
1140 2753 1372 2837 sequentibus.
1388 2754 1505 2830 Quoad

328 2861 595 2942 irregularitates
610 2881 651 2926 err
665 2862 810 2944 defectu,
828 2880 933 2945 penes
953 2863 1130 2946 episcopos
1148 2868 1199 2928 est
1218 2862 1413 2944 dispensare
1428 2879 1506 2924 oum

328 2968 514 3050 illegitimis
538 2971 579 3035 ad
605 2970 838 3053 suscipiendos
863 2970 1000 3036 ordines
1023 2972 1173 3036 minores
1195 2975 1230 3034 et
1252 2970 1305 3058 ad¹
1322 2969 1507 3034 obtinenda

328 3077 493 3142 benotlcia
515 3079 637 3161 quibus
651 3095 732 3142 cura
748 3078 939 3142 animarum
962 3096 1097 3144 annexa
1116 3097 1185 3143 non
1201 3083 1263 3156 est,
1278 3097 1411 3144 necnon
1427 3095 1508 3141 cum

330 3185 599 3251 similitudinarie
613 3185 767 3267 bigamis,
781 3186 823 3250 ad
835 3186 971 3251 ordines
982 3204 1227 3271 quoscumque,
1239 3193 1312 3250 tum
1325 3186 1508 3269 suscipien-

332 3291 404 3369 dos,
420 3298 492 3356 tum
507 3292 727 3359 exercendos.

372 3400 488 3478 Quoad
498 3401 815 3483 irregularitateser
824 3401 955 3480 delicto,
968 3421 1061 3469 cono.
1070 3402 1157 3467 Trid.
1167 3405 1205 3486 (ε.
1218 3403 1304 3480 ito.
1320 3404 1350 3480 6,
1362 3403 1403 3466 de
1418 3401 1509 3484 Res.)

334 3513 542 3591 potestatem
567 3509 734 3594 episcopis
754 3510 847 3575 dedit
871 3509 1101 3594 dispensandi,
1122 3509 1259 3594 quando
1274 3509 1507 3591 irregularitas

333 3617 490 3697 provenit
510 3635 554 3681 ex
569 3617 691 3682 delicto
716 3617 847 3683 occulto
862 3623 897 3681 et
912 3618 955 3682 ad
969 3620 1083 3684 forum
1096 3619 1350 3684 contentiosum
1367 3635 1435 3683 non
1452 3616 1510 3680 de·

335 3722 447 3799 ducto,
464 3728 606 3806 excepta
619 3723 677 3789 illa
691 3744 766 3808 quae
783 3725 891 3812 oritur
905 3743 948 3790 ex
961 3725 1144 3790 homicidio
1155 3726 1359 3792 voluntario.
1374 3722 1479 3799 Unde,

376 3831 406 3914 d)
427 3829 606 3913 speciatim
628 3833 801 3914 agendum
827 3833 869 3898 de
895 3837 1062 3917 potestate
1087 3834 1252 3918 episcopis
1280 3833 1359 3898 data
1384 3833 1418 3896 in
1446 3833 1511 3896 hoc

335 3938 444 4020 capite
459 3936 591 4002 concilii
606 3937 802 4004 Tridentini.
820 3941 853 4004 1ο
866 3939 904 4004 ln
917 3939 981 4004 hac
995 3940 1118 4005 celebri
1134 3940 1372 4017 declaratione,
1390 3939 1512 4004 dicitur

338 4065 404 4110 «ex
416 4044 538 4110 delicto
552 4046 683 4112 occulto
696 4071 723 4111 n.
742 4047 807 4112 Sed
820 4047 929 4131 qualis
949 4053 1044 4114 actus
1063 4055 1242 4115 censeatur
1256 4049 1419 4124 occultus,
1441 4065 1510 4112 non

336 4155 547 4220 conveniunt
561 4154 734 4232 doctorem
751 4155 807 4221 alii
821 4157 912 4220 enim
928 4157 1139 4222 contendunt
1153 4157 1188 4222 id
1199 4157 1368 4223 occultum
1382 4173 1511 4220 nuncu-

337 4263 410 4346 pari
426 4261 518 4347 quod
532 4261 626 4328 nullo
640 4264 729 4328 tacto
744 4263 878 4346 probari
894 4269 1017 4346 potest,
1030 4266 1120 4331 unde
1135 4265 1305 4331 occultum
1320 4264 1410 4330 idem
1422 4269 1513 4329 esset

338 4387 378 4435 ac
398 4388 468 4434 non
490 4370 675 4452 probabile,
699 4389 769 4435 seu.
782 4371 874 4454 quod
896 4371 1142 4438 sufficientibus
1163 4373 1419 4458 probationibus
1441 4391 1511 4436 non

340 4477 547 4552 ostenditur;
570 4478 617 4542 sio
634 4479 805 4542 famosum
822 4484 939 4560 posset
957 4499 1032 4545 esse
1050 4481 1231 4547 occultum.
1251 4481 1300 4547 lta
1318 4479 1508 4563 Fagnanus,

341 4584 376 4648 in
391 4602 419 4648 o.
443 4584 568 4660 Vestra,
586 4585 627 4650 de
642 4585 787 4650 cohabit.
803 4585 882 4650 cler.
899 4591 933 4652 et
946 4589 1093 4665 mulier„
1110 4609 1143 4653 n.
1161 4591 1231 4666 151,
1249 4607 1342 4674 seqq.
