3482 5560
332 662 414 706 sanis
435 659 622 707 arosronrca
644 661 823 708 mcuunrrn
844 662 930 710 cisoa
950 663 1173 710 urraumrrrmr.
1276 650 1336 714 Μ

165 795 238 854 pum
252 775 434 853 pragensem
447 777 495 838 die
510 780 539 836 ll
551 777 620 852 iulii
636 779 705 834 tres
719 777 886 852 rescripsit,
902 779 998 838 solam
1015 782 1156 858 conjugis
1171 783 1336 846 absentiam

102 939 106 948 Ι
165 875 253 942 atque
272 867 478 926 omnimodum
493 867 627 941 ejusdem
643 865 797 926 silentium
811 867 888 928 rutis
903 877 1115 944 argumentum
1138 887 1200 932 aen
1215 890 1280 934 erse
1298 877 1339 938 ad

164 964 290 1020 mortem
305 955 565 1031 comprobandam,
580 961 692 1015 netum
708 957 830 1031 quidem
845 973 914 1018 cum
934 959 1032 1019 edicto
1055 963 1139 1037 regio
1153 964 1264 1038 conjnx
1286 967 1339 1026 ab·

166 1061 238 1108 sens
254 1053 395 1106 evocatus
413 1046 562 1121 (idemque
580 1059 668 1120 porro
684 1045 846 1106 dicendum
865 1055 923 1118 est,
938 1049 964 1108 si
980 1065 1033 1122 per
1047 1051 1184 1124 publicas
1200 1054 1337 1128 epheme-

165 1136 245 1196 rides
260 1135 290 1194 id
306 1136 417 1194 lactum
432 1135 482 1208 sit)
501 1135 617 1193 nullum
633 1135 745 1194 suimet
764 1135 909 1196 iodicium
933 1137 1057 1197 dederit.
1077 1139 1161 1212 Quod
1183 1143 1263 1202 caim
1277 1160 1339 1205 neu

165 1225 377 1298 comparuerit,
391 1225 470 1283 idem
483 1224 526 1283 ait
538 1223 688 1294 Pontifex,
702 1239 763 1284 noc
776 1225 874 1300 magis
898 1240 980 1286 mors
992 1228 1025 1287 in
1039 1243 1132 1289 causo
1147 1245 1211 1290 esee
1228 1233 1337 1305 potate,

166 1331 256 1390 quam
267 1315 333 1388 ejus
344 1315 542 1374 contumacia.

202 1411 229 1464 a.
253 1405 328 1466 ilinc
347 1405 383 1463 ad
402 1406 611 1479 proscriptum
626 1407 800 1467 eorumdem
817 1423 972 1470 sacrorum
994 1424 1156 1483 canonum,
1178 1414 1340 1474 documen·

167 1505 231 1557 tum
246 1497 451 1555 authenticum
467 1495 568 1556 obitus
577 1495 716 1572 diligenti
725 1498 826 1556 studio
841 1499 958 1573 exquiri
974 1500 1098 1560 omnino
1118 1502 1215 1575 debet,
1238 1520 1340 1564 exara·

168 1595 229 1648 tum
242 1586 357 1646 scilicet
367 1601 404 1644 ex
418 1587 546 1662 regestis
556 1587 705 1660 paroecire,
718 1589 765 1647 vel
779 1589 970 1661 xenodochii,
986 1591 1032 1650 vel
1044 1589 1169 1664 militia,
1180 1594 1226 1652 vel
1239 1595 1339 1667 etiam,

168 1680 194 1738 si
209 1677 311 1737 baberi
323 1683 451 1750 nequeat
465 1677 688 1737 abauctoritate
701 1677 916 1751 ecclesiastica,
929 1695 946 1738 a
961 1680 1107 1755 gubernio
1127 1681 1207 1741 civili
1225 1681 1284 1743 loci
1307 1686 1339 1744 in

168 1785 239 1842 quo,
256 1773 289 1826 ut
300 1766 491 1840 supponitur,
509 1781 640 1840 persona
653 1765 770 1825 obierit.

202 1862 230 1916 3.
247 1861 338 1916 Porro
348 1855 529 1930 quandoque
543 1855 599 1915 boc
614 1855 828 1916 documentum
843 1857 946 1916 baberi
968 1859 1095 1933 nequit;
1115 1875 1176 1934 quo
1198 1876 1269 1922 casu
1285 1867 1343 1924 tes-

168 1947 243 2006 tium
258 1945 500 2020 depositionibus
529 1945 731 2020 supplcndum
758 1947 823 2004 erit.
843 1951 947 2006 Testes
970 1963 1041 2007 vero
1064 1949 1125 2008 duo
1146 1951 1253 2010 saltem
1273 1965 1342 2012 esse

167 2035 286 2105 debent,
299 2033 402 2109 jurati,
416 2035 473 2093 lide
485 2035 582 2110 digni,
592 2042 622 2094 et
633 2035 686 2110 qui
700 2036 737 2095 de
753 2037 830 2095 lacto
845 2037 966 2110 proprio
981 2038 1142 2111 deponant,
1166 2040 1342 2100 defunctum

165 2127 371 2200 cognoverint,
386 2141 421 2184 ac
436 2125 496 2184 sint
511 2125 589 2184 inter
599 2141 632 2186 se
646 2127 811 2186 concordes
821 2128 919 2200 quoad
935 2128 1033 2186 locum
1045 2133 1208 2190 etecusam
1227 2131 1339 2204 obitus,

166 2215 301 2288 aliasque
321 2214 538 2274 substantiales
559 2215 814 2275 circumstantias.
840 2217 896 2287 Qui
922 2217 1047 2290 insuper
1068 2219 1094 2276 si
1119 2219 1252 2278 defuncti
1278 2235 1344 2294 pro
1432 2213 1435 2220 ⁴

165 2303 270 2377 pinqui
291 2304 364 2374 sint,
384 2309 436 2363 aut
453 2305 527 2363 socii
547 2305 677 2377 itineris,
697 2305 864 2376 industriae,
881 2307 928 2364 vel
945 2307 1036 2364 etiam
1053 2307 1178 2380 militia,
1194 2324 1229 2367 eo
1247 2311 1345 2386 magis

166 2391 288 2464 plurimi
301 2392 472 2453 laciendum
487 2394 544 2453 erit
558 2393 679 2454 illorum
694 2395 912 2455 testimonium.

200 2482 1345 2559 l.lnterdumunicustantumtestisexaminandusreperitur,etlicetabomni

163 2571 231 2644 jure
246 2572 454 2632 testimonium
469 2575 563 2634 unius
577 2575 613 2633 ed
630 2574 716 2648 plene
732 2575 919 2648 probandum
935 2591 994 2634 non
1012 2577 1197 2649 admittatur,
1213 2567 1343 2638 attamen

165 2675 203 2720 ne
217 2661 329 2735 coniux
342 2663 417 2722 alias
433 2665 555 2738 nuptias
571 2663 646 2724 inire
662 2671 835 2739 peroptans,
847 2667 936 2725 vitam
951 2665 1087 2726 caelibem
1103 2683 1192 2743 agere
1206 2674 1343 2744 cogatur,

166 2751 254 2812 ctiam
271 2754 364 2813 unius
379 2755 585 2817 testimonium
601 2757 738 2816 absolute
761 2771 821 2816 non
845 2757 963 2830 respuit
982 2771 1124 2832 suprema
1144 2759 1343 2835 congregatio

166 2841 197 2900 in
212 2842 389 2903 dirimendis
406 2845 581 2919 huiusmodi
596 2847 729 2918 casibus,
746 2846 910 2906 dummodo
925 2846 975 2906 ille
992 2848 1079 2906 testis
1102 2849 1260 2908 recensitis
1276 2864 1345 2908 con-

166 2931 332 2992 ditionibus
357 2933 397 2992 sit
421 2935 576 3008 praeditus,
598 2935 674 2994 nulli
688 2935 858 3008 exceptioni
883 2935 1096 3004 obnoxiosae
1118 2943 1259 3009 praterea
1276 2939 1343 3012 ejus

166 3023 314 3097 depositio
332 3024 401 3083 aliis
423 3025 626 3099 gravibusque
646 3025 840 3084 adminiculis
861 3025 1019 3094 tricinium
1046 3025 1132 3098 sique
1153 3027 1212 3084 alia
1232 3029 1343 3086 extrin-

167 3128 235 3173 seca
250 3115 433 3175 adminicula
446 3115 547 3191 colligi
562 3117 686 3175 omnino
702 3121 864 3188 nequeant,
878 3115 935 3174 boc
954 3121 1053 3174 tamen
1069 3121 1184 3174 certum
1203 3117 1254 3188 sit,
1270 3116 1343 3175 nihil

166 3203 196 3264 iu
226 3205 292 3279 ejus
316 3205 487 3264 testimonio
510 3205 646 3278 reperiri,
661 3205 751 3278 -quod
774 3221 834 3264 non
855 3206 897 3264 sit
918 3219 1087 3281 congruum
1110 3211 1201 3279 atque
1220 3205 1344 3263 omnino

165 3297 340 3356 verisimile.
477 3343 480 3348 .

202 3393 229 3446 lt.
251 3387 405 3462 Contingit
424 3387 514 3446 etiam
537 3392 571 3446 ut
589 3389 681 3446 testes
705 3385 878 3444 omnimoda
897 3385 955 3444 lide
971 3383 1056 3460 digni
1085 3383 1293 3455 testificentur,
1310 3399 1343 3444 so

167 3483 299 3550 tempore
314 3491 374 3536 non
389 3483 532 3551 suspecto
547 3481 673 3536 mertem
686 3475 828 3550 conjugis
842 3491 879 3534 ex
902 3475 1030 3534 aliorum
1055 3473 1245 3532 attestatione
1261 3473 1344 3533 audi·

166 3564 256 3636 visse,
278 3565 328 3625 isti
349 3571 458 3636 autem,
474 3565 520 3624 vel
544 3565 618 3639 quia
635 3565 786 3634 absentes,
811 3565 867 3624 rel¹
882 3565 954 3640 quia
979 3563 1117 3635 obierint,
1132 3563 1179 3621 vel
1200 3562 1288 3622 aliam
1303 3563 1343 3622 ob

167 3669 388 3730 quamcumque
402 3655 610 3715 rationabilem
622 3670 746 3714 causam
758 3655 924 3714 examinari
937 3659 1087 3727 nequeant
1101 3671 1107 3722 ;
1123 3658 1197 3710 tunc
1210 3651 1290 3710 dicta
1301 3667 1338 3711 ex

167 3743 264 3804 alieno
279 3758 345 3814 ore,
368 3749 518 3818 quatenus
539 3744 682 3804 omnibus
710 3743 778 3802 aliis
801 3745 832 3802 in
852 3757 925 3803 casu
945 3741 1195 3802 concurrentibus
1214 3741 1341 3800 circum-

167 3833 298 3904 stantiis,
311 3833 718 3908 autsaltemurgcotiorihus‚
730 3835 940 3907 respondeant,
951 3833 1025 3892 satis
1037 3845 1105 3891 esse
1116 3829 1278 3890 censentur
1288 3845 1341 3904 pro
1384 3871 1389 3886 ,

168 3927 278 3980 secutas
292 3923 397 3981 mortis
413 3923 552 3996 prudenti
564 3923 689 3997 judicio.

202 4013 228 4068 6.
237 4014 357 4083 Verum,
370 4011 449 4071 haud
465 4013 558 4072 semel
573 4012 756 4087 experientia
766 4016 952 4085 compertum
961 4011 1177 4084 habeturquod
1191 4023 1246 4068 uec
1259 4023 1340 4068 unus

167 4101 287 4174 quidem
302 4102 467 4174 reperiatur
480 4103 565 4164 testis
580 4103 678 4176 qualis
693 4117 786 4175 supra
799 4101 974 4161 adstruitur.
991 4103 1050 4158 lloc
1066 4100 1097 4158 in
1118 4114 1190 4160 casu
1206 4099 1341 4173 probatio

166 4187 268 4249 obitus
285 4205 321 4248 cx
336 4192 530 4265 conjecturis,
545 4191 843 4264 presumptionibus,
861 4189 982 4249 indiciis
997 4194 1027 4248 et
1047 4187 1200 4263 adjunctis
1215 4187 1341 4261 quibus·

167 4293 306 4353 cumque,
323 4280 428 4339 sedula
442 4286 521 4338 certe
534 4285 563 4338 et
577 4280 739 4339 admodum
754 4284 842 4339 cauta
862 4279 1093 4354 investigatione
1112 4276 1245 4336 curanda
1266 4275 1340 4346 erit;

167 4369 209 4428 ita
224 4368 420 4432 nimirumui
431 4368 569 4442 pluribus
584 4369 654 4428 binc
664 4369 1057 4441 indecollcctiS,eorumque
1068 4371 1174 4426 natura
1184 4380 1342 4439 perpensa,

168 4466 256 4532 prout
273 4458 388 4518 scilicet
405 4459 581 4534 urgentiora
594 4460 640 4518 vcl
655 4459 766 4519 leviora
782 4466 864 4531 sunt,
882 4475 937 4518 seu
958 4457 1096 4532 propiore
1115 4456 1162 4514 vel
1184 4455 1342 4514 remotiore

168 4563 248 4608 nexu
263 4563 332 4608 cunr
346 4547 468 4608 veritate
483 4549 587 4609 mortis
601 4548 838 4624 conjunguntur,
864 4549 934 4608 inde
950 4547 1108 4621 ,prudentis
1122 4545 1180 4608 viri
1191 4545 1341 4619 judicium

168 4636 204 4695 ad
223 4637 356 4696 eamdem
376 4643 502 4696 mortem
529 4639 735 4698 affirmandam
755 4639 963 4714 probabilitate
986 4636 1126 4706 maxima,
1157 4650 1210 4693 seu
1235 4633 1340 4693 morali

168 4725 344 4786 certitudine
355 4728 519 4800 permoveri
535 4729 643 4803 possit.
659 4732 845 4804 Quapropter
861 4728 1054 4802 quandonam
1074 4725 1105 4784 in
1118 4723 1249 4798 singulis
1264 4725 1341 4782 casi—
1398 4721 1403 4736 '

168 4815 226 4877 bus
240 4815 384 4880 habeatur
394 4835 430 4880 ex
439 4817 614 4892 hujusmodi
621 4819 802 4894 conjecturis
816 4819 907 4884 simul
918 4815 1089 4894 coniunctis
1101 4815 1184 4890 justa
1193 4813 1339 4892 probatio,
