3412 5570
486 709 575 756 arnan
597 711 723 765 oumrus
743 671 966 758 1111111111.
1254 695 1315 760 469

143 833 320 898 ordinibus
337 831 401 895 rite
420 833 586 914 susceptis
603 833 670 896 :ite
689 831 804 915 plures
823 837 941 897 contra
963 830 1089 896 multos
1109 831 1209 909 alios;
1230 833 1315 897 ratio

143 947 205 1018 est,
223 940 302 1024 quia
318 940 354 1003 in
368 939 511 1004 materia
525 939 650 1022 poeneli
665 939 844 1004 adhibetur
858 940 1007 1022 benigna
1020 941 1265 1024 inte1pretatio.

183 1049 342 1132 Sequitur
367 1048 459 1132 quod
490 1048 669 1131 suspensio
697 1047 755 1112 illa
779 1046 946 1131 triplicem
975 1048 1100 1112 habeat
1122 1047 1314 1114 effectum:

142 1159 174 1222 1ο
188 1157 318 1221 inducit
343 1155 627 1238 impedimentum
647 1161 805 1238 respe'ctu
827 1155 955 1220 ordinis
974 1156 1016 1221 ad
1036 1173 1140 1240 quem
1158 1157 1247 1222 iacta
1265 1161 1317 1222 est

142 1264 218 1330 talis
228 1264 398 1348 promotio
409 1283 416 1339 3
429 1263 462 1326 2⁰
472 1261 614 1346 impedit
623 1281 666 1327 11
679 1241 739 1328 ilat
751 1263 899 1328 accessio
911 1261 952 1326 ad
961 1262 1153 1346 superiores
1166 1262 1315 1342 ordines,

142 1379 177 1436 et
187 1370 368 1436 1111111111ο
378 1369 507 1434 inducit
517 1368 661 1452 speciale
673 1368 955 1451 impedimentum
966 1370 1077 1454 quoad
1088 1370 1224 1436 ordines
1234 1389 1317 1455 prae-
1333 1343 1359 1378 '⁰

142 1479 328 1554 termissos,
345 1481 384 1542 ut
394 1495 464 1542 non
475 1477 607 1559 possint
621 1477 746 1560 suscipi
757 1477 830 1542 sine
845 1477 1109 1561 dispensatione.
1126 1477 1176 1543 lta
1193 1496 1315 1544 omnes

142 1607 185 1651 ex
196 1586 330 1671 juribus
345 1602 447 1669 supra
460 1584 581 1660 citatis,
599 1585 721 1670 quibus
737 1603 808 1651 non
827 1586 932 1652 ciflcit
947 1588 1005 1670 jus
1027 1604 1157 1651 novum
1178 1586 1313 1652 constit.

140 1694 339 1778 Apostoliese
353 1693 462 1758 Sedis.

180 1802 291 1886 Aliqui
306 1802 513 1878 dubitarunt,
529 1819 573 1866 an
591 1805 769 1884 promotus
786 1802 830 1868 ad
847 1801 984 1869 ordines
1003 1802 1154 1866 minores
1170 1807 1249 1867 ante
1264 1823 1316 1869 re-

140 1916 278 1995 ceptum
299 1913 551 1974 sacramentum
572 1911 850 1988 confirmationis,
871 1910 1022 1976 incurrat
1042 1911 1315 1994 suspensionem,

140 2019 283 2101 paritate
312 2016 392 2082 deta
420 2018 631 2100 cumprime
657 2022 808 2082 tonsura.
837 2017 902 2082 Sed
929 2019 1098 2084 sententia
1122 2020 1315 2083 communis

141 2129 254 2206 negat,
271 2142 350 2189 cum
364 2123 484 2188 nullibi
498 2124 622 2208 injure
638 2125 737 2190 detur
749 2125 825 2190 talis
839 2145 951 2209 poena,
973 2127 1043 2191 imo
1065 2127 1147 2190 satis
1161 2127 1316 2210 probabi-

140 2231 219 2298 liter
231 2233 363 2298 censeri
376 2233 484 2317 possit
498 2233 534 2297 in
548 2235 613 2299 hoc
628 2252 698 2299 non
711 2252 786 2300 esse
799 2239 976 2318 peccatum
989 2234 1144 2300 mortale.

180 2341 212 2404 2⁰
235 2341 414 2406 Promotus
437 2359 499 2424 per
513 2341 638 2406 saltum
658 2361 728 2407 non
749 2343 944 2407 incurrebat
964 2341 1250 2425 irregularitatem
1271 2345 1315 2409 cb

141 2448 362 2513 violationem
384 2466 547 2526 censurae,
571 2449 636 2514 nisi
659 2450 887 2515 ministrasset
908 2454 1037 2515 temere
1063 2450 1099 2514 in
1122 2450 1241 2516 ordine
1267 2452 1316 2515 sic

141 2560 314 2640 suscepto;
330 2557 416 2623 ratio
426 2561 488 2633 est,
504 2557 583 2640 quia
596 2557 691 2621 nulle
703 2561 781 2642 jure
794 2558 859 2623 hcc
873 2577 1075 2642 expressum
1089 2563 1176 2634 erat;
1192 2558 1314 2624 deinde

140 2682 233 2728 conc.
248 2663 337 2728 Trid.
354 2665 520 2747 permittit
534 2669 573 2729 111
585 2665 765 2749 episcopus
779 2667 887 2748 possit
899 2665 1097 2750 dispensare
1110 2683 1188 2730 cum
1202 2665 1315 2730 taliter

139 2771 317 2855 promotis,
343 2796 359 2830 «
380 2772 407 2834 si
433 2790 504 2836 non
529 2773 766 2838 ministrarunt
788 2797 803 2830 11
816 2793 823 2848 ;
836 2771 950 2855 'igitur
969 2773 1062 2837 nulla
1079 2773 1316 2837 incurrebatur

139 2878 380 2960 irregularitas.
399 2877 573 2944 Sedhodie
586 2885 983 2945 nonremanetcensura.
999 2879 1136 2955 Tamen,
1155 2880 1314 2964 quianon

140 2987 268 3051 tollitur
282 2987 472 3069 suspensio,
490 2991 657 3074 quatenus
674 2987 818 3070 simplex
833 2986 1037 3065 inhabilitas,
1053 2987 1207 3071 sequitur
1223 2987 1313 3070 quod

140 3093 251 3158 elerici
267 3093 314 3157 sic
329 3094 488 3177 promoti,
505 3095 534 3158 si
549 3094 817 3158 ministraverint
830 3095 866 3158 in
880 3094 999 3160 ordine
1013 3113 1076 3177 per
1095 3093 1220 3160 saltum
1241 3111 1315 3157 sus·

141 3205 250 3282 cepto,
276 3204 336 3265 aut
359 3200 387 3264 si
408 3201 451 3266 ad
474 3201 686 3284 superiorem
710 3201 865 3267 ordinem
888 3202 1110 3278 accesserint,
1134 3205 1315 3285 peccarent

140 3307 289 3391 graviter
301 3307 439 3390 (Pater,
456 3309 478 3372 1.
495 3326 535 3383 c,
551 3327 585 3372 1.
601 3308 684 3392 tot).

419 3501 462 3550 111.
474 3498 599 3551 Potestas
615 3497 798 3565 dispensandi
813 3497 912 3550 1111111
928 3497 1028 3561 poents.

181 3644 212 3707 l·
225 3643 263 3707 ln
276 3643 500 3727 suspensione
516 3642 712 3724 dispensare
733 3647 846 3728 potest
864 3643 1054 3726 episcopus,
1077 3641 1212 3726 quando
1227 3640 1314 3706 crdi-

141 3755 241 3832 natus
263 3769 324 3835 per
346 3750 470 3815 saltum
492 3768 562 3815 non
584 3751 789 3816 ministravit
809 3751 845 3814 in
860 3750 978 3814 ordine
993 3750 1040 3813 111
1055 3751 1230 3832 suscepto:
1249 3749 1314 3814 hoc

140 3877 262 3923 verum
281 3863 343 3935 est,
362 3860 434 3922 sive
449 3863 570 3940 agatur
585 3858 627 3923 de
642 3877 683 3924 eo
707 3859 765 3942 qui
783 3859 982 3940 ignoranter
1005 3857 1153 3941 suscepit
1176 3856 1313 3922 ordines

140 3986 202 4052 per
225 3967 360 4041 saltum,
384 3968 455 4032 sive
475 3967 722 4050 dispensandus
743 3967 787 4031 sit
809 3967 866 4050 qui
892 3965 1038 4032 scienter
1050 3965 1115 4030 suit
1135 3969 1313 4048 promotus

140 4095 201 4160 per
220 4075 345 4141 saltum
362 4096 369 4138 :
390 4079 524 4140 constat
546 4075 658 4159 quoad
679 4079 858 4158 utramque
879 4078 1011 4157 partem
1031 4091 1074 4137 ex
1095 4071 1311 4148 oenatria,

142 4183 232 4268 quod
244 4183 339 4266 (sess.
355 4181 406 4258 13,
420 4199 449 4246 c.
464 4181 513 4257 14,
529 4179 667 4264 deltos.)
678 4181 758 4245 dicit
777 4180 850 4245 sine
863 4180 1099 4246 distinctione:
1117 4177 1224 4242 «Cum
1237 4195 1314 4261 prc-

142 4291 244 4356 motis
270 4308 331 4375 per
356 4289 492 4364 saltum,
520 4289 549 4352 si
573 4307 642 4352 non
666 4289 946 4366 ministraverint,
973 4307 1013 4352 er
1035 4287 1189 4369 legitima
1211 4303 1316 4350 causa

142 4399 321 4482 episcopus
342 4396 538 4480 dispensare
552 4395 669 4478 possit.
687 4419 703 4454 1
719 4394 866 4460 (loliatcr
879 4395 1059 4460 Patavinus
1076 4412 1177 4477 supra
1190 4393 1314 4458 citatus
1358 4453 1360 4458 .

141 4509 254 4574 varies
272 4507 400 4590 profert
414 4507 570 4569 auctores
594 4504 652 4588 qui
670 4504 794 4568 docent
814 4505 856 4569 ab
875 4504 938 4569 hac
959 4503 1184 4586 suspensione
1203 4502 1315 4566 incur·

142 4615 249 4680 rende
263 4632 332 4680 non
346 4611 501 4678 excusari
514 4612 723 4692 ignorantes.

182 4722 308 4788 Tamen
335 4722 513 4805 episeopus
537 4718 733 4803 dispensare
754 4721 882 4804 nequit,
908 4720 979 4784 sive
1001 4723 1040 4784 ut
1064 4719 1112 4783 sic
1136 4722 1314 4803 promotus

144 4831 305 4896 ascendat
329 4830 372 4896 ad
402 4829 593 4916 superiores
618 4826 766 4905 ordines,
792 4833 976 4915 antequem
1004 4827 1141 4893 ordines
1168 4827 1313 4894 omissos
