3514 5564
360 563 419 628 tto
818 582 867 628 sus
888 579 1065 628 canonicus.

360 698 489 758 matrim.
513 704 592 771 rato,
617 699 697 758 sicut
719 696 834 758 deiide
860 702 907 756 est
929 696 1002 756 illud
1032 683 1107 756 solvi
1138 713 1188 772 per
1216 697 1434 772 professionem
1464 699 1531 760 reli·

360 803 486 866 grosam.

467 937 509 1025 ΙΙΙ.
534 974 575 1026 An
598 973 744 1026 vinculum
767 973 943 1026 matrimonii
966 971 1156 1026 consummati
1179 971 1293 1024 dissolvi
1313 971 1422 1036 possit?

398 1128 497 1211 Resp.
515 1128 544 1191 Ι.
557 1127 806 1192 Matrimonium
821 1132 1097 1192 consummatum
1109 1125 1262 1192 'fidelium
1277 1126 1369 1191 nulla
1381 1127 1415 1191 in
1433 1129 1529 1192 terris

356 1239 523 1319 potestate
538 1234 679 1301 dissolvi
699 1239 812 1318 potest
829 1255 836 1297 :
852 1235 899 1299 ita
922 1252 1043 1300 omnes
1068 1233 1190 1300 cathol.
1209 1252 1252 1298 ex
1272 1234 1385 1299 verbis
1409 1235 1529 1300 Christi

355 1341 483 1420 Matth,
497 1345 613 1418 x1x‚ti:
627 1369 642 1402 «
654 1343 751 1420 Quod
761 1343 850 1408 Deus
861 1343 1049 1426 conjunxit,
1061 1343 1164 1408 homo
1176 1359 1246 1407 non
1260 1347 1411 1426 separet;
1425 1367 1440 1401 a
1453 1362 1528 1426 quae

355 1453 461 1517 verha
482 1450 594 1536 quoad
618 1450 851 1516 omnimodam
876 1449 1184 1515 indissolubitatem
1207 1449 1427 1532 intelligenda
1450 1456 1531 1515 sunt

357 1559 398 1624 de
414 1558 632 1624 matrimonio
654 1557 806 1623 fidelium
824 1561 1072 1633 consummato,
1090 1562 1127 1620 ut
1142 1557 1241 1622 docet
1266 1557 1361 1622 Alex.
1381 1556 1434 1635 ΙΙΙ,
1451 1577 1479 1624 o.
1496 1560 1527 1637 7,

355 1667 391 1730 in
407 1665 479 1742 lim,
497 1665 538 1730 de
554 1665 710 1731 Comoers.
725 1665 873 1749 conjnp,
891 1670 925 1730 et
939 1664 1053 1730 Patres
1069 1665 1208 1749 passim.
1227 1664 1342 1730 Unde:
1365 1666 1397 1729 Ιο
1415 1669 1530 1732 vinou-

277 1813 279 1818 -
354 1773 428 1836 lum
444 1773 591 1838 matrim.
608 1773 836 1838 consummati
851 1791 920 1838 non
931 1771 1075 1837 solvitur
1091 1789 1250 1836 excausa
1264 1774 1530 1840 molestaeooha-

357 1882 541 1957 bitationis,
557 1883 708 1959 haeresis,
733 1883 896 1948 absentiae
925 1872 1064 1946 alterius
1091 1881 1263 1966 conjugis,
1283 1881 1450 1959 adulterii,
1474 1885 1530 1950 vel

354 1988 421 2054 alia
436 1989 536 2054 simili
554 2010 560 2052 :
577 1990 625 2054 ita
648 1988 766 2054 dessnit
785 1989 946 2067 Trident,
965 2008 1048 2054 sess.
1070 1989 1124 2066 ΙΙ,
1143 2007 1216 2054 can.
1237 1991 1306 2055 det
1320 1993 1349 2068 7,
1369 1991 1528 2075 idemque

354 2098 477 2164 docent
497 2099 628 2182 antiqui
645 2117 795 2164 canones
816 2099 851 2162 in
873 2116 976 2164 causa
996 2099 1046 2174 32,
1068 2118 1100 2182 q.
1123 2099 1142 2162 6
1165 2102 1199 2162 et
1219 2101 1236 2161 Ι
1259 2117 1320 2182 per
1344 2103 1422 2175 tot.;
1449 2119 1529 2166 nam

353 2206 503 2271 Christus
513 2207 601 2272 clare
613 2207 691 2292 dicit
703 2208 824 2288 (Marc,
834 2228 864 2283 x,
879 2208 926 2289 ll)
941 2228 947 2270 :
961 2231 976 2264 a
989 2207 1200 2290 Quicumque
1211 2206 1528 2275 dimiseritusorem

353 2334 452 2380 suam
470 2319 506 2380 et
523 2315 624 2380 aliam
649 2316 793 2390 duxerit,
820 2314 1025 2381 adulterium
1037 2315 1219 2380 committit
1234 2333 1336 2398 snper
1351 2334 1437 2392 eam,
1456 2342 1471 2374 »
1496 2322 1530 2382 et

354 2425 455 2506 (Luc,
474 2443 536 2499 xvr,
556 2425 606 2506 ΙΙ)
623 2444 630 2486 :
646 2449 661 2482 «
678 2423 795 2488 Omnis
818 2425 875 2508 qui
892 2423 1030 2488 dimittit
1048 2441 1192 2488 uxorem
1206 2441 1315 2499 suern,
1333 2429 1364 2488 et
1386 2423 1528 2490 alteram
1550 2425 1556 2436 '

353 2530 454 2608 ducit,
467 2533 666 2610 moechatur,
680 2557 695 2590 a
705 2535 739 2596 et
749 2531 773 2614 (Ι
784 2531 871 2608 Con,
881 2551 934 2608 vn,
944 2533 994 2613 lo)
1012 2552 1046 2594 :«
1061 2531 1118 2594 llis
1127 2531 1184 2615 qui
1193 2532 1410 2598 matrimonio
1418 2534 1529 2616 juncti

354 2645 447 2718 sunt,
461 2640 620 2724 praecipio
636 2657 705 2704 non
722 2657 797 2722 ego,
816 2639 876 2704 sed
891 2640 1066 2716 Dominus,
1084 2657 1227 2704 uxorem
1246 2641 1352 2705 aviro
1368 2659 1438 2706 non
1462 2641 1528 2706 dis-

354 2750 474 2815 cedere
492 2769 499 2812 ε
518 2749 651 2834 quodsi
672 2749 874 2830 discesserit,
893 2776 908 2808 »
924 2754 1005 2833 puta
1020 2769 1062 2814 ex
1074 2751 1174 2833 juxta
1195 2768 1308 2828 cansa,
1324 2770 1358 2814 v.
1375 2771 1407 2834 g.
1425 2753 1527 2817 iorni-

353 2859 495 2924 cationis
523 2860 597 2935 viri,
623 2884 638 2918 u
663 2877 803 2923 manere
818 2860 1008 2942 innuptam,
1026 2861 1090 2923 aut‘
1098 2859 1171 2924 viro
1196 2877 1258 2924 suo
1272 2859 1492 2926 reconciliari.
1510 2887 1526 2922 »

354 2967 450 3032 Ratio
471 2969 630 3053 estquis
655 2967 806 3032 Christus
832 2968 940 3033 voluit
958 2987 1019 3051 per
1040 2969 1297 3033 matrimonium
1314 2987 1527 3037 consumma·

354 3081 427 3142 tum
455 3077 637 3158 significari
665 3077 936 3142 indissolubilem
964 3078 1128 3143 unionem
1155 3095 1253 3142 suam
1276 3096 1355 3142 cum
1382 3077 1528 3146 Ecclesia

352 3204 414 3268 per
427 3203 580 3264 carnem;
604 3193 676 3250 tum
693 3187 772 3270 quia
792 3186 901 3250 multa
922 3185 1012 3252 mala
1033 3205 1075 3250 ex
1097 3185 1154 3251 tali
1171 3185 1394 3252 dissolutione
1409 3205 1527 3271 seque·

351 3296 479 3370 rentur,
496 3293 655 3358 videlicet
676 3293 805 3358 malum
825 3292 940 3377 prolis,
964 3293 1128 3359 damnum
1149 3293 1288 3358 alterius
1309 3295 1476 3376 conjugis,
1493 3299 1528 3358 et

351 3402 489 3468 vialata
501 3403 690 3486 aperiretur
713 3402 898 3479 adulteriis,
916 3407 954 3467 ut
966 3421 1028 3486 per
1040 3403 1098 3468 illa
1119 3402 1338 3468 matrimonia
1352 3401 1525 3467 solveren-

354 3516 420 3574 tur.
436 3511 468 3574 Ι*
480 3511 695 3576 Matrimonia
714 3511 952 3576 haereticorum
964 3511 1076 3578 valida
1096 3514 1177 3576 sunl
1192 3511 1332 3576 omnino
1349 3516 1428 3594 post
1449 3529 1527 3574 oon-

354 3620 621 3686 snmmatinnem
644 3619 856 3697 insolubilia3
871 3638 952 3685 nam
970 3639 1032 3704 pro
1053 3621 1106 3684 his
1121 3621 1269 3686 militant
1288 3620 1408 3686 eadem
1427 3637 1527 3700 argu-

353 3732 480 3792 menta.
513 3725 579 3792 Neo
607 3729 704 3792 obest
732 3728 824 3811 quod
850 3729 1001 3794 haeretiei
1026 3747 1168 3794 emoneo
1191 3733 1226 3794 et
1249 3728 1455 3812 speculative
1479 3733 1528 3792 te-

355 3839 460 3900 neant
479 3834 697 3900 matrimonia
715 3853 785 3901 non
810 3855 885 3901 esse
908 3841 1130 3912 sacramenta,
1155 3837 1215 3902 sed
1236 3855 1278 3902 ex
1299 3837 1526 3902 conventione

354 3943 494 4009 dissolvi
516 3963 636 4027 posse;
663 3963 743 4010 nam
762 3947 909 4028 practice
926 3946 1055 4012 habent
1077 3947 1303 4012 intentionem
1330 3944 1528 4028 generalem

353 4052 576 4118 contrahendi
599 4055 828 4132 matrimonia,
847 4056 934 4120 siout
955 4056 990 4119 in
1011 4055 1157 4120 Ecclesia
1180 4055 1300 4120 Christi
1324 4055 1529 4120 contrahun-

355 4165 428 4236 tur;
453 4165 488 4225 et
511 4161 558 4226 sic
577 4179 637 4226 eos
653 4163 853 4228 contrahere
874 4164 1013 4229 omnino
1034 4163 1263 4247 praesumitur,
1282 4163 1362 4247 quia
1385 4163 1527 4248 quisque

352 4267 571 4351 praesumitur
584 4269 669 4333 inire
688 4270 944 4335 matrimonium
959 4271 1109 4336 validum
1131 4271 1256 4354 potius,
1271 4290 1313 4336 ex
1337 4289 1404 4355 quo
1418 4270 1528 4352 legiti-

354 4394 429 4441 mos
443 4377 569 4444 liberos
583 4378 716 4455 haheat,
734 4397 838 4463 quam
862 4380 1061 4445 invalidum.
1080 4379 1111 4444 Si
1128 4386 1243 4445 tamen
1263 4381 1443 4445 haereticus
1458 4385 1528 4444 tam

354 4483 543 4550 malitiosus
559 4487 657 4562 foret,
675 4491 713 4550 ut
736 4486 841 4552 nollet
860 4487 951 4552 aliud
966 4488 1224 4552 matrimonium
1240 4488 1451 4564 contrahere,
1463 4489 1527 4552 nisi

354 4591 507 4669 solubile,
526 4593 609 4658 nihil
623 4599 750 4676 ageret,
769 4596 848 4678 quia
868 4600 1056 4678 apponeret
1067 4596 1298 4661 conditionem
1313 4595 1527 4662 solnhilitatis

354 4701 559 4768 contrariam
575 4704 772 4769 substantiae
788 4703 1013 4781 matrimonii;
1031 4710 1066 4770 et
1079 4723 1172 4771 cons.
1190 4705 1336 4772 invalide
1351 4705 1527 4773 contrahe
