3514 5564
401 457 459 529 192
855 477 906 526 rus
926 475 1104 526 canonicus.

484 657 545 730 §t
574 655 646 728 Quis
674 655 850 731 dispensare
871 631 974 730 p'ossit.
992 657 1024 716 ic
1050 655 1267 730 impedimentis
1291 655 1485 716 motiimonii.

536 821 556 871 i.
568 821 609 872 nn
625 821 654 872 et
665 819 694 871 tn
709 819 813 892 quibus
829 819 1041 884 impedimentis
1057 822 1130 884 Papa
1143 818 1306 884 dispensem
1320 819 1430 883 possiti

439 955 538 1040 Resp.
555 959 584 1022 t.
600 956 688 1040 Papa
696 958 891 1042 dispensare
902 961 1015 1042 potest
1025 959 1060 1022 in
1071 957 1165 1023 omni
1174 957 1418 1042 impedimento
1436 960 1569 1022 tantum

398 1064 616 1148 impediente,
637 1065 740 1132 modo
760 1071 875 1131 tamen
893 1065 1026 1132 diverso
1048 1086 1055 1128 :
1074 1083 1155 1131 narn
1177 1067 1212 1129 in
1226 1065 1471 1150 impedimento
1483 1065 1570 1150 juris

401 1175 626 1250 ecclesiastici,
650 1174 753 1240 etiarn
775 1175 903 1258 absque
930 1175 999 1240 ulla
1016 1192 1129 1252 causa,
1150 1174 1260 1240 valide
1280 1174 1469 1260 dispensat,
1491 1193 1570 1241 cum

378 1333 379 1336 ,
400 1284 444 1350 sit
455 1283 610 1349 conditor
622 1283 728 1367 juris:
746 1301 775 1347 c.
786 1283 817 1360 i,
834 1284 875 1349 de
888 1282 1040 1349 Concess.
1052 1284 1172 1370 prend„
1187 1284 1232 1348 ibi
1250 1304 1257 1347 :
1274 1309 1290 1343 n
1305 1284 1367 1362 Qui
1382 1285 1570 1350 secundum

399 1390 645 1476 plenitudinem
663 1392 843 1476 potestatis
862 1393 997 1476 dejure
1022 1411 1206 1476 possumus
1227 1411 1329 1476 supra
1351 1396 1409 1477 jue
1434 1393 1567 1475 dispen-

400 1519 485 1566 sare.
510 1526 525 1560 s
549 1499 592 1564 Ut
618 1505 733 1567 tamen
756 1501 963 1585 dispensatio
986 1503 1029 1566 sit
1048 1501 1148 1580 licite,
1169 1502 1369 1585 plerumque
1389 1501 1570 1586 requiritur

396 1611 490 1694 justa
502 1627 615 1675 cauea.
628 1610 670 1673 At
684 1611 711 1673 si
726 1611 1009 1694 impedimentum
1023 1612 1213 1694 impediens
1232 1611 1275 1674 sit
1290 1611 1377 1694 juris
1394 1609 1567 1686 naturalis,

400 1719 450 1782 uti
463 1723 516 1784 est
529 1725 645 1782 ectum
655 1718 798 1803 simplest
813 1719 991 1798 castitatis,
1011 1719 1182 1804 rcdiqionis
1202 1727 1235 1785 et
1249 1719 1431 1804 sponsalia,
1450 1719 1493 1783 ed
1511 1735 1577 1802 ue-¹

398 1823 507 1892 lorcin
521 1826 782 1910 dispensationis
796 1827 978 1910 requiritur
987 1829 1081 1910 justa
1095 1846 1197 1892 cause
1212 1848 1218 1904 ;
1236 1833 1308 1892 tum
1324 1828 1402 1911 quia
1415 1826 1504 1910 Papa
1518 1831 1569 1891 est

400 1935 538 2000 inferior
548 1937 626 2019 jure
639 1934 785 2000 naturali
800 1954 807 1997 :
823 1935 964 2000 interior
977 1939 1093 1999 cutem
1107 1935 1179 2000 sine
1191 1939 1285 2019 justa
1297 1954 1400 2001 causa
1419 1954 1489 2000 non
1504 1935 1570 2000 dis-

400 2044 640 2128 pensetvalide
650 2045 686 2108 in
697 2046 774 2127 jure
791 2044 973 2127 superioris
986 2045 1069 2125 (can.
1087 2045 1118 2119 i,
1135 2045 1292 2126 Inferior,
1305 2044 1336 2108 d.
1353 2045 1403 2121 ii,
1417 2061 1446 2109 c.
1463 2043 1513 2120 iit,
1528 2042 1569 2107 de

399 2151 445 2217 Μ.
458 2161 490 2218 et
499 2153 544 2232 0,·
554 2151 655 2218 Glem.
669 2151 712 2228 b,
723 2151 765 2216 de
773 2151 893 2231 Elect„
901 2153 937 2217 in
946 2153 1001 2235 6⁰);
1017 2152 1174 2236 tumquia
1184 2173 1226 2218 ex
1237 2159 1318 2218 voto
1323 2155 1380 2236 jus
1390 2151 1569 2238 quaesitum

401 2266 452 2326 est
465 2260 547 2340 Deo,
564 2267 598 2327 et
612 2281 655 2326 ex
670 2260 883 2345 sponsalibus
898 2261 993 2326 alteri
1010 2279 1135 2344 sponso
1149 2282 1157 2324 :
1171 2261 1261 2346 Papa
1274 2267 1390 2327 autem
1397 2264 1455 2344 jus
1470 2261 1568 2326 tertio

401 2371 580 2456 quaesitum
594 2369 711 2435 tollere
730 2371 850 2454 nequit
863 2372 936 2434 sine
948 2373 1042 2454 justa
1057 2389 1176 2446 causa;
1201 2387 1294 2452 ergo.
1313 2370 1355 2433 nt
1376 2370 1403 2432 si
1421 2371 1515 2453 justa
1536 2374 1569 2433 et

399 2479 512 2561 gravis
530 2496 633 2543 causa
651 2479 749 2556 adsit,
767 2479 898 2543 irritare
915 2483 1028 2562 potest
1041 2497 1247 2544 consensum
1262 2479 1297 2542 in
1312 2477 1456 2542 votovcl
1471 2494 1569 2561 spon·

399 2587 525 2652 salibus
540 2588 671 2664 datum,
686 2607 765 2653 cum
776 2605 964 2653 consensus
979 2588 1086 2653 nostri
1100 2589 1184 2653 liant
1198 2586 1431 2671 dependenter
1441 2586 1482 2651 ab
1494 2588 1569 2668 ejus

398 2695 585 2774 voluntate,
611 2696 771 2779 salvaque
792 2696 898 2779 ipsius
921 2695 1119 2760 auctoritate
1144 2715 1151 2758 :
1174 2713 1242 2779 qua
1262 2693 1449 2759 irritatione
1468 2695 1566 2770 lecta,

399 2803 560 2868 indirecte
581 2803 710 2868 tollitur
731 2803 989 2886 obligetioJ’uris
1003 2802 1178 2880 naturalis,
1195 2805 1313 2886 utpote
1329 2819 1399 2867 non
1412 2801 1568 2868 habentis

228 2983 234 3000 ‚
337 2941 343 2950 ¹
399 2911 578 2976 materiam
594 2929 697 2995 super
711 2929 813 2995 quam
826 2912 924 2978 eadat
935 2910 987 2994 (t).

438 3019 538 3105 Resp.
555 3021 585 3084 i.
600 3019 688 3104 Papa
706 3021 902 3104 dispensare
929 3024 1042 3104 potest
1059 3021 1095 3084 in
1120 3019 1213 3084 omni
1227 3019 1473 3102 impedimento
1493 3019 1568 3082 diri-

399 3133 513 3194 mente
527 3129 615 3212 juris
635 3127 870 3205 ecclesiastici3
894 3147 974 3193 nam
991 3129 1056 3193 boc
1071 3130 1149 3211 jure
1172 3132 1224 3193 cst
1243 3128 1406 3212 superior,
1429 3132 1467 3191 ut
1487 3127 1565 3191 dixi.

398 3231 438 3300 m
455 3237 611 3320 quamvis
631 3237 674 3302 ed
699 3236 850 3302 valorem
874 3237 977 3319 hujus
1005 3235 1266 3320 dispensationis
1294 3234 1448 3300 absolute
1476 3233 1568 3299 nulla

396 3349 490 3429 justa
502 3364 604 3412 causa
616 3346 818 3430 requiratur,
835 3348 863 3410 si
883 3347 971 3430 Papa
992 3366 1036 3412 ex
1054 3346 1264 3430 plenitudine
1289 3344 1467 3428 potestatis
1486 3343 1568 3408 velit

399 3471 511 3534 agere,
528 3455 571 3518 ad
582 3453 743 3518 lieitatem
758 3459 874 3519 tamen
889 3459 923 3520 et
935 3455 1151 3519 honestatem
1166 3458 1259 3518 tento
1270 3453 1452 3535 requiritur
1465 3469 1567 3516 causa

399 3562 544 3642 gravior,
570 3565 696 3645 quanto
716 3561 853 3643 gravius
877 3566 930 3626 est
947 3561 1241 3644 impedimentum,
1263 3565 1301 3624 ut
1321 3560 1460 3624 dicetur.
1477 3558 1566 3624 Talia

398 3669 641 3752 impedimenta
659 3674 739 3733 sunt
762 3687 770 3732 :
794 3675 876 3734 aetes
896 3669 985 3734 inira
999 3669 1223 3752 pubertatem,
1248 3667 1351 3732 modo
1374 3667 1462 3732 adsit
1483 3685 1564 3730 usus

399 3777 550 3854 rationis,
574 3777 723 3842 conditio
741 3777 884 3854 servilis,
909 3776 1019 3844 cultus
1043 3777 1231 3861 disparitas,
1256 3776 1414 3858 cognatio
1435 3774 1563 3857 legalis,

399 3883 591 3968 spiritualis,
606 3885 748 3950 carnalis
764 3891 860 3950 extra
873 3883 1016 3967 gradum
1027 3884 1279 3968 primumlineae
1289 3883 1564 3962 rectae,aftluitas,

399 3994 482 4060 ordo
493 4012 598 4072 sacer,
610 3998 738 4078 raptus,
751 3994 1016 4072 clandestinitas,
1032 3995 1161 4060 crimen
1177 4013 1219 4058 ex
1234 3991 1400 4062 adulterio
1421 3991 1476 4059 vel
1491 4009 1568 4058 con-

396 4100 571 4184 jugicidio,
588 4107 651 4167 etc.

439 4210 538 4294 Resp.
553 4210 582 4274 3.
600 4209 689 4294 Papa
705 4209 905 4292 regulariter
920 4209 1115 4295 dispensare
1130 4210 1248 4295 nequit
1266 4211 1301 4274 in
1316 4209 1568 4293 impedimentis

401 4318 442 4384 de
453 4322 530 4402 jure
544 4318 689 4385 naturali
704 4319 940 4384 dirimentibus
954 4319 1221 4396 matrimonium,
1239 4323 1277 4383 ut
1291 4323 1389 4382 sunt:
1403 4323 1486 4383 aetas
1503 4337 1569 4382 usu

382 4491 385 4496 ·
431 4469 464 4530 ti)
481 4467 572 4519 Amori
585 4481 644 4518 eum
663 4467 784 4532 pluribus
798 4467 857 4518 eliis
879 4466 997 4518 detendit
1016 4467 1225 4532 dispensationes
1245 4465 1392 4530 pontificiis
1414 4469 1570 4518 scientum

400 4543 542 4595 extendere
556 4543 590 4595 ad
604 4547 665 4595 rota
678 4543 751 4594 dubii
765 4543 862 4594 valoris
879 4549 905 4594 st
920 4544 992 4608 leges
1005 4542 1093 4594 dubim
1105 4542 1267 4596 extensionis
1282 4542 1351 4592 circa
1364 4556 1440 4592 casus
1450 4543 1570 4608 perticu-

401 4619 477 4672 lares.
493 4621 657 4684 (Communis
670 4621 801 4672 sententie
815 4624 841 4671 et
853 4617 942 4685 praxis
955 4619 1024 4670 hanc
1034 4620 1226 4670 restrictionem
1242 4631 1298 4669 non
1315 4617 1448 4684 admittit.)
