3482 5560
310 941 503 1058 LIBER
530 940 809 1074 QUINTUS
834 939 1304 1058 DECRETALIIIM

617 1239 671 1306 rr
702 1239 985 1330 cururvrsus
1095 1333 1101 1346 .

255 1757 339 1824 Nous
352 1759 395 1822 i·.
412 1757 450 1822 ln
473 1759 538 1823 boc
562 1757 682 1822 ultImo
703 1757 790 1822 libro
809 1755 1034 1822 Decretalium
1051 1757 1163 1838 agitur
1179 1754 1221 1820 de
1240 1753 1391 1819 crimini-

216 1864 279 1928 bus
291 1865 356 1930 fori
370 1865 598 1941 ecelesiastici,
615 1881 803 1948 eorumque
818 1865 941 1946 poenis.
958 1864 1050 1929 SIout
1070 1861 1156 1928 liber
1178 1861 1207 1926 11
1227 1862 1389 1926 instruxit

215 1991 412 2056 processum
423 1972 641 2056 judiciarium
654 1973 797 2051 civilem,
817 1971 866 2036 ita
886 1989 1038 2054 praesens
1056 1971 1143 2037 liber
1155 1969 1300 2036 adornat
1312 1986 1390 2054 pro·

214 2098 350 2146 cessum
370 2083 566 2166 judicialem
585 2082 807 2161 criminalem,
825 2099 885 2146 seu
908 2081 1124 2165 persequitur
1141 2095 1261 2146 causas
1278 2077 1389 2144 crImi-

215 2190 310 2254 nales
331 2190 560 2267 criminaliter,
584 2208 707 2274 nempe
731 2189 775 2255 ad
795 2189 981 2254 vindictam
1000 2187 1171 2273 publicam
1190 2187 1386 2265 intentatas,

172 2353 175 2359 .
215 2315 330 2363 coram
341 2299 454 2383 judice
471 2297 756 2364 ecelesiastioo.-
769 2297 873 2363 Porro
891 2296 1034 2362 crimina
1048 2295 1191 2362 diversis
1204 2295 1387 2360 virtutibus
1470 2319 1472 2324 ·

216 2413 445 2491 opponuntur,
462 2411 496 2474 et
509 2407 597 2484 ideo,
612 2409 710 2492 juxte
724 2406 819 2473 illam
833 2407 1083 2491 oppositionem
1095 2405 1213 2491 partiri
1228 2410 1383 2490 possunt.

215 2552 254 2562 -
266 2515 361 2582 Hunc
376 2534 457 2599 ergo
471 2515 607 2595 librum,
623 2519 702 2600 post
722 2515 1032 2602 Schmolzgrueber,
1056 2517 1093 2580 in
1105 2515 1255 2602 quinque
1271 2517 1387 2598 partes

214 2622 365 2689 dividere
378 2643 573 2708 possumus.

251 2733 370 2797 Prima
383 2751 473 2817 pars,
485 2737 667 2818 postquam
677 2733 820 2799 modum
831 2733 950 2798 statuit
960 2751 1029 2818 quo
1040 2732 1161 2800 delleta
1171 2732 1387 2799 deducuntur

212 2841 248 2904 in
256 2841 435 2924 judicium,
450 2843 623 2920 nimirum,
639 2843 902 2918 accusationem,
914 2841 1214 2908 denunciationem
1229 2846 1265 2908 et
1277 2843 1386 2927 inqui-

213 2949 382 3026 sitmnem,
403 2953 538 3015 enarrat
559 2968 600 3016 eo
616 2950 764 3015 maxime
786 2950 928 3015 crimina
957 2969 1033 3036 quse
1060 2955 1141 3015 sunt
1168 2955 1286 3016 contra
1311 2951 1387 3014 reli-

211 3061 355 3143 pr'onem,
372 3079 433 3126 seu
447 3060 484 3124 in
497 3059 759 3145 vilipensionem
772 3079 889 3126 rerum
901 3060 1126 3146 spiritualium
1139 3064 1174 3125 et
1186 3059 1385 3125 orthodoxas

211 3166 288 3234 ssdei
314 3168 572 3236 subversionem
593 3169 739 3236 tendunt
761 3191 769 3234 :
790 3188 812 3237 a
831 3170 929 3237 titulo
952 3170 966 3237 Ι
987 3171 1030 3236 ad
1061 3170 1198 3236 titulum
1219 3167 1261 3234 lX
1280 3167 1385 3234 inclu-

213 3295 295 3342 srve.

250 3387 409 3453 Secundo
419 3389 663 3474 subjungitilla
675 3395 839 3476 quaesunt
848 3393 967 3456 contm
976 3391 1172 3476 prosimum
1186 3407 1247 3454 seu
1261 3387 1384 3472 qubus

211 3495 353 3578 proxImi
373 3497 454 3574 vitu,
478 3499 570 3564 fama
589 3503 624 3564 et
645 3500 783 3566 fortuma
804 3499 975 3564 laeduntur
997 3519 1005 3562 :
1030 3515 1051 3564 a
1069 3496 1167 3563 tilulo
1191 3496 1220 3561 X
1241 3496 1286 3561 ad
1306 3497 1384 3561 tltu-

210 3602 282 3667 lum
299 3604 410 3669 XXIII.
860 3671 863 3677 ,

252 3713 363 3779 Tertia
372 3718 588 3802 persequitur
602 3718 724 3784 delleta
737 3719 878 3804 reliqua,
893 3721 1041 3784 maxime
1054 3717 1136 3784 ver'o
1153 3717 1210 3785 illa
1220 3735 1296 3803 quae
1310 3736 1385 3801 per-

211 3827 388 3907 petrantur
407 3827 712 3895 ecclesiasticorum
732 3831 892 3896 ordinum
914 3831 1096 3896 temerans
1117 3829 1332 3911 susceptione
1350 3833 1385 3894 et

214 3941 449 4020 susceptorum
471 3957 537 4004 usu
561 3939 736 4022 sacrilego,
760 3958 902 4006 excessu
922 3940 1225 4025 privilegiatorum,
1250 3937 1384 4021 injuriis

214 4048 248 4106 et
262 4043 394 4110 damnis
416 4047 538 4112 illatIs:
556 4051 747 4131 generatim
771 4067 854 4133 ergo
868 4050 939 4132 agit
961 4049 1002 4115 de
1025 4049 1222 4114 criminibus
1237 4065 1313 4131 quae
1329 4045 1384 4110 ad-

212 4159 392 4218 versantur
405 4161 504 4220 rectae
521 4158 728 4242 susceptioni
747 4164 908 4243 rectoque
923 4158 1001 4223 usui
1013 4157 1190 4242 potestatis
1210 4154 1384 4222 aeclesias·

211 4259 296 4340 ticae,
313 4269 347 4327 et
360 4264 596 4347 complectitur
608 4266 725 4332 tltulos
737 4266 989 4334 XXIX-XXXVI.

253 4373 384 4453 (ὶιιανια
397 4392 518 4457 prunas
532 4375 740 4453 criminibus,
760 4381 833 4442 tum
846 4377 1080 4453 vindicativas,
1107 4381 1180 4439 tum
1202 4374 1384 4440 medicina-

210 4479 260 4544 les
276 4479 414 4544 statuit:
431 4481 563 4548 atitulo
578 4482 720 4548 XXXVII
741 4485 784 4550 ad
804 4485 942 4550 titulum
955 4484 1094 4548 XXXIX.
1112 4483 1209 4548 Hisce
1231 4481 1383 4566 partibus

253 4589 380 4670 qu'rrta
393 4591 602 4675 adjungitur,
624 4611 699 4676 quae
713 4595 850 4678 respicit
864 4597 1115 4677 omnespartes
1137 4595 1263 4658 nostrae
1285 4590 1382 4656 disci·

212 4697 311 4780 plinae
328 4702 363 4762 et
375 4699 492 4764 haberi
502 4704 616 4784 potest
628 4707 666 4766 ut
677 4701 830 4786 epilogus
845 4702 949 4768 totins
960 4701 1047 4786 juris
1057 4699 1220 4768 canonici.
