3388 5582
329 509 412 558 suuis
433 511 620 560 rnosromcn
642 508 778 560 nscnsrs
799 509 836 560 rc
857 509 1109 562 uscnnnamomts.
1253 500 1312 566 669

129 645 270 705 persono.
287 633 324 690 llt
339 632 529 705 privilegium
544 633 623 692 reale
638 633 788 693 inherens
802 638 911 714 castro,
927 634 1145 705 communitati,
1160 634 1310 710 dignitati,

133 720 180 778 vel
198 721 283 780 alteri
303 722 357 791 rei,
377 723 485 781 transit
499 723 536 781 ad
552 738 757 794 successores,
772 739 808 782 ex
824 738 887 798 reg.
906 726 966 807 tlte,
982 724 1034 782 ll'.:
1054 724 1217 798 Pricitepia
1230 739 1311 799 puae-
1387 774 1390 780 .

131 807 201 868 dom
215 823 316 870 cunae
329 816 413 882 suut,
427 811 539 881 seurei,
550 812 688 886 quaedam
700 827 840 886 personae
855 831 865 872 .·
879 819 909 872 et
923 812 988 870 idco
1005 811 1145 886 quedam
1159 813 1199 872 ed
1214 813 1311 876 bere-

130 896 196 956 dcm
210 901 471 971 transmittuntur,
480 914 548 976 puae
564 917 664 964 carrara³
678 907 768 974 cent,-
782 917 848 977 pue
859 915 998 975 praecona²
1011 908 1093 971 cunt,
1108 901 1148 961 od
1162 900 1311 964 tamdem

130 1001 190 1046 non
212 995 382 1050 transcunt.
406 991 454 1050 Sic
471 991 542 1064 quia
564 993 766 1067 privilegium,
787 1007 841 1051 seu
862 992 913 1066 jus
935 990 1016 1065 pallii
1034 991 1310 1066 archiepiscopalis

130 1078 287 1148 personale
308 1085 364 1150 est,
387 1093 448 1137 non
474 1082 583 1140 transit
602 1082 640 1138 ad
662 1095 872 1141 successorem
891 1079 928 1156 (c.
953 1085 981 1150 2,
1005 1079 1180 1140 deductor.
1204 1087 1233 1140 ct
1252 1097 1311 1140 usu

61 1229 63 1234 ,
126 1165 228 1238 poll.);
245 1166 325 1226 idem
340 1168 389 1226 dic
404 1169 441 1226 de
454 1169 611 1244 privilegio
624 1170 841 1243 competentiae,
857 1170 948 1239 dotis
965 1170 1045 1229 etde
1060 1169 1226 1245 privilegiis
1242 1185 1322 1244 quae¹

132 1253 266 1326 episcopi
282 1270 336 1328 pro
352 1271 409 1316 sua
423 1271 552 1330 persona
567 1259 665 1317 solent
678 1260 836 1332 impetrare
850 1273 868 1316 a
880 1259 954 1318 Sede
967 1261 1070 1332 apost.

165 1347 236 1420 vill,
247 1346 458 1418 Semelmolus,
467 1364 584 1423 rernper
592 1351 792 1423 presumitur
803 1349 916 1420 molus,
931 1365 967 1408 ex
983 1364 1050 1408 can.
1060 1353 1104 1421 14,
1119 1351 1253 1421 Pacuuii,
1262 1355 1308 1422 22,

129 1451 159 1509 q.
182 1441 208 1494 ti.
233 1438 430 1511 Praesumptio
453 1438 511 1498 istu
527 1439 606 1512 juris
627 1439 720 1500 estin
738 1439 1064 1514 eodemgenere,quie
1085 1455 1122 1498 ex
1144 1440 1222 1499 malo
1236 1439 1307 1528 ‘lieri

128 1524 254 1596 bonum,
277 1531 324 1585 est
346 1526 426 1597 sacti,
449 1527 584 1603 adeoque
605 1529 724 1602 probari
748 1529 835 1589 debet
857 1529 893 1588 ad
914 1529 1084 1603 eligendam
1098 1530 1308 1602 praesumptio-

128 1631 207 1676 nem.
233 1619 264 1676 si
288 1622 388 1677 autem
409 1619 550 1678 delictum
576 1634 635 1678 non
661 1621 819 1694 precedat,
843 1619 970 1695 quilibet
989 1621 1183 1692 presumitur
1198 1619 1306 1690 bonne,

128 1707 224 1767 donec
239 1709 382 1782 probetur
396 1711 506 1770 malus.
621 1753 626 1761 ·

163 1798 208 1854 ltl.
220 1799 329 1864 lictum
339 1799 408 1872 puis
421 1797 533 1858 tabae
542 1815 603 1859 oon
614 1807 720 1874 potest,
729 1801 807 1876 quod
816 1802 912 1875 ipsine
925 1801 1046 1860 nomine
1059 1815 1121 1860 nou
1134 1807 1179 1860 est
1192 1808 1307 1874 pestem

95 1954 98 1960 ,
126 1886 157 1958 (l.
175 1890 219 1952 ill,
242 1888 301 1961 51,
321 1887 352 1946 ll.
376 1888 412 1948 de
432 1887 534 1963 Nepet.
547 1889 645 1965 pert).
663 1895 734 1969 lteg.
751 1890 810 1950 ista
824 1892 980 1964 procedit:
1006 1890 1307 1965 vindemiisque
1360 1937 1365 1944 .
1462 1869 1469 1882 ⁶

127 1990 187 2033 non
208 1983 304 2049 potest
324 1979 434 2054 aliquis
456 1979 659 2052 rotemberc,
681 1982 707 2040 si
728 1983 794 2057 ejus
810 1983 931 2041 nomine
946 1997 1007 2040 non
1024 1988 1096 2041 sunt
1109 1987 1211 2058 gesta3
1234 1983 1306 2040 t⁰iu

126 2064 362 2140 obligationibus
386 2077 415 2128 et
433 2069 628 2144 prejudiciis,
652 2085 705 2130 seu
726 2071 817 2130 rebus
836 2071 952 2131 odiosis
969 2091 976 2142 ;
1004 2077 1032 2130 et
1052 2073 1119 2132 ideo
1138 2073 1189 2145 qui
1210 2073 1307 2147 gessit

126 2154 246 2228 negotia
265 2156 318 2214 sitii
339 2159 397 2217 mei
416 2161 589 2232 peculiaria,
606 2175 667 2220 non
683 2176 759 2232 meo,
776 2163 829 2220 sed
845 2161 898 2219 lilii
918 2162 1051 2232 nomine,
1067 2175 1127 2220 non
1142 2161 1262 2236 obligor
1278 2163 1305 2220 ei

127 2243 315 2317 insolidum,
335 2248 388 2306 sed
408 2249 525 2321 peculio
540 2256 627 2312 tenus
645 2251 803 2324 (citivi,
819 2251 836 2326 §
853 2253 890 2324 6),
914 2251 971 2311 etsi
985 2251 1178 2326 negotiorum
1192 2251 1304 2324 gestio-

126 2347 194 2392 nem
217 2337 482 2410 comprobaverim.
507 2341 591 2399 Fallit
612 2342 717 2416 regula
735 2339 816 2400 ist'e:
842 2347 871 2398 1ο
889 2341 919 2398 in
938 2355 1014 2400 novo
1033 2355 1179 2400 conserere
1198 2339 1306 2398 contir-
1390 2333 1391 2336 ’

125 2430 247 2484 manta:
270 2426 349 2504 sicut
368 2429 517 2500 superior,
541 2430 587 2488 vel
609 2431 698 2503 cujus
714 2429 847 2499 interest,
865 2430 1053 2501 conllrmare,
1069 2445 1124 2488 seu
1136 2430 1306 2488 consentire

124 2518 223 2585 potest
243 2515 273 2572 in
296 2515 408 2575 lactum
422 2517 555 2582 alterius,
573 2518 653 2592 quod
666 2519 741 2578 alias
756 2520 835 2577 vires
852 2533 912 2576 non
925 2518 1058 2588 baberet,
1072 2534 1107 2577 ex
1122 2533 1189 2577 can.
1209 2519 1261 2578 fin.
1278 2524 1305 2589 9,

124 2617 154 2674 q.
169 2607 197 2672 2,
219 2603 270 2662 ubi
294 2606 455 2679 episcopus
478 2607 682 2680 dispensative
699 2609 851 2667 consentit
878 2608 909 2665 in
924 2608 1145 2667 exsecutionem
1164 2608 1305 2666 ordinum

124 2707 201 2765 quos
224 2695 322 2753 clerici
348 2695 384 2754 ab
406 2695 504 2755 alieno
527 2697 669 2769 episcopo
690 2700 900 2768 susceperunt,
924 2712 959 2754 ex
981 2713 1009 2754 c.
1025 2701 1051 2760 3,
1074 2697 1115 2754 De
1130 2695 1179 2756 etc
1201 2710 1305 2770 quaeu

116 2781 254 2853 praetor,
264 2782 315 2843 ubi
332 2784 539 2852 convalidatur
553 2784 693 2844 alienatio
709 2783 860 2857 apraelato
873 2783 960 2854 lacte,
975 2783 1001 2842 si
1013 2783 1188 2854 capitulum,
1201 2797 1305 2857 super-

123 2874 261 2930 veniente
286 2887 450 2944 consensu,
474 2887 540 2932 eam
564 2878 658 2931 ratam
679 2872 800 2942 habuit;
827 2877 855 2930 et
878 2888 904 2930 c.
923 2876 968 2942 28,
988 2872 1023 2931 de
1044 2873 1148 2944 dicct,
1169 2873 1305 2932 substitit

123 2961 239 3030 electio,
261 2962 288 3020 si
308 2963 473 3020 canonicus
494 2967 614 3034 spretus
633 2963 659 3022 ei
676 2962 843 3032 consentit;
866 2969 895 3021 2⁰
921 2962 996 3020 lallit
1014 2963 1045 3019 in
1061 2977 1096 3020 eo
1111 2978 1147 3020 ex
1162 2978 1222 3038 quo
1240 2963 1304 3037 jac·

123 3054 192 3107 ture
209 3050 252 3107 rei
275 3064 348 3108 mee
369 3057 555 3124 sequeretur,
577 3052 637 3110 nisi
654 3053 764 3110 iactum
779 3058 877 3111 retum
892 3051 1043 3122 haberem,
1063 3066 1099 3110 ex
1119 3052 1138 3108 l.
1155 3053 1188 3122 ll,
1205 3053 1222 3126 g
1237 3053 1301 3124 lm,

123 3135 154 3195 ff.
178 3139 319 3211 depositi,
340 3139 360 3197 i.
375 3142 434 3210 llll,
454 3155 498 3214 pr.
521 3141 553 3199 it.
575 3141 611 3200 de
626 3143 779 3216 Pipnorct.
801 3142 922 3212 action,
943 3141 1186 3212 l.111‚c.deiiei
1207 3143 1302 3214 vind„

123 3229 263 3300 marimo,
286 3229 312 3287 si
333 3229 458 3302 aequitas
476 3229 507 3288 id
527 3231 670 3289 suadeat:
689 3236 722 3288 ut
739 3231 765 3290 si
783 3245 830 3290 res
844 3245 921 3302 mea,
937 3246 998 3290 non
1014 3244 1080 3290 mco
1095 3231 1218 3290 nomine
1232 3247 1303 3290 ven·

122 3319 195 3392 dita,
210 3321 299 3394 periit
313 3321 391 3395 apud
406 3327 588 3394 emptorem;
607 3328 679 3381 tunc
694 3322 775 3380 enirn
787 3319 933 3380 ratillcare
946 3337 1073 3395 possum
1088 3321 1301 3396 venditionem,

122 3414 155 3467 ut
170 3410 299 3484 pretium
318 3409 356 3468 ab
371 3415 504 3483 emptore
518 3410 668 3470 obtineam
686 3411 716 3485 (l.
733 3415 779 3482 lli,
793 3411 824 3470 lt.
840 3412 876 3470 de
887 3412 989 3486 Nepet.
1004 3409 1120 3486 pectis).

156 3503 189 3559 x.
214 3500 465 3562 Ratibabitioncm
485 3501 664 3571 retrotrabi,
686 3507 716 3560 et
735 3501 876 3562 multato
896 3515 957 3560 non
973 3507 1018 3559 est
1034 3499 1158 3560 dubium
1179 3517 1299 3576 compa-

120 3590 197 3649 rari.
218 3593 259 3648 Ne
278 3591 384 3665 regula
398 3590 457 3649 ista
471 3591 581 3650 directe
596 3591 795 3650 contrarietur
809 3591 912 3664 priori,
929 3589 1095 3663 supplenda
1111 3595 1167 3660 est,
1184 3597 1218 3649 ut
1231 3592 1301 3650 rati·

120 3677 233 3737 habitio
259 3685 331 3739 tunc
353 3681 494 3740 mandato
519 3685 718 3753 comparetur,
738 3681 811 3739 dum
831 3679 912 3752 quod
931 3685 1031 3738 ratum
1050 3679 1157 3750 babeo,
1179 3681 1300 3739 nomine

120 3784 187 3827 meo
207 3775 327 3844 gestum
341 3777 387 3828 est
401 3771 519 3843 (illoesa
533 3771 592 3841 bic,
608 3775 638 3828 et
652 3770 797 3842 dothain,
813 3770 833 3828 i.
850 3771 904 3840 Lll,
921 3769 952 3828 ll.
968 3769 1003 3828 de
1017 3771 1085 3844 liep.
1099 3769 1180 3842 jum,
1197 3785 1226 3828 n.
1243 3771 1298 3842 25).

119 3859 203 3916 Valet
225 3873 288 3932 reg.
305 3859 363 3916 ista
380 3876 387 3915 ε
413 3863 441 3914 1ο
456 3859 486 3915 in
499 3857 636 3930 judiciis,
652 3873 683 3918 re
697 3859 786 3932 quasi
801 3859 919 3933 integra
932 3864 1073 3916 manente
1088 3877 1095 3914 ε
1113 3866 1144 3916 ul
1162 3859 1189 3918 si
1203 3859 1298 3916 domi-

119 3962 178 4006 nns
202 3955 296 4010 raum
316 3947 423 4006 babeat
442 3949 690 4008 contestationem
705 3949 768 4008 litis
786 3947 894 4006 atitlso
909 3953 1101 4022 procuratore
1119 3949 1236 4020 iactam,
1251 3948 1298 4006 vel

118 4037 294 4108 positiones,
317 4041 369 4095 aut
387 4037 604 4109 responsiones
624 4051 680 4113 suo
695 4051 846 4097 consensu
861 4037 947 4096 datas
962 4037 992 4111 (l.
1009 4039 1076 4106 lvi,
1092 4035 1123 4093 it.
1139 4035 1175 4094 dc
1187 4035 1296 4108 tudio,
1368 4064 1372 4070 ·

118 4138 143 4180 c.
160 4124 224 4194 lin,
238 4126 269 4182 in
284 4125 348 4196 fin,
363 4123 516 4198 deiurej„
531 4125 562 4182 in
577 4126 629 4198 itt);
644 4129 675 4183 2ο
687 4125 718 4184 in
734 4126 936 4186 contractibus
952 4127 983 4198 (1.
996 4127 1041 4198 vi,
1059 4139 1102 4198 pr.
1117 4127 1131 4194 5
1145 4130 1171 4193 1,
1189 4130 1298 4199 etseq.

118 4213 148 4272 ll.
165 4213 201 4273 dc
214 4216 315 4289 Nepet.
333 4216 425 4290 pestes
436 4233 446 4286 ;
456 4215 475 4272 l.
488 4218 534 4286 lll,
549 4232 575 4274 c.
592 4217 670 4286 eod.,
683 4217 761 4288 eto.);
776 4232 814 4275 an
828 4231 897 4274 vero
912 4217 943 4274 in
959 4215 1009 4274 tali
1025 4229 1098 4273 casu
1115 4214 1229 4288 gerenti
1246 4229 1298 4273 ne-

117 4306 232 4380 gotium
254 4321 365 4382 meum,
386 4321 403 4364 a
419 4320 467 4364 me
483 4305 672 4378 notificatum,
688 4313 838 4379 competat
852 4308 929 4366 actio
944 4304 1091 4377 mundati,
1105 4307 1153 4364 vel
1166 4307 1298 4380 nepotio·

116 4407 184 4454 rum
205 4401 367 4468 pectorum,
394 4395 426 4452 in
450 4395 556 4455 ellectu
580 4395 655 4453 nihil
678 4395 788 4466 differt,
813 4396 885 4471 quia
909 4400 1034 4469 utraque
1058 4395 1135 4453 actio
1157 4395 1195 4453 ad
1216 4395 1296 4454 idem

116 4485 229 4556 tendit;
248 4490 277 4543 3ο
291 4485 323 4543 in
342 4485 509 4558 maleficiis,
530 4499 584 4543 seu
602 4485 732 4556 delictis
746 4485 852 4544 saltem
867 4486 897 4543 in
913 4482 1026 4559 quibus
1039 4484 1091 4558 J'us
1110 4484 1296 4544 ratihabitio-

116 4589 183 4634 nem
202 4591 255 4650 pro
277 4576 418 4635 mandato
442 4575 531 4636 habet
553 4582 624 4650 (reg.
650 4580 710 4646 152,
730 4575 748 4650 5
769 4581 796 4646 2,
820 4574 876 4634 lb:
900 4576 936 4633 ln
956 4573 1103 4648 maleficio
1120 4573 1296 4636 ratihabitio

114 4666 256 4726 mundato
269 4667 483 4741 comparatur).
496 4666 552 4726 Sed
568 4665 644 4723 lallit
659 4665 764 4740 regula
779 4666 836 4724 ista
851 4665 882 4724 in
897 4663 1021 4724 multis:
1040 4669 1067 4720 1ο
1079 4664 1108 4722 Si
1124 4663 1295 4723 ratihabitio
