3388 5582
492 513 580 560 ureun
602 513 728 567 ouranos
748 485 980 562 cerneremus(

564 711 581 783 5
595 713 629 770 ΙΙ.
646 711 687 769 lie
700 710 903 785 suspensione.

460 849 485 920 i.¹
496 865 568 928 Quid
583 867 612 918 et
628 865 781 932 quotuplex
796 866 834 919 sit
846 865 1012 932 suspensio?

191 998 223 1080 o)
236 996 372 1066 Natnro
390 995 625 1080 suspensionis.
643 996 675 1058 1⁰
692 993 886 1078 Suspeneio,
904 1000 1006 1078 prout
1022 995 1076 1060 hio
1095 995 1251 1070 sumitur,
1269 999 1321 1060 cst

151 1123 295 1172 censura
310 1104 547 1180 ecclesiastica,
563 1123 631 1188 qua
645 1106 798 1170 minister
810 1104 966 1184 Ecclesiae
977 1104 1171 1187 formaliter
1184 1103 1325 1190 impedi·

153 1223 210 1278 tur
232 1232 273 1278 ne
298 1214 489 1295 functiones
509 1212 743 1277 ecclesiasticos
771 1221 934 1293 exerceat,
961 1219 994 1276 et
1019 1212 1136 1295 aliquo
1157 1219 1324 1298 potestate

152 1329 281 1385 utatur.
295 1319 416 1384 Differt
428 1320 470 1385 ab
482 1319 843 1397 excommunicatione,
870 1320 950 1404 quia
963 1319 1074 1403 privat
1094 1319 1324 1384 functionibus

154 1427 398 1503 ecclesiasticis,
407 1444 477 1491 non
487 1429 614 1491 uteunt
621 1427 945 1493 communicationes
953 1444 1031 1490 cum
1039 1425 1205 1503 fidelihus,
1217 1427 1277 1492 sed
1287 1430 1326 1492 ut

155 1552 237 1601 usus
250 1534 429 1618 potestatis
444 1533 679 1600 ecclesiastica
692 1534 926 1618 provenientis
941 1553 984 1599 ex
998 1534 1110 1600 officio
1129 1533 1184 1599 vel
1198 1535 1326 1600 benefl-
1423 1603 1424 1608 ,

154 1645 217 1709 cio.
233 1643 352 1708 Iiiffert
365 1643 408 1710 ab
419 1643 611 1720 interdicto,
623 1643 777 1708 oumhoc
791 1643 903 1727 privet
922 1642 1116 1726 receptione
1131 1642 1325 1725 munorum

154 1754 455 1827 sacramentorum,
468 1749 695 1816 ecclesiastica
709 1749 884 1833 sepultura
898 1753 933 1814 et
943 1749 1062 1815 ciliciis
1078 1749 1211 1814 divinis.

194 1859 223 1942 d)
247 1858 410 1925 Varietos.
435 1849 698 1942 Suspeneio'est
721 1857 843 1940 triplex
866 1878 873 1921 z
898 1859 929 1921 l·
958 1862 1010 1922 eet
1034 1857 1076 1922 ab
1107 1858 1231 1939 officio,
1259 1875 1326 1942 qua

153 1966 308 2030 minister
319 1965 474 2030 Ecclesia
484 1971 682 2031 removetur
694 1966 736 2030 ab
747 1965 908 2030 exercitio
913 1964 1160 2047 jurisdictionis
1169 1963 1225 2030 vel
1239 1964 1325 2030 ordi-

155 2073 224 2150 nie;
250 2073 282 2135 i·
309 2079 361 2138 est
390 2094 412 2138 o
435 2074 504 2138 solo
533 2073 700 2155 beneficio,
729 2091 796 2157 que
817 2073 969 2150 clericus,
990 2073 1116 2138 intacta
1138 2073 1265 2139 ordinis
1293 2077 1328 2137 et

156 2181 401 2268 jurisdictionis
432 2186 612 2266 potestate,
642 2185 720 2264 jure
751 2181 958 2264 percipiendi
993 2182 1123 2246 fructus
1153 2181 1326 2265 privatum

154 2291 186 2354 3·
205 2294 257 2356 est
275 2290 318 2354 od
337 2290 449 2371 officio
469 2289 572 2353 simui
588 2297 621 2352 et
638 2289 805 2370 beneficio,
828 2307 895 2372 que
914 2306 1070 2373 personae
1090 2288 1325 2354 ecclesiasticae

155 2399 316 2464 adimitur
329 2397 529 2463 exercitium
542 2397 721 2481 potestatis
736 2397 864 2462 ordinis
880 2401 914 2462 et
924 2396 1180 2480 J'nrisdictlonis,
1204 2403 1238 2462 et
1251 2415 1326 2482 per·

159 2507 269 2590 ceptio
294 2507 467 2571 fructuum
497 2504 663 2570 beneficii.
702 2505 886 2589 Suspensio
917 2503 1070 2569 absolute
1096 2502 1165 2570 lata
1190 2509 1225 2569 et
1252 2505 1347 2570 eine,

156 2615 360 2693 discrimine,
381 2612 582 2695 intelligitur
601 2612 644 2677 de
662 2612 726 2676 hac
748 2615 848 2678 tertie
868 2613 990 2696 specie,
1007 2631 1069 2676 seu
1089 2612 1130 2678 de
1150 2612 1328 2696 edaequeta

156 2725 392 2810 suspensione,
408 2729 447 2788 ut
463 2722 586 2788 docent
600 2723 828 2789 communiter
841 2721 907 2786 llll.

194 2833 361 2897 Dividitur
375 2831 478 2897 etiam
490 2831 526 2894 in
535 2830 721 2914 partialem
737 2834 773 2896 et
784 2830 936 2911 totalem,
948 2830 1020 2896 eive
1034 2830 1240 2912 simpliciter,
1255 2833 1327 2896 sive

157 2940 346 3006 secundum
361 2939 453 3024 quid.
472 2941 598 3005 Totoiis
612 2937 806 3021 simpliciter
816 2943 869 3022 est
884 2938 986 3002 simul
999 2938 1040 3003 ab
1055 2939 1166 3004 allicio
1181 2940 1329 3004 othene-

33 3077 37 3085 ·
156 3049 250 3123 ilai0;
272 3048 386 3113 totalis
407 3047 591 3112 secundum
617 3045 711 3130 qnid,
734 3046 761 3110 sl
783 3045 894 3111 oiilcio
922 3051 1068 3125 tantum,
1087 3045 1143 3110 vel
1163 3047 1328 3112 beneflcio

158 3156 375 3234 natumsed
393 3155 580 3221 universim
599 3159 747 3237 sumpto,
758 3153 878 3238 privat,
891 3171 952 3219 seu
965 3158 1067 3237 prout
1081 3154 1330 3221 oissciumeom-

156 3262 312 3347 plectitur
333 3267 538 3347 potestatem
553 3262 680 3328 ordinis
699 3267 734 3325 et
744 3261 989 3346 jurisdictionis
1003 3267 1105 3347 atque
1118 3262 1330 3328 administra·

158 3373 287 3437 tionem
295 3372 567 3449 ecclesiasticam,
578 3377 612 3437 et
624 3374 726 3455 prout
737 3371 940 3436 heneficium
957 3370 1118 3455 accipitur
1133 3371 1245 3454 quoad
1256 3374 1330 3455 ejus

81 3489 84 3494 '
160 3480 489 3546 administrationem
511 3481 730 3545 etiructunm
745 3479 1008 3563 perceptionem.

199 3588 359 3653 Portiniis
379 3594 431 3653 est
449 3608 525 3673 quse
544 3592 637 3654 certo
658 3586 808 3672 quodam
826 3587 937 3653 cilicio
957 3594 1016 3654 aut
1037 3592 1132 3672 parte
1153 3587 1260 3664 iliius,
1277 3587 1332 3654 vel

157 3695 391 3778 jurisdictione
405 3700 550 3773 tantum,
568 3695 624 3760 vel
638 3700 730 3761 certo
745 3698 823 3759 actu
834 3693 1090 3777 jurisdictionis,
1109 3696 1230 3780 privat.

200 3802 315 3868 Potest
330 3803 432 3868 etiam
459 3821 533 3869 esee
550 3803 715 3879 absoluta,
733 3821 794 3867 seu
809 3804 937 3886 absque
952 3801 1022 3866 ulla
1045 3803 1209 3886 temporis
1225 3802 1333 3868 deter-

160 3912 358 3988 minatione,
372 3910 428 3976 vel
443 3911 680 3989 detenninoto,
696 3929 756 3976 eeu
767 3929 829 3995 pro
845 3910 1070 3976 determinato
1085 3915 1249 3994 tempore.
1267 3910 1334 3976 Sed

158 4017 232 4084 haec
247 4019 366 4085 ultime
378 4018 514 4104 proprie
534 4037 680 4083 censura
700 4036 770 4083 non
787 4021 850 4097 eet,
873 4017 933 4083 eed
954 4019 1070 4102 potius
1094 4017 1205 4083 delicti
1220 4033 1331 4101 poena,

160 4131 194 4190 et
219 4127 308 4204 ideo,
330 4127 446 4213 elapso
469 4131 632 4210 tempore,
660 4130 772 4192 cesset
790 4126 919 4210 absque
944 4125 1011 4192 alia
1031 4126 1255 4192 absolutione.
1277 4123 1335 4191 Est

160 4235 263 4301 etiam
277 4253 297 4301 a
308 4237 386 4320 jure
401 4233 513 4302 veleb
527 4233 677 4298 homine.

288 4410 318 4462 li.
336 4413 359 4464 Α
376 4422 441 4476 quo,
458 4411 504 4464 cui
519 4410 548 4465 et
562 4407 598 4464 ob
614 4420 701 4476 quam
715 4422 832 4466 censam
847 4409 915 4464 ierri
929 4409 1018 4476 possit
1032 4407 1203 4474 suspensior

200 4537 233 4624 a)
261 4535 415 4606 Potestas
441 4541 577 4624 serendi
596 4540 690 4607 iiiam
714 4561 900 4608 censorem.
935 4543 966 4605 1⁰
999 4539 1266 4624 Suspeneionem
1292 4535 1335 4602 ab

160 4647 298 4716 homine
320 4651 387 4717 lert
412 4650 603 4734 generatim
623 4650 653 4716 is
675 4651 733 4734 qui
753 4655 959 4735 potestatem
979 4649 1083 4715 habet
1104 4645 1336 4715 excommuni-
