3388 5582
353 570 355 576 '
412 573 472 640 tlt
873 589 923 636 rus
944 588 1123 636 canonican.

411 713 597 770 honestatem
612 722 740 766 morum.
757 707 852 782 Igitur
866 707 903 766 ad
918 712 1034 767 tantum
1050 708 1147 778 netas,
1163 713 1192 765 et
1205 705 1343 782 religioni
1358 705 1477 766 etoivili
1488 701 1566 764 socie·

410 801 464 859 tati
493 797 745 866 infensissimum,
769 795 930 855 elllcaoiter
956 797 1168 865 cohibendum,
1196 798 1318 856 excitari
1347 811 1438 871 quam
1459 795 1566 854 maxime

410 891 497 949 debet
515 887 676 962 pastoralis
693 885 876 956 sollicitudo,
891 887 1047 962 vigilantia
1065 891 1095 946 et
1108 888 1189 946 aelus
1210 887 1421 961 episcoporum
1441 885 1567 943 omnium·

410 983 609 1052 Quapropter
626 983 772 1051 quantum
794 977 894 1035 dlvina
913 977 1058 1049 adiutrice
1078 979 1175 1054 gratia
1197 983 1339 1054 poterunt
1356 979 1489 1038 locorum
1505 977 1569 1036 ordi

409 1071 497 1140 narii,
509 1085 568 1142 qua
580 1073 709 1141 paternae
726 1067 878 1126 charitatis
893 1067 1027 1138 monitis,
1042 1083 1103 1141 qua
1117 1069 1229 1129 severis
1244 1068 1513 1144 objurgationibus,
1522 1081 1569 1141 qua

409 1159 529 1218 demum
548 1157 627 1231 juris
648 1156 788 1215 remediis
807 1155 958 1227 adhibitis,
978 1163 1066 1230 prout
1086 1158 1209 1218 attemis
1223 1159 1368 1230 locorum,
1391 1169 1569 1231 personamn

409 1255 636 1322 temporumque
651 1246 812 1321 adjunctis,
829 1247 1010 1320 expedirem
1026 1248 1153 1306 Domino
1168 1244 1380 1322 judicaverint,
1399 1259 1516 1307 omnem
1527 1245 1570 1302 in·

410 1337 541 1412 pendant
564 1351 684 1412 operam
708 1337 745 1395 ad
770 1336 945 1410 hujusmodi
973 1339 1163 1411 magnetismi
1191 1338 1306 1398 abusus
1330 1337 1532 1412 reprimendos
1548 1341 1570 1392 el

408 1425 812 1498 evellendos,utdominicus
823 1440 896 1500 grex
906 1425 1082 1486 defendatur
1090 1426 1127 1486 ab
1136 1427 1260 1486 inimico
1272 1427 1405 1497 bomine,
1415 1426 1571 1499 depositum

408 1516 476 1599 ddei
500 1522 614 1574 sartum
641 1521 813 1589 tectumque
835 1515 1035 1585 custodiatur,
1056 1521 1086 1574 et
1101 1515 1206 1576 fideles
1229 1516 1287 1577 sibi
1303 1517 1408 1576 crediti
1430 1531 1450 1575 a
1469 1527 1570 1575 morum

407 1605 599 1678 corruptione
615 1610 844 1678 praeseruentur.

442 1697 550 1754 batum
558 1697 672 1765 Rornae,
683 1695 715 1753 in
729 1693 907 1754 cancellarie
919 1695 1065 1767 semoti,
1079 1696 1159 1768 apud
1168 1696 1354 1766 Vaticanum,
1370 1697 1419 1755 die
1434 1693 1570 1769 caugusti

410 1789 487 1842 1856.
1208 1789 1242 1845 v.
1259 1787 1344 1845 Card.
1359 1789 1477 1844 Maccui.

874 2171 1027 2247 SECTIO
1055 2171 1113 2248 lv.

845 2349 893 2394 bn
932 2349 1143 2394 cltllsttlils

420 2622 439 2673 l.
458 2648 487 2656 -
503 2619 705 2673 constitutio
724 2620 928 2672 unctlulml
954 2621 991 2673 D.
1013 2620 1054 2673 tl.
1069 2621 1122 2673 Pil
1147 2621 1247 2686 Papa
1264 2619 1311 2672 11
1328 2632 1396 2684 qua
1417 2631 1564 2672 manum

719 2701 799 2753 lato
813 2701 994 2754 antenctae
1009 2701 1202 2753 limitantur·
1218 2703 1263 2764 (l).

436 2831 507 2888 Pius
523 2832 802 2904 episcopusservus
819 2845 974 2890 seuerum
991 2832 1053 2900 liei,
1063 2830 1102 2889 act
1113 2835 1290 2904 perpetuam
1304 2830 1350 2889 rei
1362 2830 1549 2888 memoriam.

438 2960 615 3033 Apostolieae
631 2959 716 3018 Sedis
730 2960 929 3018 moderationi
945 2959 1096 3028 convenit,
1116 2971 1184 3030 quae
1199 2957 1360 3016 salubriter
1377 2963 1517 3017 veterum
1535 2971 1576 3015 ce·-

404 3065 518 3110 nonum
542 3051 719 3109 auctoritate
745 3050 911 3109 constituta
935 3056 1018 3121 sunt,
1046 3049 1092 3107 sic
1117 3049 1256 3118 retinere,
1286 3053 1330 3118 ut,
1358 3049 1385 3108 si
1414 3055 1578 3123 temporum

403 3154 563 3214 rerumque
579 3140 704 3198 mutatio
718 3138 873 3212 quidpiam
889 3153 957 3196 esse
964 3140 1191 3212 temperandum
1203 3139 1342 3213 prudenti
1353 3138 1579 3213 dispensatione

403 3229 538 3299 suadeat,
554 3230 657 3287 eadem
671 3229 842 3301 apostolica
868 3228 957 3288 Sedes
978 3243 1146 3303 congruum
1169 3241 1317 3302 supreme
1339 3241 1403 3286 suae
1424 3226 1579 3300 potestatis

403 3319 567 3377 remedium
583 3333 617 3377 ae
634 3317 849 3392 providentiam
865 3317 1026 3391 impendat.
1047 3310 1247 3388 Quamobrem
1267 3332 1336 3376 cum
1355 3317 1460 3376 animo
1482 3321 1577 3374 nostro

400 3406 578 3480 jampridem
601 3407 822 3465 revolveremus
848 3407 1066 3465 ecclesiasticas
1095 3422 1259 3476 censuras
1283 3419 1352 3480 quae
1377 3421 1429 3479 per
1462 3407 1579 3465 modum

403 3495 469 3553 latae
485 3496 654 3565 sententias,
668 3496 796 3568 ipsoque
811 3496 889 3554 lacto
905 3496 1093 3555 incurrendae
1108 3497 1144 3555 ad
1157 3495 1394 3554 incolumitatem
1408 3509 1445 3554 ec
1456 3493 1580 3568 discipli·

402 3597 472 3641 narn
498 3583 597 3655 ipsius
622 3583 760 3642 Ecclesia
782 3583 948 3654 tutandam,
973 3583 1175 3656 elirenemque
1199 3585 1404 3658 improborum
1429 3585 1580 3644 licentiam

401 3672 597 3731 coercendam
619 3679 649 3730 et
671 3672 887 3730 emendandam
912 3678 1015 3730 sancte
1041 3687 1093 3745 per
1114 3673 1251 3748 singulas
1277 3677 1379 3731 aetates
1405 3673 1531 3732 indictae
1551 3685 1581 3729 ac

400 3762 597 3837 promulgata
612 3767 694 3834 sunt,
711 3776 852 3836 magnum
870 3761 906 3820 ad
921 3776 1079 3821 numerum
1096 3763 1211 3820 sensim
1231 3763 1417 3832 excrevisse;
1434 3763 1581 3838 quasdam

400 3852 500 3921 etiam,
514 3851 699 3925 temporibus
714 3850 911 3924 moribusque
934 3851 1104 3921 mutatis,a
1125 3851 1183 3908 line
1209 3857 1298 3924 atque
1322 3851 1426 3910 causis
1446 3853 1489 3910 ob
1510 3863 1580 3924 quas

400 3941 551 4012 impositae
566 3940 695 4009 lucrant,
705 3939 748 3997 rel
762 3955 779 3998 a
794 3941 922 4012 pristina
934 3941 1060 3999 utilitate
1074 3947 1163 4013 atque
1179 3941 1402 4013 opportunitate
1412 3942 1580 4007 excidisse;

399 4044 526 4103 eamque
546 4029 585 4087 ob
608 4045 670 4088 rem
686 4043 747 4087 non
768 4029 974 4103 infrequentes
997 4029 1070 4086 oriri
1091 4029 1155 4088 siue
1175 4029 1206 4086 in
1226 4029 1265 4086 iis
1284 4028 1396 4102 quibus
1411 4030 1580 4088 animarum

399 4135 472 4178 cura
484 4121 712 4187 commtssaem,
724 4120 787 4177 sive
798 4121 828 4176 in
842 4119 919 4193 ipsis
934 4117 1083 4189 fidelibus,
1099 4118 1278 4189 dubietates
1289 4119 1472 4190 anxietates
1490 4133 1580 4194 ango·

399 4224 506 4282 resque
522 4209 725 4278 conscientia,
742 4211 798 4267 Nos
811 4209 960 4282 eiusmodi
976 4208 1175 4266 incommodis
1191 4222 1347 4266 occurrere
1363 4209 1513 4282 volentes,
1529 4209 1582 4282 ple

400 4315 468 4358 nam
484 4301 657 4358 earumdem
670 4291 876 4358 recensionem
891 4297 955 4356 lieri
970 4298 1123 4371 Nobisque
1136 4297 1263 4370 proponi
1276 4297 1443 4370 jussimus,
1461 4304 1508 4369 ut,
1520 4297 1581 4358 dili-

400 4389 482 4460 genti
497 4387 630 4446 adbibita
651 4387 903 4455 consideratione,
927 4392 1129 4448 statueremus
1148 4400 1298 4460 quasnam
1319 4403 1356 4445 ex
1377 4387 1439 4447 illis
1464 4401 1581 4448 serrare

433 4541 464 4604 (l)
483 4541 601 4592 liabetur
614 4542 805 4606 amplissimum
820 4541 901 4607 hujus
912 4543 1109 4594 constitutionis
1120 4543 1339 4594 commentarium
1354 4543 1382 4592 in
1397 4543 1483 4594 variis
1504 4545 1581 4608 totius

400 4611 469 4660 leni
483 4613 600 4662 cononici
619 4613 736 4676 partibus
751 4626 811 4676 quse
827 4618 910 4678 egunt
924 4613 957 4662 de
970 4613 1074 4677 objecto
1089 4614 1252 4666 diversarum
1269 4615 1578 4667 excommunicationum

399 4695 416 4732 a
429 4683 475 4733 Pio
489 4683 522 4734 lx
533 4689 729 4736 renovaturum.
749 4684 853 4735 rideant
867 4697 930 4748 ergo
942 4685 1053 4735 lectores
1066 4685 1123 4736 baec
1134 4685 1208 4748 loea3
1222 4686 1270 4738 sed
1283 4689 1314 4736 ut
1327 4685 1429 4737 fecilior
1445 4687 1483 4737 sit
1495 4686 1578 4752 inqui·

399 4754 460 4804 sitin
476 4755 530 4815 illa,
545 4755 678 4820 precipua
693 4755 858 4820 signabimus
872 4759 932 4820 post
945 4755 1064 4822 singulos
1076 4756 1202 4808 articulos
1213 4756 1418 4811 constitutionis.
