3508 5568
558 593 646 639 uinea
667 593 804 648 ouanrus
825 595 1046 642 causaremur.
1348 581 1389 645 39

216 711 456 787 substantialis,
473 711 561 775 cirea
574 728 769 794 persenam,
789 717 957 796 quatenus
973 715 1134 780 vestitam
1152 717 1215 782 hac
1227 717 1388 802 qualitate

213 822 256 904 (S.
273 821 324 897 lt,
336 822 351 883 t
363 841 395 904 p.
411 840 442 903 q.
457 821 508 896 29,
524 839 554 886 a.
573 822 612 902 l).
626 821 767 896 Quando
780 827 895 888 autem
912 823 1056 908 qualitas
1072 823 1240 890 redundet
1255 826 1292 890 in
1308 828 1386 892 sub-

214 930 374 995 stantiam
390 947 556 1013 parsonae,
574 930 709 996 difficile
725 936 778 996 est
792 931 1004 1013 dignoscere.
1024 932 1172 998 Sanehez
1185 934 1273 1000 hanc
1286 953 1389 1018 regu·

212 1038 281 1103 lam
295 1037 549 1103 subministrat:
566 1037 599 1101 Si
615 1055 773 1122 persona,
794 1041 888 1122 prius
904 1058 974 1104 nen
988 1039 1072 1118 visa,
1088 1045 1291 1122 porcariam
1306 1061 1387 1128 qua-

213 1146 343 1213 litatem
367 1145 582 1226 designetur,
607 1147 790 1229 animeque
811 1147 1101 1231 apprehendatur,
1129 1153 1209 1215 tunc
1233 1167 1329 1214 error
1351 1151 1387 1216 in

213 1253 373 1338 qualitate
393 1253 562 1318 redundat
583 1255 620 1319 in
643 1272 795 1319 errorem
813 1273 981 1340 perseum,
998 1276 1030 1319 v.
1056 1275 1089 1337 g.
1111 1236 1217 1320 Titius
1231 1257 1275 1321 eb
1289 1275 1387 1342 spem

214 1363 310 1444 regui
330 1363 404 1427 vult
424 1363 624 1428 contrahere
647 1381 726 1427 cum
746 1363 973 1448 primogenita
986 1363 1096 1447 *hujus
1111 1365 1213 1445 regis,
1230 1363 1385 1449 adeoque

212 1471 247 1534 in
275 1471 366 1536 hune
399 1471 503 1535 tinem
533 1471 627 1552 eligit
653 1471 928 1546 matrimonium,
960 1476 1123 1555 tanquam
1155 1471 1326 1548 medium;
1356 1474 1386 1538 si

213 1577 335 1645 deinde
356 1580 386 1643 ei
402 1579 565 1644 efferatur
579 1579 858 1663 secundogenita,
874 1579 1093 1644 consentiens
1113 1578 1149 1643 in
1163 1578 1256 1644 illam
1269 1597 1386 1646 cense—
1427 1661 1431 1670 1

214 1693 268 1752 tur
282 1705 394 1754 errare
413 1688 449 1753 in
463 1707 619 1772 persona.
638 1689 725 1754 Item
742 1689 816 1753 vult
836 1690 910 1774 quis
932 1689 1016 1754 inire
1032 1688 1215 1760 amicitiam
1231 1706 1310 1754 curn
1322 1690 1385 1756 hac

213 1795 333 1862 illustri
347 1797 484 1874 familia,
502 1804 536 1862 et
545 1799 579 1862 iu
594 1799 684 1863 hunc
698 1801 804 1863 linem
820 1799 914 1880 eligit
925 1799 1182 1863 matrimonium
1194 1817 1273 1863 cum
1287 1797 1381 1876 Titia,

213 1905 281 1988 (laji
306 1903 393 1980 fllia;
418 1906 446 1968 si
461 1904 582 1970 deinde
607 1905 673 1971 alia
686 1924 834 1990 persona
855 1908 886 1970 ei
901 1907 1075 1982 eliciatur,
1090 1907 1126 1970 in
1152 1925 1229 1970 eam
1242 1923 1384 1972 censan-

211 2014 337 2090 tiende,
362 2019 452 2080 errat
475 2015 509 2078 in
531 2033 688 2098 persona.
706 2014 850 2080 licentra
871 2016 899 2079 si
922 2014 1065 2099 qualitas
1086 2032 1157 2079 non
1180 2014 1384 2079 determinat

209 2123 273 2189 hec
292 2122 507 2188 individuum
529 2141 697 2207 personae,
721 2141 816 2188 error
836 2124 925 2188 circa
948 2123 1040 2187 illam
1063 2141 1133 2187 non
1156 2121 1325 2188 redundat
1347 2123 1383 2188 in

209 2249 359 2298 errorem
373 2249 540 2317 personae,
555 2251 586 2297 u.
607 2251 640 2314 g.
655 2231 740 2298 'litia
754 2231 834 2296 dicit
853 2251 889 2296 se
906 2250 981 2296 esse
994 2232 1258 2314 primogenitam
1278 2231 1380 2314 regis,
1492 2293 1496 2302 .

207 2358 277 2405 nen
293 2340 550 2406 determinando
565 2344 662 2424 cujus
675 2342 780 2422 regis;
806 2341 861 2406 vel
876 2341 965 2416 dicit,
981 2359 1017 2404 se
1030 2359 1105 2404 esse
1120 2338 1298 2418 illustrem,
1311 2359 1381 2406 nen

207 2447 466 2515 determinando
482 2453 579 2534 cujus
595 2451 639 2514 sit
649 2450 803 2526 familiam
830 2468 925 2514 error
940 2453 999 2515 aut
1013 2448 1111 2513 delus
1126 2449 1287 2513 eircahas
1300 2467 1381 2534 qua-

206 2557 318 2623 litates
336 2577 405 2624 non
425 2560 673 2625 transfunditur
684 2561 719 2623 in
735 2578 886 2624 errorem
900 2577 1073 2643 porsena,
1095 2558 1156 2622 sed
1172 2561 1305 2622 tantum
1317 2557 1380 2622 im-

205 2665 300 2751 pellit
320 2667 363 2731 ad
384 2667 672 2744 contrahendum;
699 2673 733 2733 et
754 2686 891 2752 conseq.
917 2670 1028 2732 stante
1047 2665 1106 2732 tali
1130 2683 1262 2741 errore,
1288 2663 1380 2731 valet

204 2775 471 2841 matrimonium.
497 2785 502 2798 '
611 2783 614 2791 '

240 2909 343 2968 ilices:
363 2915 390 2967 t⁰
404 2911 588 2968 contrahens
603 2926 671 2969 cum
686 2927 785 2971 errore
801 2911 994 2969 antecedente
1009 2911 1088 2968 circa
1097 2909 1271 2983 qualitatem
1283 2912 1379 2971 itaest

203 2998 382 3070 dispositae,
400 3005 443 3070 ut,
458 2999 613 3058 deficiente
628 3001 779 3073 qualitate,
798 3000 890 3058 nollet
909 3000 1102 3069 contrahere;
1119 3015 1191 3074 ergo
1208 3015 1379 3060 censensus

204 3087 301 3160 ipsius
317 3094 439 3148 nonest
458 3089 657 3158 voluntarius,
678 3095 708 3148 et
724 3105 808 3149 cons.
826 3089 1013 3149 insufficiens
1027 3089 1063 3148 ad
1079 3090 1210 3154 valorem
1225 3090 1377 3150 matrimo-

203 3177 256 3234 nii.
273 3181 303 3234 20
316 3179 492 3236 Contractus
508 3178 594 3237 bona
609 3179 677 3238 fidoi
691 3195 726 3238 er
740 3194 840 3238 errore
855 3180 1047 3239 anmcedente
1062 3179 1140 3249 initi,
1156 3179 1223 3253 ipse
1235 3179 1303 3252 jure
1316 3193 1376 3236 nen

202 3265 302 3324 valant
324 3267 353 3324 in
378 3267 525 3340 probabili
548 3269 708 3339 sententia,
732 3270 778 3327 vol
803 3270 908 3328 saltem
933 3270 1063 3329 rescindi
1085 3274 1235 3343 pessunt3
1255 3283 1327 3344 erge
1348 3273 1378 3326 et

204 3356 437 3414 matrimonium.
454 3361 484 3414 3⁰
497 3361 591 3416 Metus
604 3358 689 3417 vitiat
699 3359 934 3430 matrimonium,
945 3359 1014 3418 licat
1025 3363 1128 3419 causet
1138 3363 1254 3416 mntem
1267 3371 1375 3416 secuu-

202 3449 274 3507 dum
288 3447 360 3520 qnid
382 3447 636 3518 involuntarium
657 3463 729 3524 erge
749 3455 778 3507 et
796 3465 879 3508 error
893 3451 973 3509 circa
985 3451 1170 3524 qualitatem,
1189 3463 1259 3507 cum
1274 3449 1375 3507 eliste

201 3543 306 3597 causet
321 3538 486 3596 secundum
501 3539 574 3611 quid
589 3538 833 3599 involuntarium.
843 3529 882 3582 '-
895 3545 983 3614 Resp.
996 3541 1033 3600 ad
1050 3546 1075 3598 t.
1091 3538 1257 3598 Habitualis
1272 3538 1375 3612 dispo-

202 3627 272 3686 sitio
294 3629 444 3688 contrario
463 3644 521 3688 nen
543 3629 619 3687 tellit
638 3643 821 3690 consensum
838 3629 1040 3689 voluntarium
1060 3630 1091 3688 iu
1108 3643 1285 3702 persenam;
1301 3643 1375 3704 erge

146 3771 153 3784 ‚
203 3733 256 3776 nec
275 3717 360 3776 vitiat
382 3719 615 3778 matrimonium.
641 3721 683 3779 Ad
703 3726 731 3778 2.
756 3719 829 3779 bist.
850 3726 930 3778 ant:
948 3725 1121 3779 contractus
1138 3735 1174 3778 ex
1190 3723 1297 3779 natura
1318 3734 1376 3778 sua

201 3808 356 3877 solubiles
372 3809 455 3866 emit.
470 3815 531 3868 ant.
548 3825 584 3868 er
599 3816 706 3869 natura
724 3825 781 3869 sua
800 3810 1038 3883 indissolubiles
1054 3810 1135 3868 sicut
1148 3810 1372 3868 matrimonium

200 3903 253 3954 aut
266 3899 414 3972 professio
429 3899 579 3974 religiosa,
596 3914 665 3974 neg.
682 3905 742 3958 ant.
759 3901 801 3959 Ad
815 3903 922 3974 titeg.
937 3915 1034 3966 cens..
1048 3899 1086 3957 eb
1101 3899 1280 3958 contrariam
1292 3899 1372 3972 juris

201 3988 437 4060 dispositionem.
459 3989 624 4062 uisparitas
646 4005 780 4065 congrua
797 3996 863 4049 est:
885 3991 956 4063 quia
981 3996 1079 4049 metus
1104 3989 1213 4048 minuit
1236 3989 1373 4048 velunta-
1483 4033 1486 4038 ,

200 4077 277 4134 rium
299 4077 378 4135 circa
393 4077 593 4136 substantiam
612 4092 758 4151 personae,
780 4079 898 4138 facilius
918 4077 1036 4152 probari
1052 4084 1161 4152 potest,
1183 4092 1280 4150 neque
1302 4091 1372 4135 eum

200 4181 351 4224 removere
366 4172 413 4225 est
427 4167 457 4225 iu
471 4171 618 4240 potestate
633 4173 744 4227 metum
760 4171 863 4242 pass13
878 4175 999 4228 econtra
1016 4183 1099 4227 error
1110 4168 1219 4226 minuit
1233 4167 1371 4226 volunta-

200 4255 277 4314 rium
296 4255 376 4314 circa
390 4257 557 4328 qualitates,
573 4257 733 4316 difficulter
752 4259 870 4330 probari
885 4263 994 4332 potest,
1010 4263 1038 4317 et
1054 4258 1230 4331 plerumque
1245 4255 1372 4330 diligen-

199 4347 240 4402 tia
259 4346 401 4418 adbibita,
418 4348 562 4406 removeri
582 4353 698 4422 potost;
721 4363 792 4422 erge
807 4348 876 4407 licet
897 4349 1029 4408 irritetur
1043 4345 1267 4406 matrimonium
1288 4351 1370 4404 metu

199 4437 317 4507 initum,
333 4452 393 4496 nen
411 4443 508 4495 tamen
523 4438 591 4496 dele
601 4442 653 4496 aut
667 4453 766 4496 errore
782 4439 956 4498 accidentali
972 4443 1168 4497 contractum.

236 4591 337 4676 Resp.
360 4593 390 4656 l.
411 4592 511 4658 Error
529 4593 681 4676 privatus
703 4591 771 4679 que'
791 4594 890 4672 alter,
914 4594 969 4660 vel
993 4597 1136 4678 uterque
1163 4592 1248 4658 false
1274 4595 1370 4676 putat

202 4699 342 4766 subesse
366 4699 647 4785 impedimentum
671 4701 843 4779 dirimens,
870 4701 961 4788 quod
989 4720 1025 4766 re
1055 4701 1127 4788 ipsa
1151 4719 1221 4766 nen
1240 4700 1367 4778 subest,
