<?xml version="1.0" encoding="UTF-8"?>
<!DOCTYPE html PUBLIC "-//W3C//DTD XHTML 1.0 Transitional//EN"
    "http://www.w3.org/TR/xhtml1/DTD/xhtml1-transitional.dtd">
<html xmlns="http://www.w3.org/1999/xhtml" xml:lang="en" lang="en">
 <head>
  <title>
</title>
<meta http-equiv="Content-Type" content="text/html;charset=utf-8" />
  <meta name='ocr-system' content='tesseract 3.04.00' />
  <meta name='ocr-capabilities' content='ocr_page ocr_carea ocr_par ocr_line ocrx_word'/>
</head>
<body>
  <div class='ocr_page' id='page_1' title='image "./juscanonicumjux01grangoog/juscanonicumjux01grangoog_0410.png"; bbox 0 0 3412 5570; ppageno 0'>
   <div class='ocr_carea' id='block_1_1' title="bbox 392 452 1102 520">
    <p class='ocr_par' dir='ltr' id='par_1_1' title="bbox 392 452 1102 520">
     <span class='ocr_line' id='line_1_1' title="bbox 392 452 1102 520; baseline -0.001 -1"><span class='ocrx_word' id='word_1_1' title='bbox 392 452 452 519; x_wconf 66' lang='lat'>400</span> <span class='ocrx_word' id='word_1_2' title='bbox 852 468 903 519; x_wconf 85' lang='lat' dir='ltr'>ms</span> <span class='ocrx_word' id='word_1_3' title='bbox 922 469 1102 520; x_wconf 76' lang='lat' dir='ltr'>erroneae.</span> 
     </span>
    </p>
   </div>
   <div class='ocr_carea' id='block_1_2' title="bbox 393 587 1569 674">
    <p class='ocr_par' dir='ltr' id='par_1_2' title="bbox 393 571 1655 684">
     <span class='ocr_line' id='line_1_2' title="bbox 393 587 1569 674; baseline -0.003 -19"><span class='ocrx_word' id='word_1_4' title='bbox 393 589 589 668; x_wconf 87' lang='lat' dir='ltr'>abducatur,</span> <span class='ocrx_word' id='word_1_5' title='bbox 603 594 728 674; x_wconf 89' lang='lat' dir='ltr'>raptor,</span> <span class='ocrx_word' id='word_1_6' title='bbox 741 591 840 674; x_wconf 84' lang='lat' dir='ltr'>juxta</span> <span class='ocrx_word' id='word_1_7' title='bbox 856 589 982 674; x_wconf 92' lang='lat' dir='ltr'>plures,</span> <span class='ocrx_word' id='word_1_8' title='bbox 999 591 1187 654; x_wconf 81' lang='lat' dir='ltr'>incurreret</span> <span class='ocrx_word' id='word_1_9' title='bbox 1200 606 1319 672; x_wconf 73' lang='lat' dir='ltr'>peenas</span> <span class='ocrx_word' id='word_1_10' title='bbox 1334 587 1569 654; x_wconf 86' lang='lat' dir='ltr'>excommuni-</span> 
     </span>
    </p>
   </div>
   <div class='ocr_carea' id='block_1_3' title="bbox 392 685 1655 764">
    <p class='ocr_par' dir='ltr' id='par_1_3' title="bbox 392 685 1655 764">
     <span class='ocr_line' id='line_1_3' title="bbox 392 685 1655 764; baseline -0.002 -1"><span class='ocrx_word' id='word_1_11' title='bbox 392 697 535 763; x_wconf 86' lang='lat' dir='ltr'>cationis</span> <span class='ocrx_word' id='word_1_12' title='bbox 554 703 589 762; x_wconf 93' lang='lat' dir='ltr'>et</span> <span class='ocrx_word' id='word_1_13' title='bbox 607 698 886 764; x_wconf 89' lang='lat' dir='ltr'>constitutionem</span> <span class='ocrx_word' id='word_1_14' title='bbox 902 698 1001 763; x_wconf 89' lang='lat' dir='ltr'>dotis.</span> <span class='ocrx_word' id='word_1_15' title='bbox 1018 697 1144 762; x_wconf 80' lang='lat' dir='ltr'>Tamen</span> <span class='ocrx_word' id='word_1_16' title='bbox 1165 696 1335 760; x_wconf 87' lang='lat' dir='ltr'>sententia</span> <span class='ocrx_word' id='word_1_17' title='bbox 1352 697 1570 762; x_wconf 87' lang='lat' dir='ltr'>communior</span> <span class='ocrx_word' id='word_1_18' title='bbox 1654 685 1655 746; x_wconf 59' lang='lat' dir='ltr'>l</span> 
     </span>
    </p>
   </div>
   <div class='ocr_carea' id='block_1_4' title="bbox 392 804 1655 996">
    <p class='ocr_par' dir='ltr' id='par_1_4' title="bbox 392 804 1655 996">
     <span class='ocr_line' id='line_1_4' title="bbox 392 804 1655 890; baseline -0.002 -20"><span class='ocrx_word' id='word_1_19' title='bbox 392 811 506 889; x_wconf 87' lang='lat' dir='ltr'>negat,</span> <span class='ocrx_word' id='word_1_20' title='bbox 524 825 603 872; x_wconf 91' lang='lat' dir='ltr'>curn</span> <span class='ocrx_word' id='word_1_21' title='bbox 619 809 799 872; x_wconf 90' lang='lat' dir='ltr'>concilium</span> <span class='ocrx_word' id='word_1_22' title='bbox 813 825 884 872; x_wconf 91' lang='lat' dir='ltr'>non</span> <span class='ocrx_word' id='word_1_23' title='bbox 905 806 1065 890; x_wconf 87' lang='lat' dir='ltr'>loquatur</span> <span class='ocrx_word' id='word_1_24' title='bbox 1078 805 1143 870; x_wconf 88' lang='lat' dir='ltr'>nisi</span> <span class='ocrx_word' id='word_1_25' title='bbox 1167 805 1209 869; x_wconf 94' lang='lat' dir='ltr'>de</span> <span class='ocrx_word' id='word_1_26' title='bbox 1229 808 1327 888; x_wconf 86' lang='lat' dir='ltr'>raptu</span> <span class='ocrx_word' id='word_1_27' title='bbox 1343 823 1410 889; x_wconf 88' lang='lat' dir='ltr'>quo</span> <span class='ocrx_word' id='word_1_28' title='bbox 1424 804 1570 870; x_wconf 78' lang='lat' dir='ltr'>laedatur</span> <span class='ocrx_word' id='word_1_29' title='bbox 1654 809 1655 880; x_wconf 45' lang='lat' dir='ltr'>l</span> 
     </span>
     <span class='ocr_line' id='line_1_5' title="bbox 393 911 1655 996; baseline -0.004 -18"><span class='ocrx_word' id='word_1_30' title='bbox 393 915 689 980; x_wconf 79' lang='lat' dir='ltr'>matrimoniorum</span> <span class='ocrx_word' id='word_1_31' title='bbox 706 914 845 980; x_wconf 89' lang='lat' dir='ltr'>libertas</span> <span class='ocrx_word' id='word_1_32' title='bbox 871 919 906 980; x_wconf 94' lang='lat' dir='ltr'>et</span> <span class='ocrx_word' id='word_1_33' title='bbox 931 913 1014 979; x_wconf 87' lang='lat' dir='ltr'>alies</span> <span class='ocrx_word' id='word_1_34' title='bbox 1035 917 1157 996; x_wconf 89' lang='lat' dir='ltr'>agatur</span> <span class='ocrx_word' id='word_1_35' title='bbox 1184 913 1225 977; x_wconf 93' lang='lat' dir='ltr'>de</span> <span class='ocrx_word' id='word_1_36' title='bbox 1252 912 1452 978; x_wconf 82' lang='lat' dir='ltr'>extensione</span> <span class='ocrx_word' id='word_1_37' title='bbox 1480 911 1570 994; x_wconf 87' lang='lat' dir='ltr'>legis</span> <span class='ocrx_word' id='word_1_38' title='bbox 1654 921 1655 984; x_wconf 62' lang='grc' dir='ltr'>ζ</span> 
     </span>
    </p>
   </div>
   <div class='ocr_carea' id='block_1_5' title="bbox 392 1022 1136 1108">
    <p class='ocr_par' dir='ltr' id='par_1_5' title="bbox 392 1022 1136 1108">
     <span class='ocr_line' id='line_1_6' title="bbox 392 1022 1136 1108; baseline -0.001 -22"><span class='ocrx_word' id='word_1_39' title='bbox 392 1022 536 1106; x_wconf 87' lang='lat' dir='ltr'>poenalis</span> <span class='ocrx_word' id='word_1_40' title='bbox 553 1023 609 1108; x_wconf 83' lang='lat' dir='ltr'><strong>(Cf.</strong></span> <span class='ocrx_word' id='word_1_41' title='bbox 628 1025 783 1108; x_wconf 89' lang='lat' dir='ltr'>superius</span> <span class='ocrx_word' id='word_1_42' title='bbox 799 1024 890 1089; x_wconf 84' lang='lat' dir='ltr'>dicta</span> <span class='ocrx_word' id='word_1_43' title='bbox 903 1024 953 1086; x_wconf 91' lang='lat' dir='ltr'>tit.</span> <span class='ocrx_word' id='word_1_44' title='bbox 969 1022 1049 1098; x_wconf 87' lang='lat' dir='ltr'>llVl,</span> <span class='ocrx_word' id='word_1_45' title='bbox 1067 1023 1136 1104; x_wconf 67' lang='lat' dir='ltr'>§bt</span> 
     </span>
    </p>
   </div>
   <div class='ocr_carea' id='block_1_6' title="bbox 393 1236 1655 1338">
    <p class='ocr_par' dir='ltr' id='par_1_6' title="bbox 393 1236 1655 1338">
     <span class='ocr_line' id='line_1_7' title="bbox 393 1236 1655 1338; baseline -0.006 -32"><span class='ocrx_word' id='word_1_46' title='bbox 393 1239 570 1338; x_wconf 65' lang='lat' dir='ltr'>errplendre</span> <span class='ocrx_word' id='word_1_47' title='bbox 589 1258 692 1305; x_wconf 89' lang='lat' dir='ltr'>eausa</span> <span class='ocrx_word' id='word_1_48' title='bbox 704 1243 842 1318; x_wconf 83' lang='lat' dir='ltr'>laetum,</span> <span class='ocrx_word' id='word_1_49' title='bbox 860 1238 919 1303; x_wconf 89' lang='lat' dir='ltr'>sed</span> <span class='ocrx_word' id='word_1_50' title='bbox 935 1237 1046 1302; x_wconf 90' lang='lat' dir='ltr'>solum</span> <span class='ocrx_word' id='word_1_51' title='bbox 1061 1236 1157 1302; x_wconf 91' lang='lat' dir='ltr'>illum</span> <span class='ocrx_word' id='word_1_52' title='bbox 1177 1237 1235 1322; x_wconf 85' lang='lat' dir='ltr'>qui</span> <span class='ocrx_word' id='word_1_53' title='bbox 1253 1237 1295 1302; x_wconf 93' lang='lat' dir='ltr'>ad</span> <span class='ocrx_word' id='word_1_54' title='bbox 1310 1238 1567 1302; x_wconf 75' lang='lat' dir='ltr'>matrimonium</span> <span class='ocrx_word' id='word_1_55' title='bbox 1654 1273 1655 1278; x_wconf 21' lang='grc' dir='ltr'><strong>κ</strong></span> 
     </span>
    </p>
   </div>
   <div class='ocr_carea' id='block_1_7' title="bbox 392 1346 1570 1430">
    <p class='ocr_par' dir='ltr' id='par_1_7' title="bbox 392 1346 1570 1430">
     <span class='ocr_line' id='line_1_8' title="bbox 392 1346 1570 1430; baseline -0.003 -20"><span class='ocrx_word' id='word_1_56' title='bbox 392 1348 582 1413; x_wconf 92' lang='lat' dir='ltr'>ineundum</span> <span class='ocrx_word' id='word_1_57' title='bbox 593 1349 641 1412; x_wconf 88' lang='lat' dir='ltr'>lit.</span> <span class='ocrx_word' id='word_1_58' title='bbox 658 1349 784 1414; x_wconf 85' lang='lat' dir='ltr'>Tamen</span> <span class='ocrx_word' id='word_1_59' title='bbox 799 1347 905 1429; x_wconf 88' lang='lat' dir='ltr'>altera</span> <span class='ocrx_word' id='word_1_60' title='bbox 919 1346 1089 1411; x_wconf 90' lang='lat' dir='ltr'>sententia</span> <span class='ocrx_word' id='word_1_61' title='bbox 1103 1365 1178 1430; x_wconf 81' lang='lat' dir='ltr'>quae</span> <span class='ocrx_word' id='word_1_62' title='bbox 1201 1346 1350 1410; x_wconf 79' lang='lat' dir='ltr'>affirmet</span> <span class='ocrx_word' id='word_1_63' title='bbox 1373 1363 1570 1410; x_wconf 80' lang='lat' dir='ltr'>excommu-</span> 
     </span>
    </p>
   </div>
   <div class='ocr_carea' id='block_1_8' title="bbox 393 1455 1655 1542">
    <p class='ocr_par' dir='ltr' id='par_1_8' title="bbox 393 1455 1655 1542">
     <span class='ocr_line' id='line_1_9' title="bbox 393 1455 1655 1542; baseline -0.005 -21"><span class='ocrx_word' id='word_1_64' title='bbox 393 1457 497 1523; x_wconf 87' lang='lat' dir='ltr'>nicari</span> <span class='ocrx_word' id='word_1_65' title='bbox 515 1458 598 1524; x_wconf 86' lang='lat' dir='ltr'>tales</span> <span class='ocrx_word' id='word_1_66' title='bbox 611 1463 774 1542; x_wconf 85' lang='lat' dir='ltr'>raptores,</span> <span class='ocrx_word' id='word_1_67' title='bbox 792 1477 862 1523; x_wconf 95' lang='lat' dir='ltr'>non</span> <span class='ocrx_word' id='word_1_68' title='bbox 874 1461 966 1522; x_wconf 88' lang='lat' dir='ltr'>caret</span> <span class='ocrx_word' id='word_1_69' title='bbox 986 1456 1234 1540; x_wconf 75' lang='lat' dir='ltr'>probabilitate,</span> <span class='ocrx_word' id='word_1_70' title='bbox 1250 1456 1329 1540; x_wconf 88' lang='lat' dir='ltr'>quia</span> <span class='ocrx_word' id='word_1_71' title='bbox 1347 1455 1569 1538; x_wconf 88' lang='lat' dir='ltr'>actioprinci-</span> <span class='ocrx_word' id='word_1_72' title='bbox 1654 1489 1655 1492; x_wconf 60' lang='lat'><em>=</em></span> 
     </span>
    </p>
   </div>
   <div class='ocr_carea' id='block_1_9' title="bbox 393 1562 1569 1756">
    <p class='ocr_par' dir='ltr' id='par_1_9' title="bbox 393 1562 1569 1756">
     <span class='ocr_line' id='line_1_10' title="bbox 393 1562 1569 1649; baseline -0.004 -19"><span class='ocrx_word' id='word_1_73' title='bbox 393 1565 513 1648; x_wconf 87' lang='lat' dir='ltr'>paliter</span> <span class='ocrx_word' id='word_1_74' title='bbox 526 1567 632 1632; x_wconf 85' lang='lat' dir='ltr'>vetita</span> <span class='ocrx_word' id='word_1_75' title='bbox 645 1570 680 1631; x_wconf 89' lang='lat' dir='ltr'>et</span> <span class='ocrx_word' id='word_1_76' title='bbox 693 1566 836 1632; x_wconf 89' lang='lat' dir='ltr'>materia</span> <span class='ocrx_word' id='word_1_77' title='bbox 849 1567 1020 1649; x_wconf 87' lang='lat' dir='ltr'>praecipua</span> <span class='ocrx_word' id='word_1_78' title='bbox 1039 1563 1400 1630; x_wconf 83' lang='lat' dir='ltr'>excommunicationis</span> <span class='ocrx_word' id='word_1_79' title='bbox 1415 1566 1469 1626; x_wconf 91' lang='lat' dir='ltr'>est</span> <span class='ocrx_word' id='word_1_80' title='bbox 1496 1562 1569 1645; x_wconf 91' lang='lat' dir='ltr'>ipse</span> 
     </span>
     <span class='ocr_line' id='line_1_11' title="bbox 394 1673 1472 1756; baseline 0.005 -20"><span class='ocrx_word' id='word_1_81' title='bbox 394 1677 511 1756; x_wconf 88' lang='lat' dir='ltr'>raptus</span> <span class='ocrx_word' id='word_1_82' title='bbox 525 1673 719 1738; x_wconf 89' lang='lat' dir='ltr'>mulierum.</span> <span class='ocrx_word' id='word_1_83' title='bbox 1469 1681 1472 1686; x_wconf 84' lang='lat'>&#39;</span> 
     </span>
    </p>
   </div>
   <div class='ocr_carea' id='block_1_10' title="bbox 793 1891 1165 1967">
    <p class='ocr_par' dir='ltr' id='par_1_10' title="bbox 793 1891 1165 1967">
     <span class='ocr_line' id='line_1_12' title="bbox 793 1891 1165 1967; baseline -0.013 -15"><span class='ocrx_word' id='word_1_84' title='bbox 793 1893 807 1964; x_wconf 82' lang='lat'><strong>§</strong></span> <span class='ocrx_word' id='word_1_85' title='bbox 821 1893 854 1952; x_wconf 89' lang='lat'>11.</span> <span class='ocrx_word' id='word_1_86' title='bbox 871 1892 912 1952; x_wconf 84' lang='lat' dir='ltr'>De</span> <span class='ocrx_word' id='word_1_87' title='bbox 929 1891 1040 1967; x_wconf 80' lang='lat' dir='ltr'>raptae</span> <span class='ocrx_word' id='word_1_88' title='bbox 1053 1905 1165 1952; x_wconf 84' lang='lat' dir='ltr'>rerum.</span> 
     </span>
    </p>
   </div>
   <div class='ocr_carea' id='block_1_11' title="bbox 742 2077 1216 2143">
    <p class='ocr_par' dir='ltr' id='par_1_11' title="bbox 742 2077 1216 2143">
     <span class='ocr_line' id='line_1_13' title="bbox 742 2077 1216 2143; baseline -0.008 -13"><span class='ocrx_word' id='word_1_89' title='bbox 742 2079 762 2130; x_wconf 93' lang='lat'>1.</span> <span class='ocrx_word' id='word_1_90' title='bbox 792 2080 831 2132; x_wconf 85' lang='lat' dir='ltr'>De</span> <span class='ocrx_word' id='word_1_91' title='bbox 861 2078 964 2132; x_wconf 85' lang='lat' dir='ltr'>natura</span> <span class='ocrx_word' id='word_1_92' title='bbox 993 2077 1081 2143; x_wconf 78' lang='lat' dir='ltr'>buius</span> <span class='ocrx_word' id='word_1_93' title='bbox 1111 2077 1216 2140; x_wconf 86' lang='lat' dir='ltr'>raptus.</span> 
     </span>
    </p>
   </div>
   <div class='ocr_carea' id='block_1_12' title="bbox 395 2219 1655 2414">
    <p class='ocr_par' dir='ltr' id='par_1_12' title="bbox 395 2219 1655 2414">
     <span class='ocr_line' id='line_1_14' title="bbox 434 2219 1569 2308; baseline -0.007 -20"><span class='ocrx_word' id='word_1_94' title='bbox 434 2219 1569 2308; x_wconf 81' lang='lat' dir='ltr'>Rapinaenomen,latesumptum,significatomnemillicitamusur-</span> 
     </span>
     <span class='ocr_line' id='line_1_15' title="bbox 395 2325 1655 2414; baseline -0.007 -18"><span class='ocrx_word' id='word_1_95' title='bbox 395 2332 569 2414; x_wconf 85' lang='lat' dir='ltr'>petionem</span> <span class='ocrx_word' id='word_1_96' title='bbox 580 2332 630 2395; x_wconf 89' lang='lat' dir='ltr'>rei</span> <span class='ocrx_word' id='word_1_97' title='bbox 642 2331 773 2408; x_wconf 77' lang='lat' dir='ltr'>aliene,</span> <span class='ocrx_word' id='word_1_98' title='bbox 790 2332 862 2397; x_wconf 90' lang='lat' dir='ltr'>sive</span> <span class='ocrx_word' id='word_1_99' title='bbox 872 2331 1001 2398; x_wconf 88' lang='lat' dir='ltr'>occulte</span> <span class='ocrx_word' id='word_1_100' title='bbox 1017 2333 1088 2396; x_wconf 85' lang='lat' dir='ltr'>sive</span> <span class='ocrx_word' id='word_1_101' title='bbox 1103 2329 1283 2395; x_wconf 81' lang='lat' dir='ltr'>manifesto</span> <span class='ocrx_word' id='word_1_102' title='bbox 1296 2329 1436 2404; x_wconf 64' lang='lat' dir='ltr'>factam,</span> <span class='ocrx_word' id='word_1_103' title='bbox 1451 2325 1570 2409; x_wconf 90' lang='lat' dir='ltr'>rapina</span> <span class='ocrx_word' id='word_1_104' title='bbox 1654 2335 1655 2380; x_wconf 59' lang='lat' dir='ltr'>t</span> 
     </span>
    </p>
   </div>
   <div class='ocr_carea' id='block_1_13' title="bbox 395 2435 1570 4681">
    <p class='ocr_par' dir='ltr' id='par_1_13' title="bbox 395 2435 1568 2848">
     <span class='ocr_line' id='line_1_16' title="bbox 396 2435 1568 2524; baseline -0.006 -20"><span class='ocrx_word' id='word_1_105' title='bbox 396 2440 543 2505; x_wconf 81' lang='lat' dir='ltr'>strictius</span> <span class='ocrx_word' id='word_1_106' title='bbox 559 2440 705 2505; x_wconf 88' lang='lat' dir='ltr'>sumitur</span> <span class='ocrx_word' id='word_1_107' title='bbox 718 2459 779 2524; x_wconf 87' lang='lat' dir='ltr'>pro</span> <span class='ocrx_word' id='word_1_108' title='bbox 794 2441 963 2508; x_wconf 87' lang='lat' dir='ltr'>ablatione</span> <span class='ocrx_word' id='word_1_109' title='bbox 978 2441 1129 2506; x_wconf 87' lang='lat' dir='ltr'>violente</span> <span class='ocrx_word' id='word_1_110' title='bbox 1143 2444 1178 2504; x_wconf 94' lang='lat' dir='ltr'>et</span> <span class='ocrx_word' id='word_1_111' title='bbox 1191 2437 1340 2523; x_wconf 89' lang='lat' dir='ltr'>publiea;</span> <span class='ocrx_word' id='word_1_112' title='bbox 1357 2437 1418 2501; x_wconf 89' lang='lat' dir='ltr'>sed</span> <span class='ocrx_word' id='word_1_113' title='bbox 1432 2435 1568 2519; x_wconf 88' lang='lat' dir='ltr'>proprie</span> 
     </span>
     <span class='ocr_line' id='line_1_17' title="bbox 396 2542 1567 2632; baseline -0.006 -20"><span class='ocrx_word' id='word_1_114' title='bbox 396 2554 542 2631; x_wconf 85' lang='lat' dir='ltr'>accepta,</span> <span class='ocrx_word' id='word_1_115' title='bbox 557 2552 699 2632; x_wconf 89' lang='lat' dir='ltr'>etprout</span> <span class='ocrx_word' id='word_1_116' title='bbox 710 2553 846 2632; x_wconf 86' lang='lat' dir='ltr'>arepto,</span> <span class='ocrx_word' id='word_1_117' title='bbox 860 2549 951 2613; x_wconf 81' lang='lat' dir='ltr'>furto</span> <span class='ocrx_word' id='word_1_118' title='bbox 967 2555 1001 2613; x_wconf 92' lang='lat' dir='ltr'>et</span> <span class='ocrx_word' id='word_1_119' title='bbox 1012 2548 1190 2614; x_wconf 91' lang='lat' dir='ltr'>latrocinio</span> <span class='ocrx_word' id='word_1_120' title='bbox 1202 2544 1433 2627; x_wconf 85' lang='lat' dir='ltr'>distinguitur,</span> <span class='ocrx_word' id='word_1_121' title='bbox 1444 2547 1498 2607; x_wconf 90' lang='lat' dir='ltr'>est</span> <span class='ocrx_word' id='word_1_122' title='bbox 1513 2542 1567 2606; x_wconf 85' lang='lat' dir='ltr'>de</span> 
     </span>
     <span class='ocr_line' id='line_1_18' title="bbox 395 2650 1568 2738; baseline -0.006 -19"><span class='ocrx_word' id='word_1_123' title='bbox 395 2656 558 2738; x_wconf 80' lang='lat' dir='ltr'>praedatio</span> <span class='ocrx_word' id='word_1_124' title='bbox 572 2656 723 2723; x_wconf 87' lang='lat' dir='ltr'>violente</span> <span class='ocrx_word' id='word_1_125' title='bbox 737 2657 810 2722; x_wconf 89' lang='lat' dir='ltr'>sine</span> <span class='ocrx_word' id='word_1_126' title='bbox 825 2657 1005 2732; x_wconf 79' lang='lat' dir='ltr'>emisione,</span> <span class='ocrx_word' id='word_1_127' title='bbox 1019 2661 1054 2720; x_wconf 94' lang='lat' dir='ltr'>et</span> <span class='ocrx_word' id='word_1_128' title='bbox 1067 2655 1200 2722; x_wconf 89' lang='lat' dir='ltr'>deliniri</span> <span class='ocrx_word' id='word_1_129' title='bbox 1215 2655 1302 2720; x_wconf 91' lang='lat' dir='ltr'>solet</span> <span class='ocrx_word' id='word_1_130' title='bbox 1318 2674 1325 2717; x_wconf 92' lang='lat'>:</span> <span class='ocrx_word' id='word_1_131' title='bbox 1344 2677 1360 2712; x_wconf 74' lang='lat' dir='ltr'>o</span> <span class='ocrx_word' id='word_1_132' title='bbox 1373 2653 1435 2716; x_wconf 86' lang='lat' dir='ltr'>Rei</span> <span class='ocrx_word' id='word_1_133' title='bbox 1450 2650 1568 2716; x_wconf 80' lang='lat' dir='ltr'>aliena</span> 
     </span>
     <span class='ocr_line' id='line_1_19' title="bbox 395 2763 1119 2848; baseline -0.008 -20"><span class='ocrx_word' id='word_1_134' title='bbox 395 2763 529 2828; x_wconf 91' lang='lat' dir='ltr'>mobilis</span> <span class='ocrx_word' id='word_1_135' title='bbox 545 2763 673 2848; x_wconf 89' lang='lat' dir='ltr'>injusta</span> <span class='ocrx_word' id='word_1_136' title='bbox 689 2764 814 2830; x_wconf 93' lang='lat' dir='ltr'>ablatio</span> <span class='ocrx_word' id='word_1_137' title='bbox 829 2783 891 2847; x_wconf 90' lang='lat' dir='ltr'>per</span> <span class='ocrx_word' id='word_1_138' title='bbox 903 2765 974 2830; x_wconf 86' lang='lat' dir='ltr'>vim</span> <span class='ocrx_word' id='word_1_139' title='bbox 986 2765 1085 2828; x_wconf 77' lang='lat' dir='ltr'>faeta.</span> <span class='ocrx_word' id='word_1_140' title='bbox 1104 2789 1119 2822; x_wconf 87' lang='lat'>»</span> 
     </span>
    </p>

    <p class='ocr_par' dir='ltr' id='par_1_14' title="bbox 395 2869 1568 3389">
     <span class='ocr_line' id='line_1_20' title="bbox 434 2869 1568 2956; baseline -0.002 -22"><span class='ocrx_word' id='word_1_141' title='bbox 434 2869 562 2936; x_wconf 87' lang='lat' dir='ltr'>Dicitur</span> <span class='ocrx_word' id='word_1_142' title='bbox 576 2873 631 2936; x_wconf 75' lang='lat'>1⁰«</span> <span class='ocrx_word' id='word_1_143' title='bbox 641 2873 691 2937; x_wconf 92' lang='lat' dir='ltr'>rei</span> <span class='ocrx_word' id='word_1_144' title='bbox 704 2871 823 2937; x_wconf 82' lang='lat' dir='ltr'>alienae</span> <span class='ocrx_word' id='word_1_145' title='bbox 835 2898 864 2950; x_wconf 73' lang='lat' dir='ltr'>a,</span> <span class='ocrx_word' id='word_1_146' title='bbox 875 2890 956 2937; x_wconf 85' lang='lat' dir='ltr'>nam</span> <span class='ocrx_word' id='word_1_147' title='bbox 970 2872 1020 2937; x_wconf 92' lang='lat' dir='ltr'>rei</span> <span class='ocrx_word' id='word_1_148' title='bbox 1034 2873 1178 2956; x_wconf 82' lang='lat' dir='ltr'>pr0p1iae</span> <span class='ocrx_word' id='word_1_149' title='bbox 1194 2890 1265 2937; x_wconf 92' lang='lat' dir='ltr'>non</span> <span class='ocrx_word' id='word_1_150' title='bbox 1277 2875 1330 2936; x_wconf 89' lang='lat' dir='ltr'>est</span> <span class='ocrx_word' id='word_1_151' title='bbox 1340 2870 1460 2955; x_wconf 90' lang='lat' dir='ltr'>rapina</span> <span class='ocrx_word' id='word_1_152' title='bbox 1471 2890 1479 2932; x_wconf 75' lang='grc' dir='ltr'>ε</span> <span class='ocrx_word' id='word_1_153' title='bbox 1490 2869 1568 2932; x_wconf 91' lang='lat' dir='ltr'>binc</span> 
     </span>
     <span class='ocr_line' id='line_1_21' title="bbox 395 2977 1568 3066; baseline -0.005 -22"><span class='ocrx_word' id='word_1_154' title='bbox 395 2980 521 3064; x_wconf 85' lang='lat' dir='ltr'>rapinae</span> <span class='ocrx_word' id='word_1_155' title='bbox 534 2998 614 3044; x_wconf 89' lang='lat' dir='ltr'>reus</span> <span class='ocrx_word' id='word_1_156' title='bbox 628 2998 698 3044; x_wconf 92' lang='lat' dir='ltr'>non</span> <span class='ocrx_word' id='word_1_157' title='bbox 713 2985 766 3044; x_wconf 89' lang='lat' dir='ltr'>est</span> <span class='ocrx_word' id='word_1_158' title='bbox 779 2980 1015 3066; x_wconf 85' lang='lat' dir='ltr'>quiviolenter</span> <span class='ocrx_word' id='word_1_159' title='bbox 1041 2981 1127 3064; x_wconf 88' lang='lat' dir='ltr'>rapit</span> <span class='ocrx_word' id='word_1_160' title='bbox 1153 2999 1227 3044; x_wconf 92' lang='lat' dir='ltr'>rem</span> <span class='ocrx_word' id='word_1_161' title='bbox 1256 2997 1364 3054; x_wconf 87' lang='lat' dir='ltr'>suam,</span> <span class='ocrx_word' id='word_1_162' title='bbox 1382 2977 1437 3042; x_wconf 86' lang='lat' dir='ltr'>vel</span> <span class='ocrx_word' id='word_1_163' title='bbox 1466 2993 1568 3062; x_wconf 87' lang='lat' dir='ltr'>quam</span> 
     </span>
     <span class='ocr_line' id='line_1_22' title="bbox 396 3084 1567 3171; baseline -0.005 -20"><span class='ocrx_word' id='word_1_164' title='bbox 396 3085 518 3151; x_wconf 88' lang='lat' dir='ltr'>saltem</span> <span class='ocrx_word' id='word_1_165' title='bbox 532 3092 630 3169; x_wconf 87' lang='lat' dir='ltr'>putat</span> <span class='ocrx_word' id='word_1_166' title='bbox 642 3105 718 3152; x_wconf 88' lang='lat' dir='ltr'>esse</span> <span class='ocrx_word' id='word_1_167' title='bbox 730 3105 838 3151; x_wconf 88' lang='lat' dir='ltr'>suam.</span> <span class='ocrx_word' id='word_1_168' title='bbox 855 3087 982 3152; x_wconf 86' lang='lat' dir='ltr'>Tamen</span> <span class='ocrx_word' id='word_1_169' title='bbox 992 3088 1059 3171; x_wconf 85' lang='lat' dir='ltr'>qui,</span> <span class='ocrx_word' id='word_1_170' title='bbox 1076 3087 1124 3152; x_wconf 91' lang='lat' dir='ltr'>sio</span> <span class='ocrx_word' id='word_1_171' title='bbox 1143 3091 1257 3171; x_wconf 91' lang='lat' dir='ltr'>spreto</span> <span class='ocrx_word' id='word_1_172' title='bbox 1269 3087 1356 3170; x_wconf 89' lang='lat' dir='ltr'>juris</span> <span class='ocrx_word' id='word_1_173' title='bbox 1370 3084 1502 3160; x_wconf 89' lang='lat' dir='ltr'>ordine,</span> <span class='ocrx_word' id='word_1_174' title='bbox 1512 3085 1567 3166; x_wconf 88' lang='lat' dir='ltr'>jus</span> 
     </span>
     <span class='ocr_line' id='line_1_23' title="bbox 397 3192 1568 3279; baseline -0.002 -22"><span class='ocrx_word' id='word_1_175' title='bbox 397 3195 459 3258; x_wconf 93' lang='lat' dir='ltr'>sibi</span> <span class='ocrx_word' id='word_1_176' title='bbox 476 3193 602 3259; x_wconf 81' lang='lat' dir='ltr'>di&#39;oeret</span> <span class='ocrx_word' id='word_1_177' title='bbox 614 3199 649 3260; x_wconf 89' lang='lat' dir='ltr'>et</span> <span class='ocrx_word' id='word_1_178' title='bbox 660 3199 775 3279; x_wconf 87' lang='lat' dir='ltr'>partes</span> <span class='ocrx_word' id='word_1_179' title='bbox 785 3194 927 3278; x_wconf 81' lang='lat' dir='ltr'>publice</span> <span class='ocrx_word' id='word_1_180' title='bbox 938 3197 1116 3279; x_wconf 83' lang='lat' dir='ltr'>potestatis</span> <span class='ocrx_word' id='word_1_181' title='bbox 1131 3195 1195 3260; x_wconf 91' lang='lat' dir='ltr'>sibi</span> <span class='ocrx_word' id='word_1_182' title='bbox 1208 3197 1399 3279; x_wconf 85' lang='lat' dir='ltr'>usurparet,</span> <span class='ocrx_word' id='word_1_183' title='bbox 1413 3192 1480 3258; x_wconf 91' lang='lat' dir='ltr'>etsi</span> <span class='ocrx_word' id='word_1_184' title='bbox 1502 3209 1568 3256; x_wconf 92' lang='lat' dir='ltr'>non</span> 
     </span>
     <span class='ocr_line' id='line_1_24' title="bbox 396 3303 1305 3389; baseline -0.002 -22"><span class='ocrx_word' id='word_1_185' title='bbox 396 3304 558 3386; x_wconf 88' lang='lat' dir='ltr'>puniatur</span> <span class='ocrx_word' id='word_1_186' title='bbox 572 3308 611 3367; x_wconf 95' lang='lat' dir='ltr'>ut</span> <span class='ocrx_word' id='word_1_187' title='bbox 624 3308 749 3386; x_wconf 91' lang='lat' dir='ltr'>raptor,</span> <span class='ocrx_word' id='word_1_188' title='bbox 767 3303 834 3368; x_wconf 86' lang='lat' dir='ltr'>alis</span> <span class='ocrx_word' id='word_1_189' title='bbox 848 3307 962 3370; x_wconf 88' lang='lat' dir='ltr'>tamen</span> <span class='ocrx_word' id='word_1_190' title='bbox 979 3322 1081 3389; x_wconf 73' lang='lat' dir='ltr'>poena</span> <span class='ocrx_word' id='word_1_191' title='bbox 1090 3303 1305 3388; x_wconf 78' lang='lat' dir='ltr'>plecteretur.</span> 
     </span>
    </p>

    <p class='ocr_par' dir='ltr' id='par_1_15' title="bbox 398 3408 1570 4357">
     <span class='ocr_line' id='line_1_25' title="bbox 437 3408 1566 3495; baseline -0.001 -21"><span class='ocrx_word' id='word_1_192' title='bbox 437 3411 564 3475; x_wconf 84' lang='lat' dir='ltr'>Dicitur</span> <span class='ocrx_word' id='word_1_193' title='bbox 577 3411 611 3474; x_wconf 64' lang='lat'>2⁰</span> <span class='ocrx_word' id='word_1_194' title='bbox 624 3436 640 3469; x_wconf 79' lang='lat' dir='ltr'>a</span> <span class='ocrx_word' id='word_1_195' title='bbox 651 3411 787 3476; x_wconf 92' lang='lat' dir='ltr'>mobilis</span> <span class='ocrx_word' id='word_1_196' title='bbox 801 3436 829 3489; x_wconf 79' lang='lat' dir='ltr'>u,</span> <span class='ocrx_word' id='word_1_197' title='bbox 844 3411 923 3495; x_wconf 90' lang='lat' dir='ltr'>quia</span> <span class='ocrx_word' id='word_1_198' title='bbox 936 3429 991 3476; x_wconf 89' lang='lat' dir='ltr'>res</span> <span class='ocrx_word' id='word_1_199' title='bbox 1005 3411 1197 3477; x_wconf 86' lang='lat' dir='ltr'>immobiles</span> <span class='ocrx_word' id='word_1_200' title='bbox 1206 3429 1276 3477; x_wconf 92' lang='lat' dir='ltr'>non</span> <span class='ocrx_word' id='word_1_201' title='bbox 1286 3409 1368 3494; x_wconf 89' lang='lat' dir='ltr'>rapi,</span> <span class='ocrx_word' id='word_1_202' title='bbox 1381 3410 1441 3474; x_wconf 90' lang='lat' dir='ltr'>sed</span> <span class='ocrx_word' id='word_1_203' title='bbox 1451 3408 1566 3474; x_wconf 86' lang='lat' dir='ltr'>invadi</span> 
     </span>
     <span class='ocr_line' id='line_1_26' title="bbox 398 3516 1566 3601; baseline -0.002 -19"><span class='ocrx_word' id='word_1_204' title='bbox 398 3518 566 3584; x_wconf 88' lang='lat' dir='ltr'>dicuntur.</span> <span class='ocrx_word' id='word_1_205' title='bbox 582 3519 827 3596; x_wconf 84' lang='lat' dir='ltr'>Parumretert,</span> <span class='ocrx_word' id='word_1_206' title='bbox 839 3539 883 3584; x_wconf 87' lang='lat' dir='ltr'>an</span> <span class='ocrx_word' id='word_1_207' title='bbox 897 3539 952 3585; x_wconf 89' lang='lat' dir='ltr'>res</span> <span class='ocrx_word' id='word_1_208' title='bbox 964 3520 1077 3585; x_wconf 87' lang='lat' dir='ltr'>ablata</span> <span class='ocrx_word' id='word_1_209' title='bbox 1084 3521 1127 3584; x_wconf 89' lang='lat' dir='ltr'>sit</span> <span class='ocrx_word' id='word_1_210' title='bbox 1140 3520 1256 3601; x_wconf 85' lang='lat' dir='ltr'>magni</span> <span class='ocrx_word' id='word_1_211' title='bbox 1264 3519 1319 3584; x_wconf 90' lang='lat' dir='ltr'>vel</span> <span class='ocrx_word' id='word_1_212' title='bbox 1327 3519 1423 3601; x_wconf 89' lang='lat' dir='ltr'>parvi</span> <span class='ocrx_word' id='word_1_213' title='bbox 1431 3516 1566 3592; x_wconf 86' lang='lat' dir='ltr'>valoris,</span> 
     </span>
     <span class='ocr_line' id='line_1_27' title="bbox 398 3626 1568 3712; baseline -0.001 -22"><span class='ocrx_word' id='word_1_214' title='bbox 398 3644 477 3691; x_wconf 89' lang='lat' dir='ltr'>eum</span> <span class='ocrx_word' id='word_1_215' title='bbox 493 3626 530 3691; x_wconf 89' lang='lat' dir='ltr'>in</span> <span class='ocrx_word' id='word_1_216' title='bbox 547 3627 665 3711; x_wconf 85' lang='lat' dir='ltr'>rapine</span> <span class='ocrx_word' id='word_1_217' title='bbox 679 3646 750 3693; x_wconf 93' lang='lat' dir='ltr'>non</span> <span class='ocrx_word' id='word_1_218' title='bbox 760 3631 830 3692; x_wconf 89' lang='lat' dir='ltr'>tam</span> <span class='ocrx_word' id='word_1_219' title='bbox 847 3629 1011 3693; x_wconf 85' lang='lat' dir='ltr'>damnum</span> <span class='ocrx_word' id='word_1_220' title='bbox 1026 3646 1129 3712; x_wconf 87' lang='lat' dir='ltr'>quam</span> <span class='ocrx_word' id='word_1_221' title='bbox 1148 3627 1286 3692; x_wconf 87' lang='lat' dir='ltr'>violatio</span> <span class='ocrx_word' id='word_1_222' title='bbox 1306 3627 1496 3691; x_wconf 87' lang='lat' dir='ltr'>securitatis</span> <span class='ocrx_word' id='word_1_223' title='bbox 1511 3644 1568 3709; x_wconf 94' lang='lat' dir='ltr'>pu·</span> 
     </span>
     <span class='ocr_line' id='line_1_28' title="bbox 399 3733 1568 3821; baseline -0.001 -24"><span class='ocrx_word' id='word_1_224' title='bbox 399 3733 494 3800; x_wconf 84' lang='lat' dir='ltr'>blicae</span> <span class='ocrx_word' id='word_1_225' title='bbox 508 3736 712 3801; x_wconf 87' lang='lat' dir='ltr'>attendatur.</span> <span class='ocrx_word' id='word_1_226' title='bbox 729 3737 857 3801; x_wconf 86' lang='lat' dir='ltr'>Dicitur</span> <span class='ocrx_word' id='word_1_227' title='bbox 870 3737 902 3800; x_wconf 81' lang='grc' dir='ltr'>3ο</span> <span class='ocrx_word' id='word_1_228' title='bbox 916 3763 931 3794; x_wconf 86' lang='lat'>«</span> <span class='ocrx_word' id='word_1_229' title='bbox 947 3737 1092 3821; x_wconf 89' lang='lat' dir='ltr'>pervim</span> <span class='ocrx_word' id='word_1_230' title='bbox 1105 3737 1194 3802; x_wconf 82' lang='lat' dir='ltr'>facte</span> <span class='ocrx_word' id='word_1_231' title='bbox 1209 3760 1237 3811; x_wconf 82' lang='lat' dir='ltr'>u,</span> <span class='ocrx_word' id='word_1_232' title='bbox 1255 3740 1290 3800; x_wconf 91' lang='lat' dir='ltr'>et</span> <span class='ocrx_word' id='word_1_233' title='bbox 1302 3753 1363 3819; x_wconf 93' lang='lat' dir='ltr'>per</span> <span class='ocrx_word' id='word_1_234' title='bbox 1376 3734 1441 3799; x_wconf 92' lang='lat' dir='ltr'>hoo</span> <span class='ocrx_word' id='word_1_235' title='bbox 1451 3734 1568 3818; x_wconf 84' lang='lat' dir='ltr'>rapina</span> 
     </span>
     <span class='ocr_line' id='line_1_29' title="bbox 399 3840 1568 3929; baseline -0.003 -24"><span class='ocrx_word' id='word_1_236' title='bbox 399 3840 620 3924; x_wconf 80' lang='lat' dir='ltr'>distinguitur</span> <span class='ocrx_word' id='word_1_237' title='bbox 634 3863 653 3908; x_wconf 87' lang='lat' dir='ltr'>a</span> <span class='ocrx_word' id='word_1_238' title='bbox 667 3843 768 3920; x_wconf 89' lang='lat' dir='ltr'>lurto,</span> <span class='ocrx_word' id='word_1_239' title='bbox 782 3844 905 3928; x_wconf 90' lang='lat' dir='ltr'>quippe</span> <span class='ocrx_word' id='word_1_240' title='bbox 921 3863 996 3929; x_wconf 81' lang='lat' dir='ltr'>quae</span> <span class='ocrx_word' id='word_1_241' title='bbox 1010 3845 1202 3910; x_wconf 84' lang='lat' dir='ltr'>estturtum</span> <span class='ocrx_word' id='word_1_242' title='bbox 1217 3843 1418 3918; x_wconf 84' lang='lat' dir='ltr'>violentum,</span> <span class='ocrx_word' id='word_1_243' title='bbox 1445 3846 1480 3906; x_wconf 91' lang='lat' dir='ltr'>et</span> <span class='ocrx_word' id='word_1_244' title='bbox 1492 3841 1568 3904; x_wconf 90' lang='lat' dir='ltr'>ideo</span> 
     </span>
     <span class='ocr_line' id='line_1_30' title="bbox 400 3948 1566 4034; baseline -0.005 -19"><span class='ocrx_word' id='word_1_245' title='bbox 400 3951 570 4034; x_wconf 88' lang='lat' dir='ltr'>duplicem</span> <span class='ocrx_word' id='word_1_246' title='bbox 592 3951 757 4017; x_wconf 85' lang='lat' dir='ltr'>malitiam</span> <span class='ocrx_word' id='word_1_247' title='bbox 780 3953 942 4029; x_wconf 87' lang='lat' dir='ltr'>continet,</span> <span class='ocrx_word' id='word_1_248' title='bbox 970 3971 1075 4017; x_wconf 89' lang='lat' dir='ltr'>unam</span> <span class='ocrx_word' id='word_1_249' title='bbox 1094 3952 1185 4028; x_wconf 90' lang='lat' dir='ltr'>furti,</span> <span class='ocrx_word' id='word_1_250' title='bbox 1214 3950 1356 4016; x_wconf 86' lang='lat' dir='ltr'>alteram</span> <span class='ocrx_word' id='word_1_251' title='bbox 1383 3948 1566 4014; x_wconf 70' lang='lat' dir='ltr'>violentiae.</span> 
     </span>
     <span class='ocr_line' id='line_1_31' title="bbox 401 4053 1569 4140; baseline -0.005 -18"><span class='ocrx_word' id='word_1_252' title='bbox 401 4057 568 4123; x_wconf 82' lang='lat' dir='ltr'>Gaeterum</span> <span class='ocrx_word' id='word_1_253' title='bbox 586 4077 656 4124; x_wconf 93' lang='lat' dir='ltr'>non</span> <span class='ocrx_word' id='word_1_254' title='bbox 672 4059 787 4136; x_wconf 85' lang='lat' dir='ltr'>refert,</span> <span class='ocrx_word' id='word_1_255' title='bbox 802 4077 847 4124; x_wconf 93' lang='lat' dir='ltr'>an</span> <span class='ocrx_word' id='word_1_256' title='bbox 866 4060 919 4124; x_wconf 81' lang='lat' dir='ltr'>vis</span> <span class='ocrx_word' id='word_1_257' title='bbox 939 4064 1138 4125; x_wconf 87' lang='lat' dir='ltr'>exerceatur</span> <span class='ocrx_word' id='word_1_258' title='bbox 1161 4059 1197 4122; x_wconf 93' lang='lat' dir='ltr'>in</span> <span class='ocrx_word' id='word_1_259' title='bbox 1215 4058 1280 4122; x_wconf 86' lang='lat' dir='ltr'>viis</span> <span class='ocrx_word' id='word_1_260' title='bbox 1301 4055 1444 4140; x_wconf 87' lang='lat' dir='ltr'>publicis</span> <span class='ocrx_word' id='word_1_261' title='bbox 1462 4053 1517 4120; x_wconf 85' lang='lat' dir='ltr'>vel</span> <span class='ocrx_word' id='word_1_262' title='bbox 1536 4053 1569 4116; x_wconf 93' lang='lat' dir='ltr'>in</span> 
     </span>
     <span class='ocr_line' id='line_1_32' title="bbox 400 4148 1570 4250; baseline -0.008 -19"><span class='ocrx_word' id='word_1_263' title='bbox 400 4165 530 4231; x_wconf 84' lang='lat' dir='ltr'>aedibus</span> <span class='ocrx_word' id='word_1_264' title='bbox 559 4167 707 4250; x_wconf 87' lang='lat' dir='ltr'>privetis,</span> <span class='ocrx_word' id='word_1_265' title='bbox 741 4167 844 4232; x_wconf 85' lang='lat' dir='ltr'>armis</span> <span class='ocrx_word' id='word_1_266' title='bbox 879 4148 942 4232; x_wconf 29' lang='lat' dir='ltr'>vel*</span> <span class='ocrx_word' id='word_1_267' title='bbox 960 4168 1033 4232; x_wconf 87' lang='lat' dir='ltr'>sine</span> <span class='ocrx_word' id='word_1_268' title='bbox 1058 4167 1184 4243; x_wconf 90' lang='lat' dir='ltr'>armis;</span> <span class='ocrx_word' id='word_1_269' title='bbox 1211 4165 1281 4230; x_wconf 89' lang='lat' dir='ltr'>imo</span> <span class='ocrx_word' id='word_1_270' title='bbox 1309 4165 1500 4240; x_wconf 81' lang='lat' dir='ltr'>sufficeret,</span> <span class='ocrx_word' id='word_1_271' title='bbox 1535 4165 1570 4224; x_wconf 93' lang='lat' dir='ltr'>ut</span> 
     </span>
     <span class='ocr_line' id='line_1_33' title="bbox 400 4274 1340 4357; baseline 0 -19"><span class='ocrx_word' id='word_1_272' title='bbox 400 4279 554 4357; x_wconf 87' lang='lat' dir='ltr'>raptores</span> <span class='ocrx_word' id='word_1_273' title='bbox 566 4275 675 4356; x_wconf 88' lang='lat' dir='ltr'>parati</span> <span class='ocrx_word' id='word_1_274' title='bbox 689 4275 758 4338; x_wconf 90' lang='lat' dir='ltr'>sint</span> <span class='ocrx_word' id='word_1_275' title='bbox 769 4275 840 4339; x_wconf 88' lang='lat' dir='ltr'>vim</span> <span class='ocrx_word' id='word_1_276' title='bbox 854 4275 991 4353; x_wconf 84' lang='lat' dir='ltr'>inferre,</span> <span class='ocrx_word' id='word_1_277' title='bbox 1005 4275 1034 4338; x_wconf 88' lang='lat' dir='ltr'>si</span> <span class='ocrx_word' id='word_1_278' title='bbox 1049 4275 1099 4340; x_wconf 91' lang='lat' dir='ltr'>eis</span> <span class='ocrx_word' id='word_1_279' title='bbox 1113 4274 1340 4338; x_wconf 87' lang='lat' dir='ltr'>resisteretur.</span> 
     </span>
    </p>

    <p class='ocr_par' dir='ltr' id='par_1_16' title="bbox 401 4378 1568 4681">
     <span class='ocr_line' id='line_1_34' title="bbox 440 4378 1568 4468; baseline -0.003 -24"><span class='ocrx_word' id='word_1_280' title='bbox 440 4381 589 4446; x_wconf 86' lang='lat' dir='ltr'>Tandem</span> <span class='ocrx_word' id='word_1_281' title='bbox 602 4382 634 4445; x_wconf 77' lang='lat' dir='ltr'>t·</span> <span class='ocrx_word' id='word_1_282' title='bbox 650 4381 802 4464; x_wconf 84' lang='lat' dir='ltr'>«injusta</span> <span class='ocrx_word' id='word_1_283' title='bbox 813 4402 841 4459; x_wconf 79' lang='lat'>»;</span> <span class='ocrx_word' id='word_1_284' title='bbox 854 4397 934 4448; x_wconf 87' lang='lat' dir='ltr'>nam</span> <span class='ocrx_word' id='word_1_285' title='bbox 948 4384 1093 4468; x_wconf 83' lang='lat' dir='ltr'>quirem</span> <span class='ocrx_word' id='word_1_286' title='bbox 1107 4381 1253 4448; x_wconf 84' lang='lat' dir='ltr'>alienam</span> <span class='ocrx_word' id='word_1_287' title='bbox 1260 4383 1354 4465; x_wconf 75' lang='lat' dir='ltr'>Juste</span> <span class='ocrx_word' id='word_1_288' title='bbox 1370 4383 1404 4444; x_wconf 91' lang='lat' dir='ltr'>et</span> <span class='ocrx_word' id='word_1_289' title='bbox 1419 4378 1568 4462; x_wconf 78' lang='lat' dir='ltr'>legitime</span> 
     </span>
     <span class='ocr_line' id='line_1_35' title="bbox 401 4488 1566 4573; baseline -0.004 -19"><span class='ocrx_word' id='word_1_290' title='bbox 401 4491 522 4566; x_wconf 83' lang='lat' dir='ltr'>aufert,</span> <span class='ocrx_word' id='word_1_291' title='bbox 538 4489 602 4554; x_wconf 88' lang='lat' dir='ltr'>etsi</span> <span class='ocrx_word' id='word_1_292' title='bbox 615 4488 795 4567; x_wconf 85' lang='lat' dir='ltr'>violenter,</span> <span class='ocrx_word' id='word_1_293' title='bbox 809 4495 847 4555; x_wconf 91' lang='lat' dir='ltr'>ut</span> <span class='ocrx_word' id='word_1_294' title='bbox 856 4491 1076 4573; x_wconf 86' lang='lat' dir='ltr'>magistratus</span> <span class='ocrx_word' id='word_1_295' title='bbox 1088 4491 1288 4557; x_wconf 88' lang='lat' dir='ltr'>auctoritate</span> <span class='ocrx_word' id='word_1_296' title='bbox 1302 4488 1437 4573; x_wconf 89' lang='lat' dir='ltr'>publiea</span> <span class='ocrx_word' id='word_1_297' title='bbox 1451 4505 1566 4570; x_wconf 84' lang='lat' dir='ltr'>egens,</span> 
     </span>
     <span class='ocr_line' id='line_1_36' title="bbox 403 4601 680 4681; baseline -0.007 -19"><span class='ocrx_word' id='word_1_298' title='bbox 403 4615 473 4662; x_wconf 93' lang='lat' dir='ltr'>non</span> <span class='ocrx_word' id='word_1_299' title='bbox 487 4602 541 4662; x_wconf 89' lang='lat' dir='ltr'>est</span> <span class='ocrx_word' id='word_1_300' title='bbox 554 4601 680 4681; x_wconf 90' lang='lat' dir='ltr'>raptor.</span> 
     </span>
    </p>
   </div>
   <div class='ocr_carea' id='block_1_14' title="bbox 0 0 1717 5570">
    <p class='ocr_par' dir='ltr' id='par_1_17' title="bbox 0 0 1717 5570">
     <span class='ocr_line' id='line_1_37' title="bbox 0 0 1717 5570; baseline 0 0"><span class='ocrx_word' id='word_1_301' title='bbox 0 0 1717 5570; x_wconf 95' lang='lat' dir='ltr'> </span> 
     </span>
    </p>
   </div>
  </div>
 </body>
</html>
