3504 5548
538 557 625 602 erare
646 557 774 610 eururus
794 539 1012 602 cerneremur.
1301 539 1361 604 lec

194 673 232 740 ln
247 675 396 739 secundo
414 692 505 748 casu,
523 672 704 738 ncnmodo
719 673 956 738 corroboratur
968 672 1183 758 privilegium
1196 674 1358 754 validum,

195 783 256 848 sed
282 782 384 848 etiam
406 781 614 846 revalidatur
638 780 835 860 invalidum,
864 781 892 844 si
913 781 1026 865 aliquo
1049 779 1153 848 modo
1176 771 1363 848 invalidum

195 893 316 955 luisset
336 889 516 967 redditum,
540 907 619 953 cum
639 889 712 954 hmo
725 887 937 953 confirmatio
959 888 1159 972 aequivalere
1171 907 1271 956 novae
1284 909 1364 956 con·

196 999 351 1064 cessioni.
380 997 457 1061 llaec
483 982 598 1062 omnia
620 1001 787 1062 cruuntur
812 1015 896 1064 exc.
912 997 943 1074 t,
974 996 1015 1064 de
1030 996 1187 1084 Confirm.
1208 999 1281 1068 util.
1309 999 1365 1068 vel

198 1111 296 1187 tout,
313 1127 356 1174 ex
370 1127 398 1174 c.
416 1102 451 1186 l,*
463 1108 505 1173 de
521 1107 705 1186 Transact,
722 1111 785 1172 etc.

639 1291 669 1342 11.
688 1294 759 1345 Usus
774 1289 920 1357 privilegii.

236 1437 429 1507 Notandum
443 1437 600 1521 estquod
614 1437 830 1521 privilegium
845 1438 1013 1504 ordinerie
1027 1457 1098 1504 non
1113 1441 1253 1505 sortitur
1266 1439 1366 1524 elfec-

198 1552 281 1622 tcm,
298 1547 364 1610 nisi
379 1551 560 1630 postquam
574 1545 616 1610 ad
630 1546 833 1628 privilegiati
845 1546 1001 1612 notitiam
1014 1548 1186 1631 pervenit;
1202 1547 1364 1627 reticeat,

199 1657 278 1739 quia
291 1654 507 1738 privilegium
520 1654 627 1720 invito
637 1673 707 1720 non
722 1655 832 1732 datur,
849 1674 888 1722 ac
900 1655 1042 1740 proinde
1054 1656 1237 1740 requiritur
1247 1657 1367 1722 volun·

200 1769 250 1828 tes
271 1763 486 1846 acceptentis,
514 1780 589 1847 quae
607 1765 840 1848 praesupponit
859 1764 1025 1829 notitiam.
1046 1764 1104 1829 llis
1125 1765 1254 1848 positis,
1277 1782 1367 1848 quae-

199 1871 293 1946 ntur,
318 1889 362 1936 an
385 1875 419 1936 et
438 1870 610 1955 quomodo
632 1870 864 1956 privilegiatus
889 1889 951 1937 suo
971 1872 1147 1955 privilegio
1165 1872 1215 1937 uti
1235 1873 1367 1956 possit?

200 1977 475 2060 l⁰Privilegietus
487 1977 677 2059 generatim
691 1995 760 2042 non
770 1982 907 2043 tenetur
913 1979 963 2044 uti
970 1978 1158 2062 privilegio,
1170 1979 1198 2043 ai
1206 1979 1289 2044 illud
1298 1980 1365 2063 pri·

199 2087 363 2169 vilegium
377 2093 429 2152 est
443 2087 613 2170 singulare
626 2105 688 2152 seu
695 2090 879 2172 privatum,
895 2089 983 2173 quia,
995 2092 1113 2173 utjam
1126 2107 1227 2173 supra
1241 2088 1368 2154 dictum
1426 2080 1430 2089 ’

201 2202 262 2274 est,
287 2195 377 2280 quod
395 2195 431 2261 in
449 2197 603 2260 favorem
617 2195 759 2278 alicujus
773 2196 901 2261 tectum
916 2200 977 2272 est,
997 2214 1066 2261 non
1082 2197 1183 2262 debet
1195 2197 1231 2262 in
1244 2215 1368 2279 grave·

201 2323 281 2370 men
295 2307 370 2387 ejus
384 2304 573 2387 retorqueri
586 2305 669 2386 (reg.
686 2323 735 2367 mn
750 2304 786 2368 in
800 2304 832 2368 6⁰
847 2310 917 2370 etc.
928 2309 948 2369 6
961 2306 995 2369 h.
1012 2306 1066 2387 t.);
1086 2309 1201 2370 tamen
1211 2323 1272 2388 per
1285 2305 1370 2370 ecci·

202 2413 285 2479 dens
295 2412 403 2477 teneri
413 2416 536 2496 potest,
553 2417 591 2476 ut
605 2413 633 2476 si
650 2413 735 2496 quis,
747 2432 780 2478 v.
792 2432 826 2496 g.
838 2414 978 2478 haberet
986 2411 1202 2497 privilegium
1211 2413 1370 2478 audiendi

201 2520 341 2585 misaam
356 2525 506 2603 tempore
525 2520 703 2598 interdicti,
719 2505 895 2586 ‘teneretur
913 2521 966 2587 die
985 2522 1072 2586 testo
1088 2520 1204 2586 audire
1216 2522 1366 2597 missam,

202 2646 244 2693 ex
255 2632 424 2710 praecepto
438 2626 603 2692 Ecclesiae.

241 2735 275 2798 Si
288 2753 370 2801 vero
385 2735 600 2820 privilegium
615 2741 707 2800 esset
717 2753 903 2816 commune,
914 2735 971 2801 illo
986 2741 1160 2804 teneretur
1169 2737 1218 2803 uti
1231 2738 1371 2822 quilibet

202 2845 242 2910 de
258 2843 501 2909 communitate
513 2843 566 2907 cui
578 2860 780 2907 concessum
790 2848 843 2907 est
853 2844 1080 2928 privilegium,
1093 2846 1172 2930 quia
1181 2846 1371 2928 generatim
1404 2861 1407 2866 ·

201 2955 352 3037 privatus
370 2954 488 3037 nequit
501 2953 696 3018 renuntiare
710 2951 887 3035 privilegio
902 2951 1085 3016 communi.
1180 2966 1183 2972 ·
1232 2959 1234 2966 ’

242 3061 274 3124 2⁰
297 3061 468 3125 Adversus
492 3058 597 3124 alium
620 3057 871 3142 privilegiatum
896 3058 947 3121 uti
973 3077 1035 3124 suc
1059 3059 1234 3141 privilegio
1260 3064 1373 3142 potest

204 3169 447 3253 privilegiatae,
463 3167 491 3231 si
509 3166 652 3251 aequalia
673 3168 789 3230 essent
807 3163 985 3249 privilegia
1003 3167 1090 3232 etin
1109 3185 1146 3232 re
1164 3167 1276 3244 simili,
1294 3167 1373 3250 quia

203 3279 239 3341 in
259 3277 418 3341 hoe-casu
434 3274 650 3358 privilegium
665 3273 767 3336 unius
784 3291 855 3338 non
869 3273 1010 3355 deroget
1024 3273 1130 3338 alteri.
1153 3273 1186 3338 si
1206 3291 1288 3339 vero
1306 3275 1374 3358 pri-

204 3386 329 3467 vilegia
343 3389 458 3450 essent
472 3385 637 3467 opposita,
653 3383 902 3466 pree-ferendum
914 3386 966 3446 est
980 3383 1124 3466 speciale
1138 3387 1256 3448 contra
1270 3401 1375 3464 gene-

205 3495 286 3572 rale,
303 3494 383 3578 quia
397 3492 545 3576 «species
560 3492 701 3572 deroget
714 3492 854 3573 generi»
864 3491 946 3572 (reg.
957 3511 1051 3555 xxxrv
1065 3491 1100 3555 iu
1110 3492 1164 3576 6⁰);
1176 3490 1268 3556 velsi
1277 3511 1373 3577 aeque

205 3601 394 3685 generalia,
425 3599 596 3682 antiquius
624 3603 683 3663 aut
710 3616 730 3663 a
757 3603 925 3680 potestate
952 3600 1126 3682 superiore
1156 3615 1371 3678 concessum,

205 3729 353 3794 namque
367 3709 402 3773 in
414 3706 590 3772 contrariis
604 3705 724 3771 lortius
737 3705 908 3789 praevalet.

246 3821 277 3884 3ο
300 3817 416 3896 Quoad
434 3816 542 3881 locum
561 3833 627 3899 quo
646 3815 879 3898 privilegiatus
900 3819 1013 3898 potest
1034 3817 1082 3880 uti
1102 3815 1278 3900 privilegio
1299 3836 1373 3896 suo,

207 3926 486 4008 distinguendum
501 3929 562 3998 est,
578 3941 622 3988 an
636 3924 851 4007 privilegium
863 3941 1063 3989 concessum
1073 3926 1116 3990 sit
1125 3944 1187 4010 pro
1196 3931 1289 3992 certo
1300 3925 1376 3992 loco

209 4041 243 4100 et
256 4041 421 4117 ternpore,
447 4050 491 4096 an
509 4048 591 4096 vero
611 4030 764 4096 absolute
785 4037 818 4096 et
834 4031 908 4096 sine
926 4030 1127 4098 limitatione
1145 4034 1307 4116 temporis
1321 4034 1378 4098 vel

208 4143 283 4208 loci.
301 4141 459 4225 inprime
473 4157 565 4216 casu,
583 4156 665 4202 usus
676 4138 843 4222 privilegii
862 4145 957 4204 extra
969 4139 1083 4204 locum
1097 4140 1152 4206 vel
1168 4146 1301 4224 tempus
1316 4140 1380 4203 illi-

209 4251 296 4315 citus
310 4255 372 4326 est,
390 4248 468 4332 quia
477 4246 692 4330 privilegium
703 4245 840 4312 extendi
854 4265 923 4314 non
934 4251 1048 4332 petest
1057 4248 1144 4312 ultra
1153 4248 1379 4313 intentionem

210 4345 437 4432 concedentis,
453 4372 531 4418 cum
556 4356 688 4436 exejus
707 4353 881 4420 voluntate
898 4359 988 4419 totus
1002 4355 1098 4420 valor
1117 4355 1283 4438 privilegii
1298 4373 1380 4438 pen-

212 4463 300 4530 deat.
317 4463 355 4527 111
370 4462 476 4528 altero
490 4479 582 4538 eesu,
597 4460 813 4546 privilegium
828 4462 920 4528 valet
932 4481 994 4547 pro
1009 4464 1103 4527 omni
1120 4463 1288 4528 territorio
1302 4479 1382 4528 con-

212 4570 374 4650 cedentis,
388 4571 547 4654 quianon
558 4574 610 4634 est
620 4569 896 4653 majorraticpro
906 4588 975 4636 uno
985 4569 1059 4635 loco
1071 4586 1244 4654 quampro
1256 4570 1380 4648 alterc;

155 4746 159 4754 ,
214 4679 347 4746 undosi
362 4696 432 4746 nou
447 4677 576 4746 valeret
588 4695 649 4764 prc
665 4677 758 4745 omui
770 4676 855 4752 loco,
872 4682 963 4744 esset
976 4675 1101 4744 nullius
1115 4675 1249 4742 valoris.
