3514 5564
550 585 635 634 araas
657 585 792 642 ouanrus
817 585 1034 634 accamanus.
1320 563 1378 628 119

210 702 415 768 cohabitatio
429 702 717 786 sitmolesta(ean.
735 703 786 784 18,
801 702 843 768 Si
851 719 1001 780 marm,
1016 701 1066 780 31,
1077 719 1108 786 q.
1123 702 1164 784 a).
1176 701 1219 764 nt
1229 701 1256 764 si
1271 701 1376 776 furor,

210 811 264 875 vel
277 811 426 876 amentia
445 809 634 893 periculosa
655 811 698 874 sit
716 809 824 887 alteri,
840 810 976 890 interim
995 810 1056 875 flet
1073 808 1252 893 separatio,
1272 807 1380 872 donec

118 971 120 976 .
209 919 304 982 furor
322 921 469 982 curetur.
486 917 520 982 si
544 935 627 982 vero
650 935 693 982 ex
713 916 925 982 medicorum
945 917 1158 982 confessione
1179 916 1308 982 curatio
1325 915 1382 980 de-

210 1029 375 1108 speretur,
391 1042 469 1108 pars
485 1023 592 1089 altera
612 1027 739 1088 statum
757 1027 890 1088 mutare
909 1028 1038 1107 potest,
1060 1025 1140 1109 quia
1161 1024 1259 1089 adest
1280 1039 1383 1088 eausa

212 1131 347 1198 divortii
360 1132 526 1216 perpetui,
538 1149 610 1197 non
623 1131 791 1208 absolute,
804 1131 864 1196 sed
874 1131 1119 1207 conditionata
1134 1130 1251 1196 namsi
1260 1133 1384 1214 praeter

212 1241 407 1324 opinionem
421 1241 548 1323 conjux
559 1240 711 1304 furiosus
726 1238 769 1303 ad
782 1255 901 1304 sanam
913 1243 1066 1304 mentem
1075 1239 1210 1317 rediret,
1222 1254 1383 1304 revocare

211 1352 327 1432 posset
340 1350 524 1431 coniugem
538 1365 581 1413 ex
592 1346 779 1436 religion&
797 1347 876 1432 quia
887 1348 1057 1413 sententia
1071 1347 1140 1413 lata
1151 1352 1204 1413 est
1217 1363 1383 1412 exerrare

214 1462 249 1522 et
260 1456 346 1522 falsa
359 1455 481 1521 luroris
502 1455 657 1539 perpetui
679 1454 955 1521 existimatione:
980 1455 1056 1520 talis
1077 1461 1193 1521 autem
1216 1455 1385 1521 sententia

215 1565 347 1630 substat
360 1563 577 1628 revocationi.
596 1562 699 1628 Serus
711 1561 832 1627 accidit
842 1563 878 1625 in
891 1562 1036 1628 divortio
1048 1579 1200 1628 excausa
1213 1566 1385 1647 perpetuae

216 1672 378 1738 saevitiae:
403 1671 482 1755 quia
504 1675 584 1736 tunc
607 1673 735 1754 conjux
748 1675 860 1735 slavus
882 1671 918 1736 in
942 1689 1080 1755 paenam
1104 1671 1214 1736 delicti
1235 1671 1388 1755 privatur

213 1777 490 1864 jnreconjugali;
507 1783 542 1843 et
551 1795 686 1862 conseq.
700 1796 861 1844 revocare
870 1797 940 1844 non
949 1781 1252 1864 potestconjugem
1260 1777 1387 1843 exreli-

216 1887 329 1970 gione,
344 1886 408 1953 etsi
422 1885 571 1952 totaliter
585 1885 714 1951 saevitia
727 1891 848 1952 cesset.

373 2067 428 2121 vll.
443 2064 523 2129 nond
535 2045 632 2132 quem,
641 2063 724 2120 tacto
739 2065 867 2129 divortio,
880 2065 971 2130 proter
985 2063 1100 2120 educari
1114 2063 1233 2120 debeat?

255 2209 354 2294 Resp.
371 2208 469 2294 Apud
494 2194 727 2285 innocentem,
742 2213 777 2274 et
791 2209 928 2292 qiridem
951 2207 1041 2291 apud
1061 2213 1206 2298 matrem
1230 2205 1387 2292 expensis

218 2319 334 2401 patris,
352 2323 387 2383 et
404 2317 494 2402 apud
510 2321 645 2399 patrem
668 2318 827 2399 expensis
854 2318 971 2382 matris
991 2316 1178 2401 locupletis,
1202 2316 1268 2381 nisi
1292 2320 1389 2399 pater

148 2466 151 2472 -
217 2426 488 2492 minusidoneus
502 2431 594 2491 esset
607 2426 650 2492 ad
663 2426 777 2510 proles
789 2427 988 2493 nutriendas
1006 2425 1117 2510 (Aeto.
1135 2425 1290 2510 Sipoter,
1302 2442 1331 2488 c.
1347 2422 1389 2488 de

217 2533 366 2598 Divertio
377 2535 484 2616 sacto,
499 2552 580 2599 nor.
598 2533 667 2612 lli,
689 2552 718 2600 c.
737 2535 779 2617 l).
802 2534 906 2599 Hodie
921 2534 1088 2600 servanda
1107 2539 1160 2600 est
1177 2529 1389 2599 consuetudo

215 2641 371 2707 locorum
388 2663 395 2705 :
411 2642 446 2707 id
461 2660 543 2708 vero
557 2642 786 2726 maximopere
805 2643 1009 2718 curandum,
1031 2623 1207 2736 npj-proles
1226 2639 1390 2706 educetur

122 2819 124 2827 ,
217 2749 306 2830 apud
329 2752 514 2833 conjugem
541 2749 739 2816 haereticum
758 2749 814 2815 vel
834 2755 1037 2834 apostatam,
1056 2747 1123 2815 *sed
1142 2749 1232 2834 apud
1252 2746 1389 2814 carboli·
1438 2747 1444 2760 '

219 2874 309 2934 cum,
332 2861 371 2921 ut
389 2857 544 2923 educatio
559 2857 649 2923 illius
666 2858 760 2926 sitin
781 2857 926 2940 gloriam
945 2859 1004 2923 Dei
1029 2860 1064 2926 et
1083 2858 1206 2923 animae
1230 2857 1387 2922 salntem.

654 3247 848 3310 TlTULUS
876 3247 946 3310 XX.

337 3409 374 3452 na
390 3409 592 3452 oosnrromaus
607 3409 691 3450 mrsu
706 3409 795 3452 rraou
811 3410 848 3452 rr
862 3411 988 3463 uxonru,
1009 3411 1046 3452 rr
1061 3411 1098 3452 bn
1114 3410 1187 3452 nora
1204 3409 1273 3452 rear

594 3491 746 3534 amoarium
763 3493 954 3534 ansrrroannn
971 3479 1016 3546 (l).

257 3779 336 3837 Nota
350 3781 377 3834 t⁰
392 3777 469 3836 inter
485 3777 632 3853 conjnges
653 3777 844 3838 donationem
860 3779 1006 3852 triplicem
1025 3779 1170 3855 distingui
1188 3799 1195 3839 :
1214 3787 1240 3839 1ο
1256 3780 1392 3840 donatio·
1432 3821 1438 3832 ·

221 3867 486 3939 nemorosorum,
503 3881 571 3939 qum
583 3881 643 3924 non
659 3867 693 3924 fit
711 3881 791 3926 mere
805 3867 976 3940 liberaliter,
992 3869 1045 3928 sed
1061 3885 1098 3928 ex
1110 3884 1202 3930 causa
1213 3871 1392 3942 extrinseca,

221 3973 249 4014 r.
263 3973 292 4030 g.
308 3961 430 4030 propter
443 3955 677 4027 matrimonium,
691 3958 735 4014 uti
749 3956 805 4016 dos
821 3962 850 4016 et
862 3957 984 4017 donatio
999 3965 1119 4032 propter
1137 3961 1273 4034 nuptias;
1296 3966 1325 4019 2·
1344 3961 1395 4018 do

222 4048 373 4106 nationem
386 4047 671 4116 remuneratorium,
690 4061 743 4105 seu
759 4047 965 4119 antidototcm,
980 4062 1048 4120 quo
1063 4048 1096 4106 bt
1107 4063 1143 4108 ex
1160 4049 1341 4124 gratitudine
1356 4047 1394 4106 ob

199 4149 204 4156 ·
222 4137 341 4210 aliquod
364 4135 541 4196 beneficium
561 4142 612 4195 aut
627 4135 781 4195 servitium
800 4139 984 4210 praestitum
1005 4141 1035 4196 3⁰
1049 4137 1240 4197 donationem
1261 4153 1342 4196 mera
1359 4137 1396 4198 tr-

223 4227 352 4286 bcrutem
366 4227 581 4300 etprotcr'tom,
595 4240 661 4300 quae
676 4225 710 4284 fit
721 4241 757 4284 ex
772 4226 837 4285 solo
849 4227 961 4285 motivo
974 4227 1171 4300 liberalitatis,
1188 4233 1217 4286 et
1230 4227 1268 4286 ob
1281 4227 1394 4286 nullam

222 4316 310 4374 aliam
325 4329 447 4374 causam
467 4315 666 4374 extrinsecam
688 4331 695 4370 ι
716 4319 745 4372 et
758 4313 821 4374 baec
834 4314 953 4390 proprie
972 4321 1002 4375 et
1022 4316 1124 4376 stricte
1138 4322 1185 4374 est
1201 4315 1333 4387 donatio,
1349 4315 1395 4374 vel

223 4404 409 4474 interrivos,
426 4402 471 4462 rel
484 4403 589 4461 mortis
604 4415 707 4462 causa.
937 4397 940 4402 ’

255 4561 289 4626 (t)
298 4561 389 4626 Agitur
395 4559 424 4612 in
431 4559 483 4611 boc
493 4560 572 4611 titulo
581 4559 615 4610 de
623 4559 686 4612 solis
693 4559 912 4626 dispositionibus
921 4560 1396 4628 cirilibosexjnreltomanodesnnrp·

224 4638 269 4700 tis,
285 4651 364 4702 porro
378 4640 471 4688 auctor
484 4634 528 4686 bic
535 4635 644 4686 tradidit
652 4637 873 4702 sanctionesjuris
885 4638 1007 4699 Romani,
1016 4652 1077 4703 quaa
1085 4639 1113 4690 in
1125 4637 1216 4690 multis
1225 4637 1396 4688 luamntmu·

225 4717 295 4764 tete.
310 4713 437 4780 ltaquein
451 4713 493 4764 bis
506 4712 631 4764 omnibus
641 4713 702 4765 vida
717 4713 1005 4780 cirilistasetsuperius
1021 4714 1090 4767 dicta
1103 4715 1130 4767 in
1145 4715 1192 4766 lib.
1202 4713 1247 4777 lll,
1263 4713 1304 4766 tit.
1319 4725 1394 4766 xxiv.
1444 4789 1453 4802 ⁶
