3504 5548
522 555 609 602 elene
630 551 757 611 colurus
778 551 999 602 nscmreuuu.
1290 529 1346 596 181

186 675 313 754 sonele,
330 677 358 742 si
374 679 427 740 est
444 673 616 752 odiosum;
639 674 730 741 reale
744 691 837 752 vero,
865 673 894 737 si
921 678 973 740 esi
998 669 1137 738 omnino
1155 668 1349 736 favorabile.

186 787 295 870 ntiqui
308 767 556 851 nonnosum
571 785 709 850 ceruum
725 781 1068 858 membranaceum,
1084 796 1206 865 nempe
1222 780 1353 863 pnvne-

185 895 280 975 glum
288 894 444 971 mictum,
456 911 517 956 seu
531 894 654 976 partim
665 891 843 976 personale
858 889 1022 974 etpartim
1032 888 1122 955 reule
1136 909 1143 952 :
1158 907 1190 952 v.
1203 907 1236 972 g.
1253 888 1355 970 privi-

185 1002 275 1084 legia
284 1002 495 1077 clericorum,
505 1019 579 1084 quae
588 991 830 1076 conceduntur,
842 1017 912 1064 non
921 1003 1176 1080 mererespcctu
1186 1014 1352 1080 personae,

187 1129 250 1176 nec
265 1129 358 1176 mers
374 1113 531 1193 respectu
541 1110 601 1185 rei,
618 1109 821 1175 seductione
837 1109 1024 1192 utriusque.

674 1333 820 1413 secuo'
836 1351 874 1412 u.

204 1511 252 1564 its
270 1508 509 1575 acquisitione,
525 1506 739 1560 innovatione
762 1508 796 1558 st
811 1505 1062 1559 ooniirmntlono
1079 1503 1342 1572 privilegiorum.

610 1693 662 1766 §L
678 1694 719 1752 lte
733 1691 938 1767 acquisitione.

230 1864 348 1929 Tribus
373 1863 484 1928 modis
501 1861 629 1946 acquin
649 1863 762 1944 potest
781 1861 998 1942 privilegium
1020 1881 1027 1924 :
1050 1862 1081 1923 1ο
1108 1878 1169 1944 per
1194 1861 1362 1926 actualem

191 1973 447 2040 concessionem
465 1970 635 2054 principis,
653 1987 714 2035 seu
729 1969 802 2034 sine
816 1973 973 2052 respectu
985 1969 1028 2034 ad
1042 1969 1132 2034 eliud
1145 1969 1362 2052 privilegium

190 2080 430 2165 praeexisteus3
457 2081 489 2143 2⁰
512 2097 573 2161 per
593 2077 949 2156 communicationem,
973 2096 1034 2142 seu
1052 2095 1114 2162 per
1128 2077 1364 2144 extensionem

192 2189 335 2272 alicujus
356 2188 534 2272 privilegii,
555 2186 610 2252 vel
629 2187 886 2252 concessionem
905 2187 1041 2265 similis;
1065 2187 1097 2250 3ο
1112 2207 1173 2271 per
1190 2189 1365 2272 praescrip·

193 2297 333 2372 tionem,
356 2302 416 2362 eut
438 2315 499 2378 per
523 2295 807 2361 consuetudinem
828 2293 1029 2377 legitimum,
1057 2295 1144 2360 sicut
1169 2295 1244 2380 ipsa
1263 2295 1365 2379 juris-

194 2405 294 2471 dictio
311 2409 346 2468 et
359 2403 425 2492 eliu
436 2403 562 2488 ecquiri
576 2407 722 2487 possunt
735 2421 797 2484 per
807 2402 1100 2468 consuetudinem.

639 2591 658 2640 i.
674 2591 713 2641 De
728 2589 919 2641 concessione.

235 2736 267 2819 a)
285 2735 313 2802 A
335 2753 401 2819 quo
420 2731 646 2800 concedatur?
668 2733 710 2796 Ut
728 2733 856 2798 dictum
876 2739 928 2799 est
947 2752 1060 2818 supro,
1082 2735 1193 2800 omnis
1218 2741 1251 2802 et
1272 2735 1364 2803 solus

194 2841 250 2907 ille
271 2847 384 2926 potest
402 2842 589 2907 concedere
603 2841 829 2924 privilegium,
856 2843 914 2926 qui
935 2841 1047 2924 legem
1069 2847 1182 2925 potest
1202 2844 1363 2922 conderet

195 2969 275 3016 nem
287 2951 504 3035 privilegium
519 2955 570 3015 est
583 2951 639 3014 lex
653 2951 795 3034 privetu,
812 2956 847 3013 et
865 2951 894 3014 si
907 2956 959 3016 esi
970 2955 1088 3016 contre
1095 2953 1162 3034 jue,
1175 2953 1379 3037 privilegis

195 3063 269 3123 tum
284 3061 325 3124 nb
336 3059 573 3125 observatione
583 3057 669 3140 legis
679 3058 870 3123 communis
888 3058 1021 3135 eximit;
1041 3059 1163 3123 sivero
1180 3067 1231 3124 est
1243 3067 1366 3143 praeter

193 3171 261 3251 jus,
285 3172 426 3236 coeteros
447 3167 639 3248 obstringit,
659 3185 702 3230 ne
721 3165 835 3248 ipsum
854 3165 1101 3248 privilegiatum
1119 3166 1306 3249 impedient
1324 3169 1365 3232 eb

198 3295 261 3341 usu
279 3276 454 3358 privilegii.
470 3275 558 3357 Ergo
567 3275 605 3340 in
614 3275 707 3340 omui
719 3274 895 3358 privilegio
908 3274 1090 3358 requiritur
1105 3281 1255 3358 potestus
1266 3277 1365 3358 legis-

197 3384 323 3450 latoris.
341 3385 378 3450 ln
394 3386 505 3468 specie
520 3386 673 3450 conterre
686 3389 832 3467 possunt
843 3383 1022 3466 privilegia
1039 3405 1046 3446 ι

238 3496 270 3557 i⁰
289 3494 449 3559 Summus
464 3493 630 3572 Pontifex,
651 3499 685 3558 et
706 3493 843 3577 quidem
865 3495 901 3559 in
920 3495 1063 3560 materie
1080 3496 1244 3579 spirituali
1266 3497 1366 3563 indis·

199 3602 301 3666 linote
315 3603 352 3668 in
365 3607 437 3668 toto
451 3603 531 3667 orbe
543 3608 725 3679 terrerum
736 3603 824 3666 circe
839 3602 1046 3686 temporalia,
1057 3605 1093 3667 in
1104 3609 1269 3688 quantum
1281 3624 1365 3690 opus

199 3703 251 3776 est
262 3730 324 3796 per
340 3713 494 3778 ordinem
510 3713 552 3777 ud
566 3711 761 3796 spiritualis.
777 3711 847 3777 Hoc
860 3713 1002 3795 intelligi
1021 3713 1123 3779 dehet
1143 3734 1212 3781 non
1235 3720 1367 3781 tentum

199 3819 240 3884 de
255 3821 432 3904 privilegio
445 3822 642 3887 concessivo
657 3821 745 3885 ultra
756 3824 813 3903 jus
827 3840 1020 3898 commune,
1044 3823 1104 3888 sed
1119 3825 1221 3888 etiem
1239 3825 1280 3888 de
1303 3825 1368 3889 dis·

198 3930 375 4010 pensetivo
390 3930 510 4014 injure
525 3931 698 3996 communi
709 3951 716 4007 ;
729 3949 809 3995 nem
821 3931 976 3996 Pontifex
984 3932 1097 4014 legem
1108 3933 1368 3998 ecclesiasticum

199 4035 263 4100 sibi
285 4038 474 4120 subjectum
495 4039 598 4104 habet
617 4038 833 4123 simpliciter3
853 4039 987 4104 civilem
1006 4059 1088 4106 vero
1111 4045 1267 4116 eotenus,
1291 4059 1370 4124 que-

199 4147 298 4208 tcnus
314 4161 399 4230 opus
414 4151 467 4212 est
480 4146 523 4211 ed
538 4147 667 4211 bonum
681 4165 863 4212 commune
878 4145 1043 4212 Ecclesiae.

237 4253 270 4316 2⁰
284 4254 437 4339 Episcopi
448 4262 593 4340 possunt
607 4257 763 4321 conterre
775 4255 962 4339 plivilegie,
979 4257 1099 4322 saltem
1109 4259 1144 4322 in
1153 4258 1285 4340 legibus
1300 4278 1319 4324 c
1332 4278 1368 4324 se

198 4361 354 4439 conditis,
370 4381 441 4428 non
454 4382 536 4429 vero
552 4371 672 4430 contre
682 4366 740 4447 jus
754 4381 948 4441 commune,
964 4364 1028 4428 nisi
1043 4371 1210 4449 quatenus
1223 4368 1288 4432 hoc
1304 4368 1369 4432 illis

198 4470 254 4535 vel
267 4470 308 4536 de
321 4473 410 4555 jure,
426 4471 483 4538 vel
497 4474 539 4538 de
551 4472 807 4547 consuetudine,
827 4478 887 4537 eut
900 4491 961 4555 per
975 4472 1145 4538 indultum
1158 4475 1300 4558 speciale
1318 4480 1371 4541 est

197 4596 409 4646 conoessum.
425 4581 521 4648 ldcm
536 4581 718 4649 dicendum
735 4587 787 4647 est
801 4581 843 4647 de
865 4582 1022 4648 omnibus
1039 4582 1187 4666 praeletis
1206 4582 1302 4667 Pepae
1321 4584 1369 4648 in-

196 4686 388 4754 ferioribus.
989 4731 994 4742 ·

358 4816 403 4866 111.
1171 4799 1208 4866 31
