3500 5552
543 655 632 701 mmm
653 658 781 710 oururus
802 657 1023 703 orcnurnmou.
1312 640 1372 703 533

233 773 265 836 4⁰
283 771 424 836 Tollitur
435 773 582 853 tufomto
592 774 695 837 solius
703 775 792 856 sacti
804 774 892 839 facto
902 775 1083 849 contraria,
1099 775 1226 839 scilicet
1236 773 1372 858 publica

194 885 228 944 et
242 881 411 944 constanti
431 881 668 946 emendatione
687 905 693 945 :
711 888 763 946 est
776 886 948 958 constans,
963 883 992 946 si
1008 901 1071 965 per
1086 883 1269 947 triennium
1292 902 1372 948 con-

194 988 345 1052 tinuetur
363 1009 369 1050 :
386 989 434 1053 ito
453 988 605 1073 plerique
620 989 684 1054 DD.
703 989 793 1073 opud
808 987 1024 1072 Schmalzgr.,
1046 1010 1079 1055 n.
1098 991 1166 1054 tit.
1185 991 1281 1056 Ratio
1306 996 1367 1068 est,

194 1098 273 1182 quia
298 1099 437 1162 infamia
454 1099 534 1162 facti
548 1098 699 1163 adbaeret
711 1101 816 1174 fact03
841 1117 922 1182 ergo
935 1098 1061 1164 abolito
1074 1100 1163 1164 facto
1178 1119 1240 1182 per
1254 1119 1370 1165 emen-

194 1206 376 1282 dationem,
393 1207 458 1270 boc
471 1207 546 1290 ipso
558 1214 668 1272 cessat
681 1209 819 1272 infamia
834 1212 868 1272 et
879 1208 1110 1288 irregularitas
1126 1227 1169 1272 ex
1183 1227 1224 1272 ea
1242 1213 1326 1274 orta.

233 1313 376 1379 Infamia
386 1316 485 1398 juris,
507 1334 586 1380 cum
606 1316 649 1380 sit
668 1320 843 1399 perpetua,
866 1316 1001 1380 nonnisi
1023 1335 1043 1380 a
1061 1316 1212 1399 principe
1228 1316 1367 1392 tollitur,

194 1425 294 1505 eujus
310 1425 510 1489 auctoritate
526 1426 684 1508 imposita
695 1427 842 1507 est(can.
859 1426 888 1502 7,
900 1425 1040 1501 causat,
1053 1446 1083 1510 q.
1096 1426 1137 1507 3).
1149 1425 1244 1490 Unde
1257 1427 1369 1510 quoad

193 1531 344 1609 clericae,
364 1531 525 1597 Summus
545 1532 700 1598 Pontifex
722 1533 1007 1615 irregularitatem
1028 1534 1070 1598 ab
1092 1534 1231 1598 infamia
1250 1533 1368 1598 tollere

194 1645 316 1726 potest.
346 1640 438 1705 Circa
458 1640 562 1706 laicos
591 1660 684 1718 vero,
712 1633 781 1707 non
804 1647 917 1725 potest
944 1641 1062 1709 tollere
1092 1642 1280 1719 infamiam,
1304 1642 1369 1706 nisi

194 1749 305 1832 quoad
319 1749 461 1814 effectus
472 1753 549 1833 jure
563 1750 725 1816 canonico
738 1751 898 1829 indictos;
915 1771 996 1817 nam
1009 1752 1150 1817 effectus
1162 1749 1279 1815 indicti
1291 1753 1368 1834 jure

192 1857 281 1923 civili
302 1859 373 1924 tolli
393 1859 559 1926 debente
578 1861 728 1945 principe
744 1861 907 1926 saeculari.
930 1862 1071 1938 Quando
1086 1862 1243 1944 princeps
1265 1879 1369 1926 saecu-

191 1967 271 2032 laris
285 1969 399 2034 abolet
420 1969 594 2034 infamiam
606 1969 693 2054 juris
708 1969 815 2034 civilis
836 1989 856 2034 a
874 1970 1062 2035 canonibus
1081 1970 1219 2054 recepti,
1240 1970 1369 2052 irregu-

191 2075 306 2141 laritas
329 2077 365 2140 in
393 2097 433 2143 eo
457 2078 599 2142 fundata
620 2077 760 2144 omnino
788 2084 914 2156 cessat,
939 2079 986 2144 ita
1010 2083 1048 2142 ut
1074 2079 1139 2143 alia
1160 2079 1367 2162 dispensatio

193 2203 262 2248 non
284 2185 485 2268 requiratur.
507 2187 622 2262 Secus,
640 2186 775 2271 quando
794 2187 935 2252 infamia
955 2187 1093 2252 inducta
1108 2191 1160 2252 est
1176 2190 1253 2270 jure
1269 2206 1368 2252 cano-

193 2293 295 2357 nico:
318 2295 382 2358 hoc
404 2312 484 2359 casu
503 2295 734 2376 irregularitas
756 2314 826 2360 non
851 2297 1043 2362 aboleretur
1062 2296 1135 2362 sola
1152 2295 1367 2366 restitutione

192 2402 290 2466 famae
314 2404 402 2467 facte
426 2420 446 2467 a
467 2403 618 2486 principe
641 2403 814 2480 saeculari;
840 2405 900 2469 sed
925 2423 1011 2488 opus
1038 2409 1090 2468 est
1114 2402 1367 2487 dispensatione

193 2508 386 2591 apostolica.

574 2679 605 2730 11.
618 2679 684 2731 Alia
700 2690 790 2743 poena
806 2679 983 2744 temporales.

231 2840 263 2922 α)
286 2839 443 2904 Secunda
462 2859 565 2923 poena
590 2841 786 2924 temporalis
807 2845 859 2905 est
879 2840 1007 2905 mulcta
1022 2843 1231 2924 pecuniaria.
1254 2843 1367 2908 Potest

190 2948 263 3011 haec
277 2964 379 3030 poena
393 2947 501 3029 infligi
517 2948 662 3032 ajudice
678 2947 904 3012 ecclesiastico
918 2968 925 3010 :
941 2953 1076 3013 constat
1094 2967 1138 3012 ex
1151 2949 1253 3013 variis
1267 2968 1367 3016 cano-

190 3055 290 3119 nibus
305 3059 340 3120 et
353 3057 528 3138 speciatim
543 3075 586 3120 ex
600 3073 628 3119 c.
641 3055 742 3131 Trid.‚
760 3073 845 3120 sess.
862 3057 912 3132 25,
929 3073 956 3119 c.
972 3056 1003 3132 3,
1021 3055 1143 3138 delfos.
1160 3055 1237 3121 Hac
1251 3061 1366 3123 tamen

189 3164 333 3246 pecunia
342 3182 413 3228 non
422 3168 536 3248 potest
548 3165 727 3247 episcopus
743 3165 806 3228 sibi
818 3170 878 3229 aut
892 3164 963 3228 suis
973 3163 1172 3229 officialibus
1186 3165 1364 3248 applicare,

190 3272 246 3336 vel
259 3291 387 3337 mensae
403 3271 579 3355 capitulari
595 3276 633 3352 (c.
652 3271 752 3347 Trid.‚
771 3272 791 3336 l.
808 3275 859 3354 a).
878 3270 1094 3336 Consuetudo
1109 3272 1144 3334 in
1159 3273 1366 3338 contrarium

191 3385 243 3444 est
256 3381 448 3463 corruptela
463 3384 497 3445 et
510 3379 609 3445 bonis
623 3380 775 3445 moribus
790 3397 920 3444 aversa.
938 3378 1032 3444 Unde
1052 3397 1154 3461 poena
1172 3380 1367 3463 pecuniaria

190 3487 350 3570 applicari
366 3487 466 3553 debet
483 3489 547 3571 piis
561 3487 644 3553 locis
660 3492 694 3554 et
706 3489 923 3572 pauperibus.

231 3596 260 3677 b)
271 3596 381 3661 Tertia
389 3616 491 3679 poena
502 3603 554 3662 est
569 3599 797 3662 r'ucorcerotr'o.
811 3597 897 3661 Exc.
914 3598 963 3675 ta,
981 3598 1125 3664 deSeot.
1142 3621 1364 3681 eocommun,

190 3703 226 3768 in
248 3706 292 3783 6⁰,
312 3711 446 3772 constat
473 3707 632 3772 clericum
652 3708 694 3772 de
715 3709 797 3788 fuga
821 3712 1021 3791 suspectum
1040 3728 1141 3793 posse
1166 3712 1365 3776 incarcerari

189 3815 351 3880 custodiae
376 3835 489 3895 causa,
518 3822 551 3881 et
574 3835 688 3882 carcer
711 3821 824 3900 potest
838 3818 988 3901 protrahi
1010 3837 1188 3904 quousque
1200 3820 1367 3903 judicium

190 3922 299 3987 durat.
320 3924 445 3990 Tamen
465 3945 580 3991 carcer
599 3945 673 3990 esse
694 3925 794 3990 debet
813 3927 990 4003 honestus,
1004 3925 1147 4004 lucidus,
1165 3927 1289 3993 decens
1303 3948 1365 4013 pro

187 4035 342 4117 personis
358 4035 461 4099 sacris
477 4037 581 4118 (cono.
598 4036 698 4110 Trid.‚
716 4054 800 4100 sess.
817 4035 868 4111 tc,
888 4054 916 4099 c.
933 4036 963 4111 6,
980 4035 1021 4099 dc
1035 4017 1208 4120 Reform).

228 4143 301 4208 Non
316 4143 419 4207 modo
434 4143 476 4208 ad
489 4144 679 4208 custodiam
693 4145 732 4207 fit
746 4143 976 4220 incarceratio,
993 4162 1114 4208 verum
1128 4147 1282 4211 etiamad
1295 4167 1366 4230 pm·
1421 4159 1425 4166 “

188 4271 280 4327 nam,
298 4256 337 4314 ut
347 4254 419 4334 jam
435 4252 643 4316 sufficienter
656 4257 748 4335 patet
770 4252 987 4316 tribunalium
1003 4271 1078 4315 usu.
1095 4251 1191 4318 Ratio
1207 4260 1268 4330 est,
1287 4256 1367 4339 quia

188 4378 267 4424 cum
281 4360 336 4423 SS.
354 4378 502 4425 canones
517 4379 587 4425 non
600 4361 755 4443 infligant
766 4379 904 4444 poenam
914 4363 1045 4437 mortis,
1058 4379 1172 4425 carcer
1184 4367 1236 4426 est
1250 4383 1366 4430 neces-

189 4470 309 4546 sarius,
327 4488 370 4534 ne
386 4470 527 4536 crimina
540 4475 702 4535 maneant
716 4471 893 4553 impunita.

230 4577 377 4642 Carceris
394 4595 502 4661 poenae
526 4578 637 4642 affinis
659 4577 741 4643 olim
763 4583 835 4642 erat
856 4583 929 4643 erat
947 4579 1156 4661 orpostotum
1178 4580 1229 4663 (ab
1251 4581 1365 4662 ἐργάζε·

191 4707 253 4764 μαι,
283 4705 396 4768 agere,
421 4688 579 4770 operari),
603 4687 787 4771 quoderat
809 4706 923 4753 carcer
941 4689 1080 4771 junctus
1102 4689 1249 4754 tabernis
1265 4690 1365 4755 desti-

87 4884 91 4893 !
191 4796 280 4860 natis
296 4795 338 4861 ad
353 4814 439 4878 opus
455 4800 489 4862 et
502 4796 635 4864 labores
650 4796 896 4882 mancipiorum
912 4796 1129 4873 deteriorum,
1148 4817 1222 4884 quae
1236 4801 1364 4868 catenis
