3388 5582
383 622 465 670 serus
487 623 671 671 arosroxxcn
694 625 831 672 uacuum
853 625 889 670 xc
911 623 1162 672 oncuxaarrouns.
1301 607 1357 681 661

184 833 216 886 Β.
236 832 353 900 congr.
368 833 401 886 Β.
418 833 457 886 U.
474 833 712 970 rnqntnaaonss
729 849 835 970 0110οὲ
854 834 1094 888 constitutione
1111 834 1268 903 apostolice
1285 836 1360 891 sertis

714 920 807 971 samo
836 931 865 970 0.

606 1035 649 1102 (11
662 1037 760 1102 quesita
772 1035 882 1089 ordinarii
894 1037 935 1098 N.)

218 1178 261 1236 aa
283 1193 454 1252 supremam
475 1179 553 1238 banc
574 1178 842 1254 congregationem
864 1177 1010 1238 nonnulla
1030 1178 1122 1240 dubia
1149 1179 1246 1239 delata
1276 1187 1359 1250 sunt,

182 1267 220 1326 ab
240 1268 443 1342 amplitudine
461 1273 522 1328 Tua
537 1259 700 1344 proposita,
716 1269 826 1344 quibus
841 1268 915 1328 faria
937 1272 985 1339 4²,
1001 1267 1049 1327 die
1075 1273 1108 1326 15
1129 1269 1208 1344 junii
1232 1268 1360 1330 labentis

183 1357 254 1415 anni
272 1359 350 1427 18711,
366 1358 407 1416 ita
421 1373 603 1431 responsum
622 1365 683 1420 ast:

218 1448 254 1506 ln
267 1453 374 1522 quarto
391 1447 488 1518 dnbio,
506 1449 592 1522 plura
607 1465 624 1508 a
639 1455 667 1508 te
682 1453 827 1524 congesta
837 1454 920 1508 sunt.
938 1451 973 1506 El
989 1448 1086 1522 primo
1101 1448 1221 1522 quidem
1235 1450 1360 1510 anxium

182 1543 211 1595 te
239 1536 400 1597 exhibebas
428 1537 507 1597 circa
528 1539 726 1614 magistratus
754 1538 917 1598 catholicas
946 1544 976 1596 et
999 1539 1142 1597 auberntt
1164 1555 1282 1606 servos,
1307 1541 1359 1615 qui
1470 1533 1473 1537 ’

182 1627 401 1687 immunitatem
424 1628 500 1702 asyli
519 1629 712 1689 ecclesiastici
734 1629 863 1699 violant,
886 1630 1000 1688 veritus
1030 1629 1172 1688 nimirum
1198 1643 1235 1689 ne
1254 1646 1359 1690 omues

182 1717 487 1777 excommunicationi
508 1719 683 1792 subjaceant
697 1735 765 1794 quae
779 1719 811 1777 ia
831 1718 1046 1778 constitutione
1065 1719 1243 1793 apostolica}
1264 1720 1359 1793 seda,

183 1813 216 1867 t2
231 1808 362 1867 octobris
378 1813 458 1880 1861,
474 1814 521 1868 est
539 1809 646 1881 quinta
661 1809 738 1868 inter
762 1810 1088 1868 excommunicationes
1113 1809 1180 1869 late
1204 1811 1360 1872 sententiae

182 1902 217 1957 ll.
235 1898 370 1958 Pontifici
389 1904 567 1970 reservatas,
583 1914 676 1972 enque
699 1905 746 1958 ost
762 1898 877 1958 tenoris
895 1900 1050 1974 sequentis
1071 1917 1078 1956 ε
1101 1921 1115 1951 α
1140 1900 1359 1959 lmmunitatem

181 1986 257 2061 asyli
272 1987 467 2046 ecclesiastici
482 1987 592 2048 violare
603 1981 746 2062 jubentes
759 1994 812 2047 aut
825 2003 885 2048 usu
905 1988 1063 2046 temerario
1084 1988 1243 2068 violantes.
1264 2013 1278 2044 n
1296 1993 1361 2062 Qua

181 2080 209 2134 te
223 2075 371 2138 anxietate
392 2081 426 2135 ut
438 2077 603 2136 eximerent
617 2079 680 2138 Emi
697 2081 808 2146 Patres,
826 2077 927 2137 audito
943 2078 1031 2136 etiam
1048 2079 1130 2138 SSmi
1149 2065 1284 2150 oraculo,
1300 2094 1360 2139 mo

181 2165 278 2224 nilum
292 2171 321 2226 te
335 2166 455 2226 voluere
466 2168 495 2226 in
511 2182 545 2225 ea
560 2167 689 2227 formula
697 2168 805 2227 rerba:
820 2183 898 2228 ansa
909 2167 1079 2238 temerario,
1095 2173 1257 2242 utrumque
1270 2183 1359 2228 mem-

181 2254 268 2313 brum
283 2255 449 2329 complecti.
474 2260 515 2314 Ex
530 2272 591 2330 quo
616 2257 770 2332 intelligas
785 2272 855 2316 eum
878 2261 994 2316 tanturn
1018 2257 1358 2318 excommunicationem

160 2358 164 2366 ’
181 2343 344 2414 incurrere,
357 2345 409 2418 qui
422 2345 459 2404 ab
474 2346 542 2404 aliis
557 2346 682 2405 minime
694 2351 828 2418 coactae,
839 2347 1017 2421 prudensac
1027 2345 1128 2405 sciens
1139 2347 1359 2406 immunitatem
1450 2413 1452 2418 ,

180 2433 256 2506 asyli
271 2433 465 2494 ecclesiastici
478 2441 529 2494 eat
542 2436 652 2496 violare
664 2436 759 2510 jubet,
772 2443 825 2495 aut
838 2436 1030 2511 exsequendo
1043 2435 1145 2506 violat,
1162 2451 1252 2510 quem
1270 2451 1359 2512 porro

181 2525 283 2596 utpote
291 2525 390 2585 omnis
398 2527 763 2601 excusationisexpertem
773 2525 1237 2600 excommunicationisubiacere
1249 2527 1358 2587 mirum

179 2629 245 2674 esse
260 2630 320 2675 non
335 2617 431 2676 (tebet.
636 2627 637 2630 ’
1158 2622 1160 2629 ·

214 2706 327 2764 Deinde
351 2706 480 2764 similem
502 2707 657 2780 aperiebas
682 2706 916 2766 sollicitudinem
938 2706 1037 2780 quoad
1056 2705 1178 2765 eosdem
1200 2706 1358 2779 magistra-

179 2800 228 2853 tus
243 2800 272 2853 ct
292 2795 433 2853 Guberaii
461 2810 566 2854 seruos
593 2795 748 2854 trahentes
769 2795 892 2854 clericae
913 2794 953 2853 011
969 2809 1059 2852 annm
1081 2794 1216 2853 tribunat
1235 2801 1360 2868 propter

178 2883 369 2942 violationem
384 2885 457 2958 teate
472 2885 569 2944 civilia
583 2885 645 2944 aiae
659 2885 718 2943 alio
742 2884 842 2955 modo,
858 2899 935 2956 quos
959 2898 1065 2942 omnes
1087 2881 1214 2942 timebas
1239 2898 1357 2942 excom·

180 2971 383 3031 manicatione
403 2987 472 3032 esse
493 2973 702 3048 irretitosque
715 2974 746 3031 in
761 2973 840 3032 dicta
854 2972 1068 3031 constitutione
1081 2972 1258 3046 apostolice
1273 2973 1358 3034 Sedis

179 3067 226 3120 est
240 3061 368 3135 septima
381 3062 459 3120 inter
473 3053 799 3122 excommunicationes
815 3062 881 3121 latae
905 3060 1061 3122 sententiae
1077 3065 1110 3120 11.
1134 3063 1271 3122 Pontifici
1293 3078 1359 3138 epe

179 3152 247 3210 ciali
275 3152 363 3212 modo
391 3157 569 3210 reservatas.
592 3153 647 3212 Sed
673 3154 703 3212 in
731 3167 765 3211 aa
788 3153 918 3211 termula
940 3152 1092 3210 attendere
1115 3152 1206 3211 debes
1233 3153 1357 3212 verbum

180 3249 326 3318 carentes,
356 3245 435 3318 quod
462 3259 535 3302 sane
558 3244 670 3303 indicat
694 3243 1034 3303 excommunicationem
1055 3257 1107 3302 eos
1129 3257 1189 3300 non
1211 3244 1358 3318 attingere

179 3335 230 3408 qui
247 3333 435 3394 subordinari
449 3341 532 3406 sunt,
547 3335 666 3393 etiarnsi
678 3334 797 3407 judices
815 3333 935 3406 luerint,
951 3335 1003 3394 sed
1028 3334 1058 3393 ia
1074 3349 1127 3392 eos
1150 3339 1264 3392 tantum
1289 3349 1357 3394 esse

178 3425 268 3482 latam
284 3424 336 3497 qui
350 3439 369 3482 a
383 3424 501 3482 nemine
518 3425 612 3483 coacti
628 3424 673 3482 rel
688 3424 763 3482 tales
774 3423 819 3482 vel
835 3424 910 3484 alios
926 3425 962 3483 arl
974 3424 1125 3499 agendum
1140 3428 1263 3498 coguut,
1279 3439 1357 3497 quos

180 3515 268 3574 etiarn
281 3514 499 3589 indulgentiam
515 3514 627 3575 nullam
643 3514 750 3574 merari
760 3513 848 3572 facile
863 3514 1038 3588 perspicies

216 3606 321 3664 Mirum
341 3610 441 3664 autem
461 3605 560 3664 visum
582 3611 639 3676 cst,
662 3602 741 3678 quod
757 3604 845 3662 tertio
859 3604 925 3663 loco
940 3604 977 3663 ale
992 3604 1100 3664 lisdem
1120 3605 1256 3664 censuris
1271 3605 1358 3664 adda·

179 3697 245 3766 bae,
260 3711 300 3756 an
315 3709 421 3756 reuera
434 3695 770 3760 excommunicationem
780 3695 941 3754 incurrant
951 3695 998 3754 itti
1009 3695 1061 3770 qai
1072 3695 1124 3753 otc
1134 3693 1233 3754 ideam
1246 3693 1357 3755 babent

180 3787 314 3861 leonina
341 3787 427 3862 lonae
456 3793 586 3860 tempore
610 3786 811 3846 obtenturam
839 3786 902 3844 siae
924 3787 957 3845 in
978 3787 1090 3860 Analia
1112 3787 1176 3846 aioc
1193 3787 1226 3845 in
1246 3786 1355 3846 Gallia.

178 3877 285 3953 Agitur
299 3877 378 3936 enim
393 3877 429 3934 de
449 3876 665 3936 constitutione
679 3877 857 3950 apostolice
872 3875 967 3947 seon,
988 3890 1054 3948 quaa
1067 3891 1128 3933 non
1145 3891 1161 3934 a
1176 3877 1268 3950 longo
1283 3881 1355 3934 tcm-

179 3982 261 4042 pore,
277 3968 329 4026 sed
345 3968 393 4027 dle
409 3973 442 4026 la
454 3967 595 4038 octobris,
608 3983 688 4046 auno
704 3972 782 4039 18119,
797 3953 878 4028 0111111
890 3975 947 4038 est,
963 3973 991 4026 et
1006 3968 1037 4026 ia
1052 3983 1113 4042 que
1127 3971 1270 4026 Summus
1283 3971 1357 4025 Pon-

178 4057 251 4116 tifex
266 4072 407 4130 expressc
422 4063 680 4118 moneteeasuras
694 4074 800 4118 omnes
821 4074 888 4133 qum
910 4058 941 4116 in
966 4071 1001 4116 ea
1024 4057 1225 4128 continentur,
1251 4080 1266 4108 α
1294 4071 1356 4116 nou

180 4149 269 4208 modo
297 4164 333 4206 ex
360 4154 493 4208 veterum
516 4164 666 4208 canonum
688 4151 874 4220 auctoritate,
899 4154 1049 4224 quatenus
1079 4163 1148 4207 curn
1173 4149 1228 4207 bac
1253 4155 1384 4207 nostra·

180 4237 393 4297 constitutione
411 4238 604 4308 conveniunt,
624 4254 727 4297 verum
743 4240 832 4299 etiam
848 4255 883 4298 ex
899 4239 954 4298 bac
973 4239 1038 4312 ipsa
1051 4238 1267 4298 constitutione
1287 4253 1355 4298 nos·

180 4333 417 4396 t1·a‚nonsecus
436 4343 470 4386 aa
484 4327 509 4399 si
526 4327 655 4401 nmmum
681 4329 766 4387 edilae
784 4328 821 4386 ab
841 4343 876 4386 ea
900 4327 1022 4397 luerint,
1044 4327 1104 4384 vim
1127 4324 1213 4386 suam
1229 4343 1355 4400 prorsus

179 4417 312 4489 accipere
326 4416 443 4475 debere.
460 4439 474 4469 0
494 4421 556 4475 11011
573 4418 666 4491 igitur
679 4417 753 4476 adeo
766 4417 895 4477 recentis
907 4416 994 4491 legis,
1005 4415 1182 4491 regulariter
1194 4414 1356 4490 loqaonao,

179 4506 350 4580 ignorantia
370 4506 491 4565 obtendi
508 4512 617 4580 potest,
638 4521 706 4567 cum
721 4508 812 4567 luerit
825 4523 861 4566 ea
875 4507 1050 4567 constitutio
1065 4511 1095 4564 et
1108 4521 1162 4579 pro
1178 4513 1239 4565 tota
1261 4507 1357 4565 Eccle-

180 4594 226 4652 sia
240 4593 271 4652 ia
289 4595 363 4652 Urbe
377 4597 567 4672 promulgata
581 4602 611 4654 et
625 4597 736 4670 ubique
747 4597 810 4670 jam
823 4597 997 4656 celebretur.

217 4687 328 4754 Quarto
349 4684 415 4743 loco
440 4685 607 4758 querebar,
628 4701 664 4746 an
687 4685 778 4761 liqui
801 4687 958 4760 predictas
986 4701 1132 4748 censuras
1154 4687 1356 4759 incurrerunt,

180 4771 361 4834 admonendi
380 4773 451 4845 siat,
475 4773 554 4846 quod
576 4771 810 4848 110110111ἱηὶ00
832 4775 990 4835 constabat
1010 4780 1111 4838 utrum
1126 4776 1162 4846 de
1178 4777 1295 4837 interno
1315 4792 1354 4837 an
