3418 5566
335 625 399 690 als
794 643 848 692 rus
869 641 1048 690 canomcuu.

336 763 420 839 nb.;
437 761 497 828 sed
516 781 559 828 ex
579 763 714 828 decreto
730 761 912 827 Clementis
927 760 997 826 Vlll
1016 766 1051 828 et
1064 762 1188 828 Urbani
1204 760 1271 826 Vlll
1284 781 1347 848 pro
1361 777 1512 828 reserva·

337 873 430 938 tione
456 891 609 950 casuum,
638 872 762 937 dicitur
787 897 804 930 u
829 874 999 956 apostasia
1026 891 1048 938 a
1073 871 1249 955 religione,
1280 873 1351 938 sive
1394 871 1512 938 habitu

337 979 489 1058 dimisso,
503 982 574 1046 sive
589 985 734 1056 retento,
753 981 888 1064 quando
901 999 942 1046 eo
954 981 1111 1064 pervenit
1124 988 1162 1046 ut
1175 987 1272 1046 extra
1287 987 1383 1065 septa
1397 999 1514 1046 mona-

338 1090 469 1153 sterii...
481 1090 541 1155 ilat
550 1090 712 1172 egressio.
726 1114 742 1148 a
757 1089 789 1152 2⁰
803 1089 918 1154 Altera
931 1089 1080 1154 conditio
1095 1095 1158 1166 esi,
1174 1095 1214 1154 ut
1227 1089 1390 1154 recedens
1405 1091 1441 1154 in
1455 1089 1513 1154 tali

337 1195 502 1279 religione
518 1195 661 1262 ediderit
674 1202 755 1262 vota
769 1197 1006 1262 substantialia
1018 1197 1207 1279 religionis,
1225 1199 1296 1263 sive
1310 1198 1380 1261 sint
1392 1197 1513 1263 solem·

337 1305 409 1380 nia,
441 1307 513 1370 sive
542 1306 717 1390 simplicia.
740 1297 773 1370 3ο
795 1305 961 1370 R'eoessus
988 1304 1044 1368 ille
1073 1305 1175 1370 debet
1196 1323 1272 1370 esse
1298 1307 1510 1384 temerarius,

337 1431 460 1498 nempe
474 1415 547 1502 sine
562 1411 698 1479 licentia
707 1415 891 1497 superioris
901 1414 1020 1478 iactus.
1036 1412 1186 1480 Tandem
1195 1413 1228 1477 ιι
1241 1413 1513 1497 debetconjungi

336 1540 416 1587 cum
436 1501 552 1590 animo
571 1541 641 1588 non
664 1521 845 1598 redeundi;
866 1539 965 1587 secus
990 1526 1082 1588 esset
1101 1516 1282 1603 fugitivus,
1305 1539 1375 1587 non
1399 1527 1514 1588 sutem

338 1635 502 1717 apostata.

378 1739 486 1822 Igitur
500 1739 586 1805 ratio
601 1738 753 1804 lormalis
766 1738 944 1822 apostasiae
957 1739 993 1804 in
1006 1738 1072 1804 hoc
1082 1739 1239 1804 consistit
1248 1740 1340 1824 qrrod
1354 1739 1515 1805 discessio

339 1847 543 1930 areligione
567 1849 626 1912 ilat
643 1865 723 1912 cum
746 1835 861 1912 animo
883 1864 954 1912 non
971 1845 1117 1931 amplius
1135 1847 1312 1912 redeundi.
1331 1846 1459 1912 Tamen
1481 1849 1518 1912 in

336 1958 432 2040 praxi
447 1957 675 2022 communiter
688 1955 899 2039 accipiuntur
916 1959 955 2019 ut
969 1955 1042 2020 veri
1054 1959 1229 2037 apostatae,
1247 1957 1305 2039 qui
1320 1960 1417 2022 extra
1428 1954 1517 2021 clau-

339 2070 420 2144 stra,
445 2067 520 2130 sine
546 2063 761 2147 superiorum
785 2063 933 2138 licentia,
955 2063 1073 2128 habitu
1097 2063 1200 2128 etism
1223 2067 1358 2129 retento
1384 2067 1518 2128 etcum

337 2175 452 2239 animo
479 2173 644 2240 redeundi
670 2172 713 2237 ad
735 2171 952 2253 religionem,
982 2176 1152 2253 vagantur
1173 2193 1180 2236 :
1205 2174 1253 2237 ita
1271 2177 1455 2237 sumuntur
1482 2173 1518 2237 in

337 2281 440 2348 variis
464 2281 607 2346 decretis
629 2279 725 2346 Sedis
747 2278 948 2365 Apostolioae
971 2279 1081 2365 (dpud
1103 2279 1243 2358 Ferrar,
1268 2299 1301 2346 v.
1322 2281 1516 2372 Aposcusia,

340 2408 374 2454 n.
390 2390 441 2466 97,
463 2389 528 2472 28).

380 2497 540 2582 Sequitur
553 2499 581 2581 c)
598 2496 831 2581 relinquentes
848 2497 1097 2562 monasterinm
1115 2501 1154 2562 ut
1168 2501 1346 2562 recurrant
1360 2497 1404 2578 ad
1419 2497 1516 2562 Sanc

340 2613 410 2672 tam
424 2606 558 2682 Sedena,
574 2606 683 2672 uelad
697 2603 895 2686 generalem
910 2604 1049 2680 ordinis,
1066 2623 1087 2671 a
1107 2606 1363 2686 gravaminibus
1382 2625 1444 2689 per
1462 2625 1518 2670 su-

227 2704 232 2724 ’
340 2715 492 2798 periores
515 2732 596 2780 suos
618 2714 681 2784 sibi
701 2713 821 2788 allatis,
842 2731 912 2778 non
931 2731 1006 2778 esse
1027 2717 1210 2795 apostatas,
1231 2711 1353 2778 saltem
1376 2715 1408 2812 si
1423 2720 1517 2779 recto

339 2823 474 2888 tramite
489 2823 531 2889 ad
548 2823 672 2888 Urbem
690 2826 879 2897 recurrunt,
902 2820 1042 2904 impleta
1066 2821 1262 2886 conditione
1285 2823 1518 2906 praescriptaa

340 2931 434 2996 Sixto
451 2931 477 2995 V
497 2935 604 2996 const.
621 2931 679 2997 Ad
690 2930 893 2995 Romanum.
908 2929 1000 3012 (Vide
1017 2929 1067 2993 tit.
1084 2929 1195 3006 lllllll,
1213 2949 1240 2994 s.
1258 2949 1303 3005 ru,
1320 2929 1358 3011 Ι.)
1379 2929 1518 2996 Constat

339 3041 505 3106 etiamen
525 3039 628 3104 uariis
651 3037 934 3102 declarationibus
957 3036 1012 3100 SS.
1038 3035 1204 3118 Congreg.
1226 3036 1264 3100 ln
1283 3037 1341 3101 tali
1355 3055 1437 3102 casu
1459 3057 1517 3121 ap-

338 3147 631 3232 pellantdeiact03
645 3164 746 3230 porro
762 3144 941 3229 appellatio
957 3149 1009 3210 est
1020 3144 1216 3228 praesidium
1226 3145 1441 3210 innocentia.
1458 3145 1517 3210 Ta-

338 3273 419 3320 men
439 3257 481 3320 ab
495 3255 673 3320 ordinariis
687 3257 833 3338 possunt
844 3252 1053 3335 apprehendi
1068 3257 1102 3317 et
1115 3253 1239 3336 puniri,
1258 3253 1323 3316 nisi
1338 3254 1406 3317 sint
1420 3257 1517 3317 nota·

338 3363 450 3428 biliter
464 3369 498 3428 et
513 3362 694 3428 manifesto
709 3363 852 3444 gravati,
869 3361 917 3426 ita
930 3363 969 3424 ut
983 3378 1054 3427 non
1068 3361 1113 3425 sit
1128 3359 1193 3426 illis
1207 3359 1299 3428 aliud
1311 3361 1511 3439 remedium,

339 3489 441 3557 quam
456 3489 625 3536 recursus.

377 3581 444 3647 Neo
459 3581 571 3644 obstat
585 3595 679 3642 conc.
694 3577 794 3653 Trid.,
806 3595 832 3640 s.
842 3577 892 3652 ιδ,
905 3595 933 3640 o.
949 3576 980 3654 l,
997 3577 1038 3640 de
1052 3576 1146 3660 Κεφ,
1157 3577 1291 3643 dicens:
1307 3602 1323 3636 u
1334 3577 1515 3643 Nonlioeat

336 3689 551 3771 regularibus
561 3708 581 3752 a
591 3687 662 3751 suis
672 3685 897 3751 conventibus
911 3685 1083 3762 recedere,
1101 3687 1204 3750 etiam
1219 3691 1386 3768 praetextu
1402 3687 1444 3752 ad
1460 3707 1515 3751 su-

336 3797 487 3881 periores
503 3815 584 3861 suos
599 3794 792 3870 accedendi,
804 3793 870 3858 nisi
881 3794 923 3885 ab
934 3792 1064 3858 eisdem
1074 3781 1169 3856 missi
1179 3798 1239 3858 aut
1249 3795 1358 3859 vocati
1371 3795 1513 3871 luerint;

338 3907 489 3990 quivero
504 3905 576 3970 sine
591 3902 753 3968 mandato
767 3902 802 3967 in
818 3901 950 3985 scriptis
966 3901 1106 3966 obtento
1123 3899 1278 3985 repertus
1291 3902 1395 3967 fuerit
1407 3903 1450 3967 ab
1464 3921 1516 3966 or-

338 4014 476 4080 dinariis
489 4014 644 4080 locorum
660 4018 822 4096 tanquam
836 4011 990 4076 desertor
1002 4010 1054 4075 sui
1067 4010 1213 4074 instituti
1224 4011 1417 4092 puniatur.»
1433 4010 1517 4074 Nam

337 4141 431 4188 conc.
447 4121 534 4187 Trid.
552 4120 662 4186 noluit
677 4119 841 4200 derogare
852 4119 921 4202 juri
937 4118 1094 4196 naturali,
1110 4123 1145 4182 et
1158 4117 1235 4184 ideo
1246 4118 1399 4183 locutum
1411 4123 1464 4184 est
1474 4119 1516 4184 de

340 4231 380 4295 iis
396 4231 452 4314 qui
464 4231 537 4295 sine
547 4246 630 4294 uera
644 4246 747 4292 causa
758 4231 991 4302 recurre1·ent;
1007 4227 1398 4310 quareusumestverbo
1408 4253 1423 4286 κ
1433 4245 1518 4310 prac-

338 4344 482 4404 textu».
503 4336 644 4417 Quando
665 4335 765 4401 datur
786 4353 868 4400 vera
888 4352 992 4399 causa
1011 4335 1219 4411 recurrendi,
1239 4335 1459 4418 praesumitur
1479 4333 1518 4398 li-

337 4448 449 4514 centia
464 4445 649 4530 superioris
664 4445 837 4528 adquam,
855 4447 894 4506 ut
905 4443 1183 4508 animadvertunt
1203 4443 1432 4508 communiter
1449 4443 1515 4507 bb.

380 4554 446 4620 Sed
462 4574 507 4620 an
525 4554 617 4618 idem
639 4552 822 4618 dicendum
841 4552 884 4617 sit
901 4551 943 4618 de
964 4570 1005 4618 eo
1019 4552 1087 4636 qui,
1103 4570 1173 4617 non
1187 4551 1294 4634 petita
1307 4551 1445 4617 lieentia
1465 4541 1521 4617 sui

337 4663 533 4748 superioris,
557 4681 577 4728 a
597 4681 659 4728 sua
677 4661 720 4727 ad
740 4661 842 4726 sliam
864 4661 1067 4742 religionem
1083 4659 1272 4726 discederet
1294 4661 1409 4726 animo
1424 4659 1517 4726 illam

337 4771 569 4857 ingrediendi?
591 4771 707 4838 Plures
738 4775 818 4838 sunt
845 4771 1035 4838 sententia.
1068 4769 1180 4837 Prima
1205 4769 1304 4836 docet
1322 4769 1418 4836 illum
1446 4787 1516 4837 non
