3418 5566
554 582 641 630 crasa
661 582 788 638 omarus
807 581 1023 629 uaonsmumr.
1159 542 1162 550 “
1314 563 1373 628 307

209 717 304 767 error
318 701 361 766 sit
375 700 586 766 voluntarius
603 705 637 764 et
650 701 817 783 pertinax.
835 698 900 763 Sed
919 698 961 763 ad
975 700 1078 781 hujus
1098 699 1303 764 definitionis
1318 719 1376 764 ex-

209 809 427 893 plicationem
441 809 618 892 sequentia
632 813 712 872 sunt
725 806 896 872 notanda:

216 919 220 928 '
249 918 280 1008 t?
293 915 458 998 Ignorans
472 915 635 998 mysteria
648 913 727 978 fidei
739 915 794 980 vel
808 915 1006 997 ignoranter
1021 913 1146 999 aliquid
1169 915 1375 980 contrarium

206 1024 289 1090 ‘fidei
311 1025 448 1104 docens,
474 1041 543 1089 non
565 1028 617 1088 θεῖ
635 1025 824 1099 hereticus,
842 1024 920 1108 quia
932 1023 968 1087 in
981 1022 1160 1087 illodesscit
1170 1022 1374 1105 pertinacia:

210 1151 301 1208 nam,
321 1137 360 1196 ut
378 1131 536 1207 diximus,
552 1131 595 1195 ad
607 1131 766 1196 haeresim
781 1131 847 1196 duc
861 1130 1090 1214 requiruntur,
1107 1129 1269 1194 nimirum
1283 1148 1378 1195 error

210 1240 246 1303 in
259 1237 444 1316 intellectu,
462 1239 518 1324 qui
531 1244 584 1304 est
597 1241 694 1324 quasi
708 1239 893 1314 materiale,
903 1244 938 1303 θῖ
946 1237 1131 1321 pertinacia
1139 1238 1176 1302 in
1189 1237 1376 1313 voluntate,

211 1367 286 1433 quas
303 1352 355 1414 est
368 1347 464 1430 quasi
478 1348 630 1413 formale.
648 1347 773 1414 Tamen
794 1367 863 1413 non
883 1347 994 1413 omnis
1016 1347 1208 1430 ignorantia
1227 1350 1376 1412 excusat.

211 1455 347 1522 Certum
366 1462 419 1522 θεῖ
437 1475 507 1523 non
525 1457 754 1540 reputandum
772 1475 848 1522 esso
862 1457 1060 1523 haereticum
1070 1457 1128 1539 qui
1147 1459 1238 1521 errat
1258 1455 1293 1518 in
1312 1453 1378 1517 tide

210 1584 272 1650 per
283 1565 510 1648 ignorantiam
523 1565 763 1632 invincibilem.
781 1566 847 1630 Sed
862 1581 905 1630 an
919 1569 1059 1630 excuset
1073 1563 1265 1647 ignorantia
1279 1563 1380 1630 affec-

213 1676 304 1739 tata?
316 1673 495 1738 Affirmant
508 1674 622 1738 verius
635 1672 762 1757 plures,
778 1679 896 1738 contra
910 1671 993 1738 alios
1010 1677 1175 1755 negantes
1188 1693 1195 1744 ;
1211 1673 1296 1736 ratio
1315 1675 1377 1746 θεῖ,

215 1783 294 1866 quia
318 1780 414 1846 deest
433 1783 660 1858 contumacia,
681 1799 759 1846 curn
780 1782 827 1846 sio
845 1781 1007 1863 ignorans
1022 1780 1211 1846 auctoritati
1227 1777 1382 1844 Ecclesia

214 1909 285 1956 non
299 1889 423 1954 audeat
437 1909 473 1954 se
491 1908 672 1974 opponere.
687 1890 721 1954 Si
732 1908 814 1955 vero
828 1890 1021 1972 ignorantia
1035 1894 1088 1955 est
1101 1907 1215 1954 crassa
1229 1893 1263 1952 et
1280 1885 1382 1952 vinci-

213 1995 302 2074 bilis,
313 2001 432 2081 peocat
445 1996 583 2082 quidem
595 2001 714 2062 contra
722 2003 930 2081 praeocptum
943 1996 1124 2078 diligentiae
1134 1995 1333 2061 necessariae
1346 1995 1383 2058 in

216 2106 317 2170 rebus
332 2105 427 2182 ssdei3
443 2106 577 2189 proprie
593 2111 708 2170 tamen
726 2124 796 2171 non
812 2111 865 2170 θεῖ
876 2106 1065 2170 hereticus.

255 2215 289 2279 Si
305 2215 379 2300 quis
396 2222 511 2282 tamen
523 2217 740 2299 profiteretur
753 2215 857 2280 tidem
872 2215 1042 2280 diversam
1056 2216 1098 2280 ab
1114 2234 1155 2281 ea
1170 2234 1272 2300 quam
1290 2219 1385 2280 tenet

215 2323 380 2389 catholica
394 2323 491 2389 Rom.
518 2323 674 2402 Ecclesia,
691 2329 730 2387 ut
742 2325 769 2388 si
785 2328 917 2389 teneret
933 2323 1037 2388 fldem
1059 2324 1296 2402 lutheranam,
1314 2321 1384 2388 Gal-

216 2431 399 2509 vinianam,
427 2437 584 2498 veterum
610 2431 864 2508 catholicorum,
886 2437 961 2510 etc,
980 2432 1164 2500 haberetur
1178 2438 1229 2497 ut
1250 2433 1382 2498 hareti-

215 2557 286 2617 oua,
304 2543 340 2604 et
352 2539 545 2622 ignorantia
554 2558 667 2606 crassa
679 2556 758 2604 eum
765 2558 835 2604 non
845 2545 1023 2604 excusaret
1036 2541 1079 2606 ab
1096 2540 1218 2606 haeresi
1232 2539 1382 2617 formala

213 2647 284 2712 imo
308 2648 418 2730 poenis
436 2648 674 2714 hereticorum
699 2647 942 2731 subjiceretur,
964 2647 1091 2713 etenim
1113 2653 1166 2712 θεῖ
1184 2648 1384 2716 inobediens

213 2753 369 2820 Ecclesiae
382 2755 463 2820 etin
477 2773 554 2820 eam
568 2733 762 2821 contumax.

253 2864 286 2927 2⁰
298 2863 361 2942 Qui
377 2863 593 2948 pertinaciter
612 2869 752 2929 tuentur
768 2882 929 2940 errorem,
955 2871 1035 2929 sunt
1048 2866 1208 2932 formales
1222 2867 1382 2946 haeretici,

215 2990 278 3037 nec
295 2971 338 3037 ad
351 2972 417 3037 hoc
431 2972 661 3038 necessarium
673 2977 727 3038 est
743 2977 783 3036 ut
796 2991 895 3038 novae
915 2977 1016 3038 sectae
1034 2973 1219 3040 moliantur
1238 2976 1383 3054 initium,

215 3083 252 3143 ut
266 3079 507 3156 heresiarcha,
528 3080 584 3145 vel
597 3085 635 3144 ut
649 3085 777 3144 sectam
791 3080 940 3164 aliquam
963 3083 1006 3146 ab
1026 3081 1172 3147 Ecclesia
1190 3083 1385 3150 damnatam
1515 3061 1521 3072 ’

218 3194 420 3272 sequentum
435 3189 495 3254 sed
510 3206 572 3272 pro
584 3188 742 3253 haeretico
760 3189 864 3254 etiam
878 3190 1055 3256 habendus
1070 3197 1121 3256 θεῖ
1134 3192 1190 3258 ille
1205 3193 1263 3277 qui
1276 3193 1385 3277 priva-

218 3297 278 3360 tim
298 3297 332 3360 in
354 3295 478 3382 aliquo,
501 3297 603 3362 etiam
620 3297 762 3362 minimo
783 3301 818 3362 ct
832 3297 931 3364 unico
953 3299 1093 3366 articulo
1113 3301 1205 3378 fidei,
1230 3321 1263 3367 v.
1279 3323 1312 3384 g.
1336 3301 1385 3367 in-

216 3403 414 3470 fallibilitate
429 3405 525 3470 Rom.
543 3404 724 3482 Pontificis,
752 3424 772 3470 a
791 3407 933 3472 veritate
953 3409 1117 3474 catholica
1140 3409 1264 3490 deviat,
1282 3431 1387 3496 quan-

217 3514 344 3577 tumvis
368 3513 409 3578 de
430 3519 552 3579 caetero
573 3533 609 3578 se
628 3519 666 3578 ut
688 3514 893 3582 catholicum
915 3522 1022 3598 gerat.
1052 3517 1157 3584 Tenet
1171 3521 1389 3603 pertinaciter

218 3639 369 3687 errorem
379 3627 497 3686 contra
510 3621 625 3687 fldem.

257 3731 289 3794 3⁰
309 3730 373 3795 Pro
395 3731 554 3796 haeretico
574 3731 750 3797 habendus
772 3737 824 3798 ost
845 3734 948 3799 etiam
969 3735 1173 3818 probabilius
1196 3740 1252 3807 ille
1273 3745 1330 3828 qui
1346 3745 1387 3811 de

219 3837 332 3922 aliquo
347 3838 426 3904 ssdei
441 3840 582 3906 articulo
597 3840 728 3906 dubitet
740 3841 895 3924 positive,
912 3845 1128 3926 pertinaciter
1136 3848 1336 3918 affirmando
1351 3853 1390 3916 il-

218 3944 277 4010 lud
291 3946 441 4022 dubium;
457 3948 543 4012 ratio
554 3953 615 4024 est,
633 3948 711 4032 quia
726 3947 867 4032 quilibet
879 3951 1039 4016 articulus
1053 3959 1106 4017 est
1123 3961 1235 4020 certus
1250 3959 1390 4023 etinlal-

220 4052 331 4128 libilis,
349 4057 383 4116 et
395 4053 473 4118 ideo
489 4053 536 4118 sic
550 4054 708 4118 dubitans
723 4060 813 4118 errat
825 4060 943 4122 contra
954 4057 1102 4141 aliquam
1115 4061 1194 4126 ssdei
1218 4065 1390 4130 catholicae

220 4161 411 4225 veritatem.
427 4161 501 4223 Dixi
514 4181 520 4223 :
533 4161 751 4245 probabilius,
768 4163 846 4246 quia
858 4162 1045 4247 pluresDD.
1060 4175 1188 4249 negant
1200 4170 1304 4236 talem
1314 4189 1390 4237 esse

220 4267 428 4344 haereticum,
445 4266 524 4332 licet
536 4267 685 4349 graviter
698 4274 814 4350 peccet
823 4275 941 4336 contra
953 4273 1077 4352 fldem;
1093 4277 1179 4342 ratio
1192 4295 1311 4343 eorum
1327 4285 1388 4358 est,

223 4377 303 4459 quia
318 4377 366 4451 sic
380 4376 538 4440 dubitans
564 4394 634 4440 non
658 4375 752 4457 eligit
777 4381 982 4445 sententiam
1002 4381 1080 4446 tidei
1099 4387 1314 4466 contrariam,
1331 4389 1393 4454 sed

223 4482 408 4550 dubitando
431 4481 610 4566 suspendit
635 4501 736 4548 suum
760 4501 950 4551 assensum.
980 4489 1053 4554 Non
1076 4496 1129 4555 θεῖ
1143 4511 1239 4558 error
1261 4494 1391 4561 elicitus

223 4599 341 4658 contra
368 4593 517 4676 aliquem
540 4589 719 4656 articulum
746 4591 835 4657 fidei.
866 4589 992 4663 Tamen
1021 4595 1049 4661 si
1077 4597 1208 4666 dubitat
1234 4603 1391 4686 positive,

221 4703 321 4785 juxta
329 4699 554 4785 hypothesim,
568 4703 602 4766 et
612 4717 683 4766 non
694 4704 827 4766 tantum
839 4705 1007 4787 negative,
1023 4713 1185 4792 etagatur
1197 4709 1239 4780 de
1251 4712 1392 4782 articulo
