3388 5582
370 536 431 609 68⁰
831 551 882 600 tas
903 551 1083 598 cnsoatcutt.

371 673 518 734 utstatim
537 677 688 746 aracepta
703 649 941 740 denuntiatione,
958 683 1025 728 earn
1038 669 1184 729 continno
1196 669 1235 728 ad
1253 670 1355 743 ipsum
1369 669 1546 744 episcopum

370 779 459 840 aquo
469 763 593 824 luerunt
603 762 736 837 deputati
750 768 837 822 cauto
851 761 1067 831 transmittant,
1086 775 1185 835 neque
1199 760 1327 820 ooniemi
1342 767 1428 820 actus
1446 775 1547 820 exem·

371 855 454 930 pluat
469 853 515 914 vel
529 854 690 928 vestigium
708 853 828 928 aliquod
845 853 903 911 sibi
922 852 1081 910 retineant.
1095 855 1191 924 litque
1207 851 1238 908 in
1254 852 1335 910 bunc
1349 852 1410 910 lere
1424 853 1548 911 modum

371 943 450 1004 baad
474 943 634 1002 dllllcalter
657 942 854 1002 denuntiandi
877 957 989 1000 munus
1013 941 1203 1012 adimpletur.
1224 940 1393 999 Proiectoa
1412 942 1547 1000 locorum

371 1033 531 1094 ordinariis
546 1033 736 1094 alliciendum
750 1038 808 1104 est,
819 1047 857 1090 ne
870 1033 907 1090 ad
919 1031 984 1090 loea
997 1044 1060 1090 suaa
1069 1030 1289 1102 jurisdictionis
1303 1031 1439 1105 subjecta
1453 1031 1549 1104 appli-

371 1123 432 1182 cari
447 1127 581 1198 oporteat
596 1123 676 1198 quod
693 1121 958 1196 promissionibus
974 1119 1170 1179 Pernantbuci
1187 1120 1218 1177 in
1238 1121 1382 1190 amedee,
1396 1121 1444 1179 die
1459 1125 1496 1178 22
1508 1123 1550 1195 ja-

372 1213 481 1284 nuarll,
497 1227 577 1272 anno
593 1217 672 1282 litat,
693 1211 875 1270 deciaratum
890 1211 947 1268 luit
961 1229 968 1268 :
984 1209 1122 1268 lialieree
1139 1209 1276 1270 emanat
1289 1211 1469 1270 squameae
1488 1227 1550 1270 non

372 1305 469 1364 latori
497 1303 537 1364 ad
565 1303 836 1370 deneratattonem,
861 1303 889 1360 aa·
911 1302 1048 1362 minnere·
1071 1302 1279 1375 inquisitionis
1301 1309 1331 1361 el
1355 1303 1466 1362 nicar&
1489 1303 1551 1374 epi·

369 1395 452 1468 rccpl
475 1395 507 1454 a'n
529 1393 699 1468 lonqinqaa'a'
719 1391 892 1466 reqwnlbae
912 1391 1060 1466 deqentea,
1083 1393 1149 1450 aine
1163 1393 1251 1465 paoni
1270 1391 1453 1452 incommodo
1468 1391 1553 1451 αάἑη·

370 1489 530 1560 nequeam.

407 1579 434 1634 a.
459 1574 488 1632 Si
508 1573 538 1632 ln
559 1572 851 1642 denuntiationibus,
874 1570 1026 1646 quodnon
1042 1588 1110 1632 raro
1122 1574 1280 1647 confingit,
1297 1573 1363 1632 aliae
1377 1571 1552 1632 indicantur

371 1677 508 1740 personae
523 1661 599 1722 iorte
613 1663 723 1736 pariter
738 1661 915 1732 sollicitatae,
930 1662 975 1721 vel
991 1663 1109 1736 quade
1129 1663 1187 1722 boc
1201 1663 1327 1722 crimine
1342 1663 1550 1722 testimonium

372 1753 449 1813 ierre
464 1752 567 1828 aliqua
582 1751 695 1812 ratione
710 1753 838 1827 possint,
860 1752 906 1810 bre
927 1767 1048 1827 quoque
1067 1766 1173 1812 omnes
1194 1757 1224 1810 et
1242 1753 1370 1810 seorsim
1390 1753 1553 1826 judiciaria

372 1841 468 1904 forma
490 1843 631 1918 superius
653 1844 807 1902 enuntiata
821 1843 1027 1902 examinanda
1046 1849 1129 1914 sunt,
1148 1849 1178 1902 et
1197 1843 1294 1915 primo
1315 1857 1368 1916 per
1386 1842 1551 1916 generalia,

373 1931 481 1992 deinde
505 1946 557 2006 per
578 1933 702 2006 gradus,
727 1933 824 2006 quoad
847 1933 958 1991 iteres
982 1933 1066 2000 ierat,
1083 1933 1119 1990 ad
1141 1932 1333 2006 particularia
1352 1931 1550 2001 deveniendo,

372 2021 550 2098 interrogari
565 2021 685 2090 debent,
703 2028 802 2082 utrurn
818 2029 846 2080 et
866 2023 1016 2096 quomodo
1032 2035 1135 2080 revere
1149 2023 1259 2081 fuerint
1279 2022 1354 2094 ipsae
1373 2021 1551 2092 sollicitate,

373 2111 419 2172 vel
433 2111 508 2170 allas
525 2125 671 2184 personas
687 2111 781 2172 luisse
797 2112 973 2172 sollicitatas
987 2111 1119 2170 viderint
1131 2112 1178 2170 vel
1193 2112 1353 2170 audierint.

410 2205 453 2260 lll.
475 2203 600 2276 Accepta
625 2200 863 2273 denuntiatione,
890 2217 950 2260 non
974 2201 1054 2260 illico
1076 2203 1258 2274 proceditur,
1282 2203 1334 2260 sed
1355 2217 1374 2260 a
1395 2199 1552 2274 superiore

375 2289 581 2350 eeclesiastico
597 2288 709 2363 inquiri
730 2290 836 2350 sedulo
851 2290 948 2360 debet,
968 2297 1068 2350 utrum
1089 2306 1219 2364 persona
1237 2293 1421 2350 denuntians
1439 2292 1482 2351 sit
1495 2291 1552 2350 lide

374 2381 476 2456 digna.
499 2379 725 2441 sollicitationis
745 2382 858 2442 crimen
882 2382 1092 2456 utplurimum
1117 2389 1233 2443 secreto
1258 2388 1459 2458 perpetratum
1483 2383 1553 2441 bine
1665 2441 1666 2444 ,

376 2469 567 2546 privilegium
586 2476 642 2540 est,
665 2477 697 2528 ut
715 2471 745 2528 in
761 2471 861 2531 causis
877 2487 944 2546 quae
960 2478 1063 2532 contre
1079 2474 1133 2532 boo
1153 2475 1265 2533 crimen
1287 2474 1501 2538 instituuntur,
1516 2473 1552 2532 ad

376 2561 494 2636 plenam
517 2557 721 2634 probationem
737 2561 903 2621 taciendam
918 2564 1124 2622 attestationes
1146 2565 1235 2622 etiam
1256 2563 1429 2639 singulares
1444 2563 1552 2622 admit·

374 2655 486 2710 antur.
501 2653 537 2710 nt
548 2651 578 2708 ln
595 2651 767 2710 memoratis
784 2655 974 2710 summorum
990 2653 1167 2712 Pontillcum
1189 2653 1459 2712 constitutionibus
1478 2669 1551 2727 prac-

375 2739 528 2809 serlbltttr,
541 2755 576 2798 ne
586 2753 652 2798 eum
662 2739 791 2800 testibus
802 2741 1010 2816 singularibus
1021 2740 1209 2813 procedatur,
1220 2743 1278 2801 nisi
1289 2743 1551 2818 presumptiones,

375 2829 486 2890 lndlcla
500 2837 530 2890 et
543 2829 601 2888 alia
615 2831 798 2890 adminicula
810 2838 1000 2891 concurrant.
1018 2831 1140 2890 Pondus
1154 2832 1248 2907 igitur
1269 2833 1418 2907 cujusque
1436 2833 1552 2892 denun-

378 2921 522 2992 tiationis,
542 2922 701 2995 qualitates
720 2929 749 2980 et
765 2923 998 2982 circumstantie
1023 2923 1102 2982 serio
1117 2929 1314 2996 accurateque
1335 2923 1552 2996 perpendendae

375 3018 458 3084 sant,
474 3015 502 3072 el
516 3018 674 3087 antequem
688 3019 791 3071 corrtre
801 3013 1008 3072 denuntiatum
1018 3013 1405 3088 procedatur,perspectum
1415 3015 1551 3088 explora-

375 3109 499 3177 tumque
511 3102 605 3177 judici
617 3117 685 3162 esse
698 3103 795 3172 debet,
806 3103 886 3176 quod
902 3102 1043 3164 mulieres
1053 3102 1100 3162 uel
1112 3105 1168 3162 riri
1179 3104 1392 3163 denuntiantes
1408 3103 1471 3164 sint
1483 3103 1552 3162 boni

377 3191 521 3262 nominis,
538 3193 682 3266 nequead
697 3193 903 3251 accusandum
917 3183 963 3250 tol
978 3192 1137 3254 inimicitia
1149 3194 1195 3253 vel
1215 3194 1274 3252 alio
1288 3193 1422 3253 humano
1445 3193 1551 3252 ellectu
1663 3193 1664 3210 ¹

376 3281 573 3342 adducantur.
591 3283 712 3356 Oportet
727 3283 806 3340 enim
822 3287 858 3341 ut
870 3287 964 3342 testes
982 3282 1157 3355 hujusmodi
1173 3283 1344 3358 singulares
1358 3282 1396 3341 ab
1411 3283 1552 3342 omnibus

376 3373 501 3446 privatis
525 3373 735 3432 allectionibus
764 3373 827 3432 sint
852 3373 1020 3443 immunes,
1048 3378 1083 3432 ut
1106 3372 1182 3447 ipsis
1205 3373 1324 3448 integra
1350 3373 1426 3432 iides
1450 3373 1551 3433 baberi

375 3463 473 3538 possit
491 3463 538 3537 (ll.

415 3557 459 3611 ll.
482 3557 522 3612 lia
542 3559 588 3613 est
608 3553 782 3627 hujusmodi
804 3567 952 3626 supreme
972 3553 1182 3625 inquisitionis
1203 3553 1409 3624 consuetudo,
1431 3561 1466 3612 ut
1488 3561 1552 3628 post

378 3661 468 3707 unam
482 3647 641 3706 alteramve
656 3647 913 3706 denuntiationem
927 3645 1121 3715 rescribatur,
1143 3646 1224 3719 quod
1238 3646 1433 3705 denuntiatus
1455 3647 1550 3704 obaer-

376 3743 474 3806 oelttr,
489 3735 530 3794 ita
544 3735 682 3795 videlicet
695 3751 786 3810 super
799 3736 895 3795 delato
916 3735 1041 3794 erimine
1063 3742 1224 3808 suspectus
1243 3735 1398 3806 habeatur,
1413 3741 1447 3794 ut
1460 3749 1550 3810 quum

378 3824 507 3900 primunt
525 3839 576 3896 per
593 3839 686 3884 novas
706 3825 950 3884 denuntiationes
965 3839 1013 3882 res
1029 3824 1181 3899 explorata
1199 3824 1269 3893 erit,
1288 3824 1319 3882 in
1339 3824 1487 3896 judicium
1507 3839 1552 3879 vo

378 3913 553 3974 eaedussit.
568 3917 603 3972 Ut
624 3913 785 3988 plurimum
807 3915 927 3974 nonnisi
943 3929 961 3973 a
975 3915 1061 3972 tertia
1081 3913 1309 3972 denuntiatione
1329 3915 1448 3987 procedi
1466 3915 1549 3974 solet.

378 4007 420 4068 ad
442 4003 565 4066 iotmale
587 4017 711 4063 ettamen
730 4010 874 4064 vocantur
897 4004 1018 4078 parochi
1039 4004 1086 4062 vel
1108 4005 1239 4078 probata
1260 4005 1330 4063 lidei
1355 4011 1551 4079 specialeque

377 4096 498 4156 virtutis
521 4095 577 4152 viri
602 4093 768 4168 praesertim
792 4094 999 4166 ecclesiastici,
1022 4097 1161 4167 quicum
1180 4096 1354 4168 juramento
1373 4095 1410 4154 de
1432 4097 1552 4154 veritae

377 4185 505 4248 dicanda
527 4190 556 4242 et
578 4183 749 4242 desacrata
775 4184 923 4243 servando
946 4199 1039 4256 super
1056 4184 1251 4258 qualitatibus
1261 4187 1505 4245 denuntiantium
1524 4189 1552 4241 et
1660 4177 1661 4180 ’

379 4273 557 4342 denuntiati,
579 4279 606 4332 el
629 4287 721 4346 super
739 4273 853 4332 mutuis
875 4287 977 4332 eorum
998 4273 1077 4332 odiis
1094 4279 1123 4332 et
1142 4275 1311 4334 inimicitiis
1334 4275 1549 4333 examinentur.

379 4367 466 4426 lllsce
482 4365 610 4440 peractis
624 4361 800 4436 diligentiis,
816 4377 887 4422 reus
899 4363 929 4420 in
948 4363 1098 4436 judicium
1113 4365 1284 4434 adducitur,
1298 4371 1329 4422 et
1342 4377 1441 4422 noram
1453 4363 1551 4438 jndice

378 4473 447 4518 cum
472 4457 640 4516 interventa
660 4453 872 4514 aecclesiastici
890 4455 955 4524 riri,
974 4455 1027 4528 qui
1049 4456 1157 4514 notarii
1172 4462 1272 4528 partes
1286 4461 1368 4530 agat,
1383 4469 1474 4528 super
1491 4454 1551 4512 sin-

379 4547 460 4624 gulis
481 4546 629 4622 cujusque
647 4545 884 4606 denuntiationis
910 4551 940 4601 et
958 4545 1107 4603 examinis
1132 4542 1301 4619 adjunctis,
1317 4545 1489 4618 iuramento
1508 4541 1549 4600 di·

410 4729 443 4796 li)
455 4727 493 4780 lix
507 4727 628 4782 teneaat.
641 4729 717 4802 jussu
733 4729 771 4784 eit
786 4729 828 4785 l'l,
842 4741 916 4780 anuo
929 4729 1000 4790 itta,
1013 4726 1046 4778 ad
1059 4727 1142 4780 riam.
1152 4731 1238 4794 apost.
1248 4727 1393 4778 manaae
1405 4726 1476 4778 data.
