3482 5560
369 555 429 624 alt
828 577 878 624 rus
898 575 1077 624 oauomouu.

369 692 588 769 matrimonii,
604 693 820 779 prodes-itque
845 695 1034 775 legitimuto
1053 694 1096 758 ad
1116 697 1212 759 aolus
1240 693 1443 778 spirituales,
1472 713 1540 764 uon

368 819 451 864 vero
465 801 507 866 ad
520 801 674 884 politioos
691 807 786 866 extra
800 803 1008 866 territorium
1025 803 1209 885 temporale
1225 803 1333 888 Papee.

409 908 509 992 Resp.
526 910 555 973 8.
573 909 757 974 Exseoulor
777 911 902 974 intuitu
924 911 1186 993 dispensationis
1201 911 1284 975 nihil
1298 918 1411 995 potest
1426 919 1540 997 petere

368 1018 425 1082 vel
438 1020 600 1103 aooipere,
618 1021 720 1083 etiam
736 1025 856 1103 sponte
882 1020 1044 1094 oblatum,
1067 1019 1146 1083 lieet
1173 1026 1289 1084 essent
1312 1021 1486 1088 esculenta
1508 1029 1542 1088 et

368 1128 550 1212 poculenta
572 1131 687 1212 paneis
702 1131 820 1194 diebus
842 1129 1132 1214 consumptibilis,
1152 1131 1215 1194 sub
1236 1130 1390 1196 nullitate
1408 1132 1541 1215 dispeu-

369 1239 510 1304 sationis
525 1244 668 1322 etpmna
690 1240 1050 1305 excommunicationis
1064 1239 1142 1304 lalae
1158 1241 1355 1316 seutentiae;
1373 1223 1454 1304 nam
1477 1241 1541 1306 hoo

369 1365 505 1431 semper
518 1349 554 1412 in
568 1347 688 1414 litteris
704 1347 958 1432 dispensatoriis
972 1349 1182 1431 exprimitur,
1194 1367 1238 1413 ne
1259 1347 1326 1412 seii·
1342 1350 1541 1414 muneribus

370 1463 557 1522 exoaeoatus
571 1459 687 1542 inique
702 1459 886 1542 dispenset.
908 1459 1048 1523 Videtur
1066 1463 1182 1524 antem
1200 1477 1303 1543 prena
1316 1460 1383 1524 ista
1395 1476 1539 1536 cessare,

368 1567 396 1629 si
412 1566 502 1650 quid,
517 1569 590 1648 jum
604 1567 761 1650 expedito
776 1571 853 1631 aotu
869 1566 1141 1650 dispensationis,
1155 1551 1276 1649 sponte
1293 1565 1445 1630 oblatum
1458 1567 1542 1632 aoei-

368 1674 490 1754 piatur,
508 1675 587 1758 quia
600 1680 711 1738 oessat
724 1693 826 1739 eausa
846 1675 970 1758 iniquae
984 1674 1258 1757 dispensationis.
1276 1673 1436 1738 Similiter
1456 1691 1540 1757 prae·

368 1788 506 1866 ceptum
517 1783 608 1848 istud
618 1803 686 1848 non
698 1785 1021 1866 stringitnotarium,
1033 1785 1088 1848 oui
1097 1803 1160 1867 pro
1173 1783 1290 1849 labore
1301 1785 1336 1846 in
1348 1783 1543 1848 examinan-

369 1884 420 1950 dis
436 1887 578 1954 testibus
593 1892 627 1950 et
642 1888 676 1950 in
689 1887 985 1952 informationibus
998 1887 1170 1970 capiendis
1183 1886 1262 1950 lieet
1276 1887 1427 1969 aooipere
1444 1904 1542 1969 quar-

370 1999 440 2059 tam
447 1999 580 2078 partem
593 1997 698 2071 aurei,
715 2001 754 2060 ut
767 2001 853 2060 teste
867 1995 1012 2061 Gorrado
1024 1996 1207 2060 deelaravit
1220 1995 1252 2059 S.
1268 1995 1389 2076 Congo.
1407 1997 1460 2077 (l).

410 2103 496 2180 Quid
518 2109 684 2186 pretores
708 2108 888 2168 exsecutor
907 2105 1098 2170 litterarum
1121 2105 1156 2167 in
1175 2105 1327 2186 sormam
1349 2122 1542 2191 pauperum

370 2213 481 2279 saoere
497 2213 628 2290 debeat,
647 2214 715 2278 dini
730 2233 833 2298 supra
846 2233 866 2280 a
880 2233 913 2278 n.
930 2215 980 2278 28.

414 2411 445 2462 11.
458 2411 603 2472 Quomodo
619 2412 668 2465 dat
681 2411 842 2466 commissio
859 2413 888 2465 et
898 2412 1040 2466 exsecutio
1055 2409 1273 2474 disponsationis
1283 2409 1500 2463 matrimonialis

824 2503 874 2556 pro
889 2491 948 2544 loro
963 2491 1094 2544 interno?

411 2650 509 2733 Resp.
525 2652 553 2714 l.
573 2653 704 2716 Litterae
720 2652 975 2734 dispensatoriae
991 2650 1184 2732 diriguntur
1198 2669 1219 2720 a
1233 2651 1304 2716 Sao.
1327 2651 1542 2715 Paenitentia-

372 2759 422 2822 ria
446 2759 488 2824 ad
512 2761 758 2824 confessarium
789 2765 965 2825 oratorum
991 2779 1070 2824 oum
1105 2761 1168 2824 heo
1197 2759 1540 2842 superinsoriptione:

373 2890 388 2922 «
408 2867 560 2932 Disoreto
576 2869 649 2932 viro
668 2869 867 2943 confessori,
886 2869 1051 2948 magistro
1072 2867 1108 2930 in
1128 2866 1299 2948 theologia
1318 2867 1373 2930 vel
1396 2865 1544 2930 deoreto-

371 2993 449 3039 rum
460 2976 599 3052 dootori,
613 2997 655 3041 ex
665 2979 857 3061 approbetis
868 2979 910 3041 ab
922 2978 1091 3042 ordinario
1101 2976 1314 3060 perlatorem
1324 2976 1544 3059 praesentium
1582 2966 1584 2969 ’

372 3083 416 3147 ad
442 3085 675 3168 infrascripta
699 3085 887 3168 specialiter
917 3085 1084 3165 eligendo.
1101 3108 1116 3141 n
1131 3083 1164 3148 Si
1190 3083 1333 3167 qualitas
1359 3084 1425 3146 ista
1445 3083 1541 3158 adsit,

372 3191 482 3256 valide
498 3197 578 3273 aget
590 3193 818 3256 confessarius
836 3191 1050 3256 observando
1071 3196 1226 3255 tenorem
1249 3189 1450 3266 litterarum,
1468 3190 1545 3254 lieet

371 3300 579 3384 caeteroquin
592 3299 685 3363 rudis
701 3299 754 3376 sit;
772 3299 918 3363 invalide
933 3317 1012 3364 vero
1022 3300 1249 3364 confessarius
1265 3299 1384 3363 doetus
1397 3298 1450 3361 his
1465 3315 1545 3380 qua-

371 3406 521 3471 litatihus
535 3407 729 3482 destitutus,
747 3408 812 3470 nisi
827 3407 916 3471 adsit
935 3407 1165 3490 privilegium,
1192 3407 1283 3489 quod
1301 3406 1430 3470 habent
1449 3404 1545 3487 pleri-

372 3535 437 3599 que
453 3515 626 3596 regulares
651 3516 686 3578 in
709 3515 893 3598 pritilegiis
916 3517 1218 3590 eommunioantes,
1243 3520 1281 3578 ut
1301 3515 1477 3599 approbati
1503 3516 1543 3580 ab

371 3623 543 3687 ordinario
558 3623 698 3705 exsequi
715 3623 847 3705 possint
859 3622 990 3686 litteras
1005 3622 1207 3705 apostolieae
1221 3641 1283 3704 pro
1305 3623 1380 3686 loro
1393 3622 1537 3686 interno.

412 3730 512 3812 Resp.
528 3730 557 3794 2.
575 3729 724 3794 Examen
740 3731 781 3794 de
797 3731 939 3794 veritate
954 3748 1064 3794 eausa·
1081 3735 1115 3793 et
1128 3735 1199 3794 tota
1226 3731 1291 3795 ista
1313 3730 1485 3802 exsecutio
1501 3729 1541 3792 de

372 3855 462 3901 novo
478 3837 565 3918 stylo
579 3823 771 3901 lleridehet
783 3837 872 3901 intra
890 3843 1141 3901 sacramentum
1163 3837 1384 3920 poenitentiae,
1408 3841 1442 3900 et
1467 3837 1543 3900 ideo

372 3943 454 4008 nulli
471 3944 689 4027 requiruntur
704 3949 819 4019 testes,
838 3944 898 4008 sed
912 3945 1061 4009 ereditur
1072 3945 1197 4008 oratori
1213 3945 1389 4008 confitenti
1405 3944 1445 4008 de
1459 3945 1545 4010 veri-

373 4057 441 4116 tate
464 4069 585 4116 oausae.
617 4051 648 4114 Si
670 4058 786 4116 tamen
810 4052 1038 4118 confessarius
1067 4050 1203 4116 aliunde
1229 4070 1332 4136 quam
1351 4052 1393 4116 de
1415 4053 1546 4116 oonies-

373 4161 468 4225 sione
484 4161 584 4224 sciret
596 4177 713 4243 preces
731 4160 766 4222 in
787 4159 907 4224 litteris
922 4160 1085 4240 allegatas
1107 4178 1182 4222 esso
1197 4160 1311 4234 falsas,
1340 4159 1395 4223 vel
1418 4158 1545 4242 aliquid

372 4267 603 4332 necessarium
616 4267 722 4332 fuisse
737 4267 913 4342 omissum,
932 4284 1001 4331 non
1017 4267 1235 4349 dispensabit,
1260 4267 1339 4350 quia
1359 4266 1456 4330 valor
1480 4267 1545 4328 dis-

372 4377 580 4460 pensationis
594 4376 718 4459 pendet
731 4395 773 4441 en
787 4377 930 4440 veritate
945 4394 1097 4459 precum,
1113 4394 1188 4458 quae
1210 4375 1264 4440 hio
1286 4375 1461 4450 dessoeret;
1483 4375 1545 4438 etsi

372 4491 487 4550 orator
509 4484 597 4549 dioat
622 4485 676 4549 vel
699 4485 856 4568 opinetur
881 4503 979 4549 veras
1004 4497 1078 4549 esse
1097 4501 1226 4567 preces.

405 4717 439 4781 (1)
457 4719 485 4768 12
498 4733 559 4783 aug.
575 4720 644 4768 158⁸.
