3514 5564
841 671 893 717 rus
913 632 1095 717 canonicor,

805 1045 1019 1138 alconus
1057 1043 1139 1118 XV.

480 1203 483 1212 ’
515 1233 553 1277 oa
574 1231 704 1277 sarcinis
725 1234 762 1278 ar
780 1233 1000 1292 annuncians,
1024 1233 1061 1277 ar
1083 1233 1262 1280 lucornara
1284 1233 1423 1278 cornum.

425 1537 644 1602 Examinatur
662 1537 717 1601 hic
740 1537 925 1602 molestum
945 1537 1228 1620 impedimentum
1246 1536 1471 1618 impotentiae,
1495 1555 1556 1620 pro

295 1662 452 1734 ,11⁰⁰

423 1753 508 1818 Nota
522 1755 554 1817 l⁰
570 1753 606 1817 in
619 1753 682 1818 hac
696 1753 830 1817 rubrica
841 1753 906 1818 tria
918 1753 1073 1818 mambra
1087 1752 1259 1834 distingui,
1273 1753 1352 1838 quia
1364 1752 1557 1818 inhabilitas

384 1861 428 1928 ad
443 1865 538 1926 actus
553 1859 752 1945 conjugales
765 1860 946 1945 provenire
961 1865 1075 1945 potest
1093 1861 1150 1926 vel
1167 1880 1211 1926 ex
1224 1861 1419 1943 frigiditate,
1441 1859 1497 1925 vel
1516 1879 1559 1924 ex

384 1969 563 2047 maleficio,
589 1968 645 2034 vel
665 1988 709 2033 ex
728 1969 944 2052 impotentia,
969 1987 1030 2034 seu
1047 1969 1191 2035 naturali
1210 1970 1468 2054 indispositiono
1485 1987 1558 2052 par-

386 2079 471 2141 tium
486 2075 687 2159 genitalium
702 2076 744 2142 ad
759 2076 926 2159 copulam.
943 2076 1013 2153 Hic,
1026 2078 1153 2142 omissa
1165 2078 1228 2143 bac
1242 2077 1445 2154 differentia,
1457 2079 1559 2163 impo

386 2189 493 2250 tentia
517 2186 722 2268 generaliter
745 2187 908 2271 accipitur
935 2191 970 2252 et
998 2187 1158 2253 definitur
1181 2187 1272 2271 quod
1296 2187 1339 2252 sit
1365 2169 1558 2252 inhabilitas¹

384 2313 608 2378 personarum
627 2295 670 2360 ad
684 2295 842 2380 copulam
856 2295 1027 2368 carnalem
1041 2295 1358 2372 consummandam,
1374 2294 1560 2360 undecum-

391 2422 457 2487 que
470 2404 658 2487 proveniat.
672 2403 712 2467 Et
725 2405 953 2470 communiter
965 2423 1009 2470 ex
1021 2405 1084 2470 hac
1094 2405 1226 2469 rubrica
1239 2408 1381 2469 vocatur
1394 2402 1560 2485 impoten-

387 2512 434 2576 tia
452 2510 609 2589 cooo'ndi,
627 2529 702 2596 quae
723 2512 837 2577 diflert
852 2513 894 2577 ab
908 2513 1110 2596 impotentia
1127 2512 1325 2595 generandi,
1344 2529 1430 2596 quae,
1448 2514 1559 2575 stante

385 2619 544 2686 facultate
560 2620 603 2685 ad
617 2620 821 2697 coeundum,
838 2621 909 2687 dari
923 2626 1089 2704 potestas
1101 2621 1234 2687 defectu
1251 2621 1390 2685 seminis
1404 2620 1557 2704 proliflci,

386 2729 474 2794 sicut
494 2729 530 2792 in
550 2727 731 2792 sterilibus.
753 2728 791 2792 ln
809 2730 873 2794 hac
890 2729 1033 2796 matoria
1048 2729 1168 2793 omitto
1189 2734 1322 2805 caetera,
1340 2747 1415 2813 quae
1430 2729 1472 2793 ad
1490 2747 1560 2793 me-

387 2837 479 2902 dicos
494 2836 721 2920 potiusquam
735 2837 930 2903 canonistas
942 2837 1106 2921 spectant.

425 2945 510 3010 Nota
524 2945 557 3008 θ’
572 2943 808 3027 impotentiam
823 2944 926 3010 dividi
941 2965 948 3007 :
967 2947 998 3008 1ο
1013 2948 1269 3032 inperpetaam,
1285 2963 1360 3030 quae
1372 2963 1433 3029 per
1448 2944 1561 3009 media

386 3052 554 3120 naturalia
568 3057 602 3118 ct
619 3053 710 3119 licita
728 3051 799 3117 tolli
814 3070 884 3118 non
896 3058 1020 3136 potest,
1038 3053 1094 3118 vel
1107 3055 1245 3120 nonnisi
1261 3052 1467 3129 difficillime,
1481 3071 1560 3117 cum

386 3160 550 3247 probabili
574 3161 724 3245 periculo
743 3161 878 3238 mortis,
899 3160 978 3226 licet
997 3163 1110 3228 forsan
1132 3162 1203 3226 tolli
1221 3163 1403 3245 possitper
1417 3162 1560 3226 miracu-

384 3272 457 3336 lum
472 3276 532 3337 aut
545 3271 766 3347 maleficinm3
782 3275 817 3334 et
837 3272 1069 3356 temporalem,
1088 3289 1163 3356 quoe
1179 3289 1241 3354 per
1255 3271 1368 3336 media
1381 3270 1558 3346 naturalia,

386 3399 446 3445 seu
462 3380 633 3444 ordinaria
656 3384 690 3443 et
710 3377 802 3443 licita
814 3379 891 3468 tolli
905 3383 1019 3463 potest
1033 3381 1161 3464 absquo
1173 3379 1322 3463 periculo
1337 3379 1468 3455 mortis,
1484 3377 1562 3442 licet

385 3491 501 3554 forsan
520 3505 591 3552 non
610 3488 698 3552 absit
710 3487 898 3570 periculum
910 3488 1021 3552 morbi
1035 3487 1147 3570 mavis
1160 3487 1224 3552 :ita
1237 3505 1325 3552 com.
1338 3486 1416 3561 bb,
1431 3503 1511 3552 exc.
1528 3485 1558 3560 6,

385 3599 460 3662 boc.
478 3598 527 3662 tit.
544 3595 636 3661 Talia
650 3597 802 3661 remedia
823 3601 913 3675 sunt,
929 3601 1054 3680 praeter
1068 3601 1176 3662 artem
1190 3599 1401 3663 medicorum
1421 3600 1456 3660 et
1475 3594 1563 3678 peri·

387 3713 513 3781 torum,
531 3706 634 3770 etiam
655 3705 841 3789 spiritualia
861 3705 1027 3784 Ecclesia,
1045 3702 1236 3784 exorcismi,
1256 3725 1374 3790 preces
1395 3710 1429 3771 et
1445 3705 1562 3788 hujus-

386 3815 479 3880 modi
500 3814 614 3879 media
635 3814 724 3897 apud
741 3815 860 3880 fidelos
877 3817 1032 3900 usurpari
1047 3816 1156 3881 solita.
1172 3817 1205 3882 θ’
1219 3814 1471 3890 ln'absolntam,
1487 3831 1562 3898 quae

386 3923 528 4010 impedit
542 3941 659 3988 veram
682 3923 839 4008 copulam
854 3943 933 3990 cum
952 3925 1110 3990 omnibus
1125 3926 1280 4007 personis
1299 3924 1424 3988 diversi
1444 3939 1561 3996 sexus3

388 4039 422 4098 et
431 4034 663 4117 respectabant,
677 4053 753 4118 quae
766 4033 1295 4118 impeditcopulamcumunavel
1305 4033 1564 4116 alteraporsona

387 4145 525 4226 propter
545 4141 686 4206 nimiam
705 4143 970 4226 inaequalitatem
991 4148 1025 4208 et
1045 4143 1367 4227 improportionem,
1389 4157 1468 4206 cum
1488 4138 1563 4204 aliis

388 4270 469 4316 vero
484 4251 750 4337 proportionatis
761 4269 917 4316 eamnon
933 4251 1085 4335 impedit.
1096 4253 1128 4316 3⁰
1146 4251 1183 4315 ln
1201 4250 1466 4326 antecedentem,
1487 4265 1562 4330 quae

388 4365 467 4425 anto
475 4359 954 4425 matrimoniumcontractnm
963 4361 1092 4424 exstitit
1101 4361 1136 4424 in
1146 4375 1308 4443 persona3
1322 4362 1356 4422 ct
1364 4373 1563 4439 consequen·
1618 4415 1621 4422 .

387 4478 454 4533 tem
470 4489 531 4535 seu
540 4471 843 4555 supervenientem,
856 4488 932 4554 quae
945 4470 1163 4535 matrimonio
1175 4472 1247 4553 jam
1259 4472 1433 4533 contracto
1449 4483 1563 4548 super-

387 4578 495 4642 venit.
512 4577 545 4642 4⁰
559 4578 597 4643 ln
619 4578 824 4659 naturalem,
849 4596 924 4661 quae
947 4578 1054 4642 oritur
1075 4596 1118 4642 ex
1139 4577 1222 4642 vitio
1240 4574 1399 4650 naturali,
1417 4592 1451 4637 v.
1468 4591 1502 4654 g.
1520 4589 1562 4635 ex

386 4687 520 4751 deiectu
536 4692 595 4752 aut
613 4686 839 4770 ineptitudine
855 4688 1003 4770 partium
1021 4687 1232 4769 genitalium,
1250 4691 1284 4750 ct
1295 4685 1496 4768 plerumque
1512 4681 1562 4744 in-

385 4795 546 4864 curabilis
569 4802 603 4862 et
619 4801 785 4880 perpetua
801 4801 864 4874 est3
882 4802 916 4863 et
930 4797 1187 4880 accidentalem,
1204 4814 1279 4880 quae
1301 4795 1462 4860 orituros
1477 4789 1560 4858 vitio
1614 4781 1618 4792 '
