3412 5570
500 473 588 530 issac
612 474 738 538 coraus
761 474 984 532 meleriaco.
1267 457 1328 531 lte

158 596 274 689 quenti
289 597 418 669 honum
432 602 615 685 publicum,
634 607 672 666 ut
686 621 787 688 snpra
801 602 929 668 dietum
946 608 1013 680 est;
1028 601 1084 668 lex
1099 619 1181 668 vero
1196 603 1332 688 respicit

157 713 353 778 immediate
366 715 496 776 bonum
511 712 693 795 publicum,
714 717 748 776 et
762 712 909 777 mediate
924 717 1057 776 tantum
1076 714 1205 777 bonum
1223 713 1332 794 priva-

158 826 283 886 torum.
300 822 332 883 9⁰
348 822 416 884 Lex
440 838 576 902 semper
590 819 771 900 adstringit
784 820 827 884 ad
848 821 900 884 sul
924 820 1198 884 observationem
1214 839 1273 885 eos
1296 820 1332 884 in

159 949 245 1015 quos
256 933 363 995 fertur
375 950 382 992 :
395 948 465 994 non
477 929 524 993 ita
538 929 666 1010 obligat
677 929 720 994 ad
733 930 785 994 sui
796 949 896 994 usum
907 930 1122 1014 privilegium
1136 948 1195 994 eos
1210 930 1331 1013 quihus

158 1032 319 1098 collatum
336 1037 388 1097 est
412 1053 419 1095 :
442 1059 457 1090 α
473 1031 584 1097 invito
601 1033 805 1097 beneficium
825 1051 895 1098 non
909 1033 1008 1114 datur
1030 1059 1057 1108 a,
1074 1039 1113 1097 ut
1127 1033 1206 1098 dicit
1221 1033 1333 1116 aliqua

159 1159 195 1206 re
221 1140 278 1206 ula
295 1140 387 1204 'uris

87 1299 92 1312 .
143 1255 150 1271 ‘
197 1160 541 1331 {resjariprtadillertz
558 1251 683 1332 l⁰quia
698 1235 1183 1334 rescriptumpropriedictum
1198 1255 1334 1314 estres-
1369 1243 1372 1248 ’

158 1374 306 1440 pensum
320 1357 480 1438 principis
495 1358 668 1440 scriptum,
685 1359 767 1430 dum
782 1358 998 1442 privilegium
1012 1362 1124 1440 potest
1138 1358 1242 1422 etiam
1255 1357 1335 1420 viva

158 1483 242 1530 crece
260 1464 411 1538 concedi,
430 1467 530 1546 juxta
544 1468 815 1532 communiorem
839 1467 1062 1542 sententiam3
1085 1465 1198 1549 aliqua
1219 1471 1335 1530 tamen

158 1570 335 1654 privilegia
361 1573 539 1656 requirunt
564 1576 774 1658 scripturam.
800 1573 903 1639 Totus
926 1573 1022 1638 valor
1044 1573 1219 1657 privilegii,
1249 1572 1337 1637 sicut

159 1678 256 1760 legis,
266 1679 397 1762 ‘pendet
409 1699 430 1744 a
444 1680 619 1746 voluntate
631 1683 799 1765 principis.
814 1681 847 1746 2⁰
858 1682 1071 1764 Rescriptum
1083 1681 1217 1764 proprie
1227 1680 1336 1744 tendit

159 1786 201 1850 ad
218 1786 425 1852 decisionem
437 1788 524 1870 juris
540 1788 644 1864 dubii,
660 1789 878 1872 privilegium
898 1795 1013 1855 autem
1028 1809 1048 1854 a
1062 1792 1140 1872 jure
1161 1789 1336 1854 communi

160 1896 289 1958 eximit.
305 1896 338 1959 3ο
352 1895 567 1979 Rescriptum
584 1901 637 1960 est
650 1897 766 1978 gratiae
784 1897 840 1962 vel
851 1899 1003 1982 justitiae,
1020 1897 1237 1981 privilegium
1252 1914 1334 1960 vero
1371 1925 1373 1932 ·

161 2007 294 2067 tanturn
308 2009 361 2068 est
374 2006 483 2085 matie
496 2011 653 2088 respectu
665 2004 755 2070 illius
770 2007 824 2070 cui
837 2007 951 2090 ipsum
965 2009 1149 2072 confertur.

198 2111 347 2176 Tandem
357 2129 378 2174 a
390 2111 637 2195 dispensatione
647 2112 771 2190 differt,
788 2115 866 2198 quia
876 2116 908 2177 l⁰
921 2114 1129 2198 dispensatio
1140 2133 1275 2204 semper
1285 2117 1337 2178 est

160 2220 304 2284 adversa
317 2218 386 2301 legi
401 2237 421 2284 a
436 2238 503 2302 qua
517 2219 706 2304 dispeusat;
719 2220 936 2304 privilegium
951 2221 1133 2306 aliquanda
1148 2225 1200 2284 est
1213 2225 1338 2304 praeter

159 2325 283 2408 legem,
314 2332 475 2409 utsupra
498 2327 661 2403 diximum
686 2328 718 2390 2⁰
742 2327 951 2411 dispensatio
971 2330 1042 2392 iere
1063 2329 1136 2392 sine
1158 2328 1335 2392 duratione

160 2440 219 2498 aut
234 2433 412 2498 stabilitate
427 2433 540 2518 aliqua
554 2439 623 2510 est;
639 2435 856 2516 privilegium
877 2441 996 2501 contra
1015 2435 1115 2501 datur
1132 2455 1210 2500 cum
1231 2434 1335 2500 stabi-

159 2543 253 2609 litate
277 2543 400 2628 aliqua,
427 2545 470 2608 ad
492 2544 634 2610 modum
655 2545 757 2627 legis3
781 2547 814 2608 3ο
839 2547 1045 2630 dispensatio
1069 2546 1271 2630 plerumque
1294 2546 1337 2610 ad

160 2671 267 2716 unum
283 2650 448 2717 duntaxat
461 2657 575 2717 actum
589 2652 797 2730 conceditur,
818 2653 1036 2736 privilegium
1052 2659 1168 2718 autem
1185 2653 1337 2726 adactus

161 2761 286 2845 plures.

510 2930 541 2981 n.
560 2930 599 2981 Do
612 2927 750 2981 varietate
764 2927 987 2993 privilegiorum.

203 3091 420 3177 Privileglum
434 3096 614 3160 dividitur:
631 3097 663 3158 l⁰
677 3097 713 3160 in
730 3096 993 3176 affirmativum,
1015 3093 1107 3176 quod
1129 3094 1284 3158 consistit
1302 3094 1339 3159 iu
1444 3149 1446 3156 ,

162 3205 322 3271 facultate
341 3207 384 3271 ad
403 3206 529 3290 aliquid
542 3206 747 3284 faciendum,
764 3224 825 3270 seu
841 3223 908 3288 quc
922 3204 1119 3269 conceditur
1133 3208 1238 3279 actus,
1256 3203 1339 3267 alias

161 3316 238 3397 jure
253 3315 453 3398 prohibitus,
475 3322 510 3380 et
523 3317 720 3400 cepaticum
735 3334 796 3380 seu
818 3314 861 3379 ad
876 3314 1002 3408 aliquid
1017 3312 1255 3389 omittendum,
1271 3331 1338 3395 quo

164 3423 361 3487 conceditur
376 3425 518 3488 ‘facultas
539 3423 720 3489 omittendi
731 3423 880 3506 aliquem
895 3427 1008 3486 actum
1021 3424 1098 3505 jure
1113 3425 1338 3505 praeceptum;

164 3531 196 3592 i*
215 3531 251 3594 in
272 3551 362 3596 mere
379 3534 578 3616 pratiosum,
602 3533 693 3614 quod
713 3531 811 3596 datur
825 3550 868 3594 ex
883 3550 970 3614 pura
989 3529 1229 3594 benevolentia
1251 3529 1340 3612 prin-

165 3639 259 3722 cipis,
269 3644 303 3703 et
312 3643 627 3720 remuneratorium,
639 3641 729 3724 quod
740 3640 840 3704 datur
849 3641 892 3705 ob
904 3640 1266 3720 meritapersonarum,
1278 3655 1340 3700 seu

165 3745 201 3810 in
216 3735 528 3814 remunerationem
549 3749 777 3824 servitiorum,
800 3765 1040 3831 expensarum,
1066 3753 1143 3822 etc,
1168 3747 1203 3808 in
1226 3745 1339 3829 aliquo

166 3875 279 3938 opere.
298 3856 464 3922 Dividitur
481 3859 518 3922 3⁰
536 3859 572 3922 iu
589 3857 779 3940 favorabile
798 3862 832 3922 et
846 3858 1008 3922 odiosum.
1026 3858 1066 3918 at
1077 3856 1150 3918 hac
1163 3853 1341 3938 privilegia

164 3983 234 4029 nou
251 3965 371 4030 eodem
385 3966 486 4030 modo
498 3965 707 4048 explicantur
718 3983 738 4030 a
750 3964 934 4029 canonistis
948 3983 954 4025 :
965 3966 1064 4046 juxta
1073 3962 1252 4026 meliorem
1264 3981 1341 4026 sen-

165 4074 317 4150 tentiam,
338 4074 529 4156 favorabile
553 4080 605 4138 est
623 4074 707 4138 illud
721 4073 938 4156 privilegium
954 4071 1045 4156 quod
1056 4072 1217 4156 primario
1232 4076 1267 4134 et
1279 4085 1358 4154 per·

165 4199 202 4244 se
225 4182 422 4247 conceditur
444 4183 480 4246 in
505 4184 659 4247 lavarem
678 4200 844 4266 personae‚
867 4180 946 4244 lieet
963 4199 1025 4264 per
1048 4179 1203 4244 accidens
1223 4178 1341 4243 odium

166 4305 227 4355 seu
250 4291 485 4374 praejudicium
509 4292 647 4356 alterius
669 4292 858 4368 contineat;
883 4289 1035 4354 odiosum
1062 4293 1114 4352 est
1141 4287 1225 4351 illud
1250 4286 1341 4370 quod
1450 4311 1455 4322 ·

164 4415 226 4480 per
238 4417 275 4463 se
291 4404 325 4462 et
338 4399 568 4482 principaliter
580 4399 741 4464 inedium
752 4404 786 4462 et
796 4397 1060 4462 detestationem
1070 4394 1211 4460 alterius
1221 4411 1342 4458 conce-

167 4504 266 4580 ditur,
290 4511 339 4583 ιιι,
356 4525 388 4568 v.
409 4525 442 4588 g.
460 4505 677 4591 privilegium
696 4505 877 4571 revocandi
898 4504 1119 4569 donationem
1138 4503 1180 4567 oh
1205 4502 1342 4584 ingrati-

168 4614 320 4682 tudinem
337 4616 512 4682 donatarii.
528 4617 628 4681 Juxta
647 4613 788 4682 alteram
803 4616 1018 4690 sententiam,
1036 4613 1071 4677 in
1088 4612 1261 4678 communi
1277 4630 1341 4676 usu
