3500 5552
510 625 596 669 riusa
618 625 745 677 oururcs
766 625 986 670 nacurrmruu.
1280 607 1335 672 571

160 745 308 809 indicare
329 717 386 825 jus
410 743 574 819 divinum,
601 760 669 827 quo
691 743 814 808 mulier
829 745 970 827 jubetur
994 745 1030 808 in
1051 743 1192 809 ecclesia
1214 749 1346 820 tacere
1398 743 1400 748 ’

66 866 68 871 ’
161 871 220 916 seu
240 851 368 916 nullam
382 855 588 933 potestatem
603 851 866 916 ecclesiasticam
887 869 1062 927 exercere;
1085 858 1159 916 tum
1179 853 1259 937 quia
1280 873 1338 936 po-

161 964 266 1024 testas
280 960 352 1023 haec
367 960 444 1023 data
459 964 511 1022 est
521 959 691 1042 Apostolis
707 977 894 1042 eorumque
912 960 1177 1036 successoribus,
1195 967 1230 1025 ct
1244 960 1337 1027 nullo

160 1067 420 1141 modofeminis,
439 1071 477 1130 ut
492 1066 591 1130 docet
605 1065 678 1130 lnn.
696 1066 793 1148 111(c.
811 1051 861 1143 lt),¹
876 1067 917 1131 de
931 1067 1054 1131 Posuit.
1073 1075 1105 1132 et
1119 1049 1271 1151 retrusa).
1289 1070 1339 1136 lta

161 1175 297 1240 leminae
315 1177 393 1257 J'ure
413 1174 527 1238 divino
549 1173 692 1238 exclusa
708 1179 788 1239 suut
803 1179 1001 1257 apotastate
1022 1174 1179 1254 clavium,
1194 1176 1257 1240 sub
1272 1195 1339 1260 qua

162 1283 264 1349 etiam
279 1283 472 1348 continetur
485 1288 635 1366 potestas
648 1284 778 1348 ferendi
794 1301 968 1348 censuras.

1 1458 2 1484 χ
74 1471 76 1474 ¹
201 1393 299 1475 Ergo,
317 1392 453 1477 quando
467 1393 503 1456 in
519 1395 597 1476 jure
617 1392 739 1458 dicitur
758 1393 946 1464 abbatissas
961 1394 1017 1459 vel
1038 1395 1217 1478 priorissas
1237 1391 1339 1480 posse

163 1504 335 1585 subjectos
348 1503 411 1566 sibi
424 1502 565 1568 clericos
581 1503 790 1586 suspendere
806 1504 847 1568 ab
863 1504 975 1569 officio
994 1503 1051 1568 vel
1070 1505 1246 1581 beneflcio,
1266 1524 1339 1570 sus-

163 1611 281 1695 pensio
297 1629 367 1675 non
379 1611 540 1696 accipitur
553 1613 688 1696 proprie
702 1629 764 1694 pro
779 1629 934 1689 censura,
952 1611 1013 1676 sed
1026 1610 1094 1676 late
1110 1617 1144 1677 ct
1156 1613 1339 1700 improprie

163 1737 224 1806 pro
242 1719 385 1802 simplici
400 1720 627 1803 prohibitione
644 1740 687 1786 ne
700 1719 812 1785 clerici
829 1715 1014 1786 celebrent.

501 1951 518 2024 ἓ
532 1953 578 2010 111.
596 1951 634 2010 De
647 1951 780 2024 subjecto
796 1967 1003 2014 camararum.

205 2144 237 2225 α)
248 2142 397 2208 Censura
410 2142 491 2206 ferri
504 2145 618 2225 potest
630 2142 665 2205 in
680 2141 792 2206 solum
807 2143 984 2207 hominem
1003 2143 1221 2226 baptizatum,
1244 2145 1343 2210 ratio-

165 2251 219 2316 nis
230 2254 265 2315 et
276 2251 344 2315 doli
357 2268 526 2334 capacem,
543 2249 710 2326 viatorem
731 2253 765 2312 at
783 2249 970 2326 subditum,
998 2250 1070 2314 sive
1085 2248 1256 2328 clericum,
1272 2253 1344 2318 sive

164 2358 298 2424 laicum.
316 2359 399 2422 Nam
411 2376 532 2424 omnes
548 2357 601 2422 ha·
615 2356 829 2422 conditiones
853 2357 1074 2440 requiruntur
1089 2359 1124 2421 in
1138 2377 1178 2423 eo
1196 2360 1254 2443 qui
1269 2378 1344 2425 cen-

166 2467 313 2533 suravel
329 2467 395 2532 alio
407 2466 653 2550 jurisdictionis
677 2471 752 2532 actu
774 2464 933 2548 ligandus
953 2471 1015 2532 cst.
1037 2466 1131 2532 Unde
1152 2468 1344 2551 subiectum

93 2579 101 2595 '
165 2594 318 2641 censurae
340 2594 409 2640 non
432 2580 535 2639 sunt:
556 2577 586 2638 1⁰
603 2575 754 2656 infideles
769 2593 839 2639 non
860 2574 1030 2664 baptizati,
1049 2593 1092 2638 err
1107 2573 1120 2638 1
1133 2575 1220 2652 Gor„
1238 2596 1269 2653 v,
1284 2579 1342 2654 ru;

166 2685 248 2749 item
260 2683 540 2749 etcatecbumeni
551 2683 655 2764 (conc.
668 2681 768 2756 Trid.‚
782 2700 865 2746 sess.
881 2682 931 2757 14,
946 2701 974 2746 c.
988 2682 1017 2757 l,
1033 2683 1074 2746 de
1087 2682 1183 2748 Sao.
1195 2681 1341 2766 Punic).

205 2795 236 2856 Ψ
250 2793 406 2874 Infantes
428 2800 460 2855 et
477 2799 638 2868 umentes,
656 2791 736 2874 quia
748 2791 907 2874 praeccpti
923 2795 958 2854 et
977 2790 1043 2854 doli
1059 2809 1130 2856 uon
1147 2796 1229 2856 sunt
1249 2811 1345 2876 capa·

166 2919 232 2967 ces.
251 2900 378 2965 Tamen
400 2899 542 2963 dubium
561 2903 623 2976 est,
641 2902 756 2961 utrum
775 2897 872 2980 ligari
890 2900 1024 2980 possint
1039 2897 1219 2964 interdicto
1233 2899 1342 2978 locali,

166 3009 214 3072 ita
240 3012 280 3070 ul
305 3008 373 3070 sint
392 3005 594 3070 excludendi
615 3025 635 3070 a
654 3005 776 3070 divinis
801 3008 931 3072 ciliciis.
958 3005 1112 3091 Plerique
1131 3007 1195 3070 bb.
1217 3014 1346 3092 negant

167 3115 276 3198 (Apud
292 3114 324 3178 S.
339 3114 409 3196 Lig.
424 3113 490 3188 Vll,
507 3114 566 3196 13).
582 3114 625 3178 dt
647 3115 843 3198 impuberes
864 3135 928 3180 usu
950 3117 1091 3181 rationis
1107 3116 1250 3198 praediti,
1266 3135 1346 3180 cum

169 3221 288 3287 nullibi
303 3222 524 3304 excipiantur,
546 3223 633 3286 sicut
647 3226 727 3286 sunt
741 3240 882 3306 capaces
899 3223 977 3302 doli,
992 3224 1040 3289 ila
1054 3228 1089 3287 et
1102 3242 1256 3289 censurae
1270 3225 1310 3306 (c.
1328 3227 1343 3288 l

170 3336 205 3398 et
218 3331 276 3394 fln.
293 3331 326 3393 h.
342 3333 390 3409 t).
402 3329 524 3394 Verum
539 3328 642 3414 aliqui
659 3329 824 3408 dubitant,
844 3333 872 3396 si
890 3337 1051 3414 ageretur
1066 3333 1108 3397 de
1127 3351 1272 3398 censura
1285 3353 1347 3417 per

169 3438 311 3504 modum
330 3439 519 3515 sententiaa,
536 3439 615 3522 quia
627 3439 825 3522 impuberes
846 3441 1028 3506 difssculter
1045 3442 1132 3505 lueri
1151 3460 1187 3506 se
1202 3446 1347 3525 possunt

165 3547 355 3632 injudicio.
372 3547 540 3612 Praeterea
556 3572 571 3605 «
586 3548 837 3614 advertendum
852 3554 915 3627 est,
932 3551 979 3614 ait
994 3551 1026 3614 S.
1051 3551 1133 3632 Lig„
1158 3551 1250 3634 quod
1271 3570 1347 3615 cen-

169 3677 256 3722 surae
271 3657 476 3739 generaliter
489 3657 566 3723 lalae
581 3677 601 3724 a
609 3662 687 3742 jure
703 3659 758 3724 vel
773 3661 814 3725 ab
828 3660 967 3726 homine
984 3679 1054 3726 non
1067 3661 1290 3724 incurruntur
1304 3663 1346 3744 ab

168 3760 412 3850 impuberibus,
435 3769 502 3832 nisi
522 3769 587 3833 hoc
609 3787 809 3852 expressum
832 3770 876 3834 sit
897 3771 933 3834 in
957 3770 1033 3852 lege
1059 3795 1073 3826 u
1093 3769 1125 3852 (l.
1149 3767 1344 3852 v11,n.rt).

169 3876 331 3961 Exempla
344 3875 511 3941 nonnulla
520 3878 630 3942 affert.

209 3985 241 4048 3ο
254 3983 415 4048 Homines
439 3986 576 4064 mortui,
593 3986 673 4069 quia
698 3987 857 4069 potestati
883 3987 1042 4052 humana
1065 4005 1134 4052 non
1158 3989 1345 4070 subjacent.

170 4093 323 4158 Haeretici
335 4099 449 4158 tamen
459 4099 538 4177 post
551 4100 698 4160 mortem
710 4096 924 4161 declarantur
937 4097 1232 4172 excommunicati,
1245 4102 1283 4160 ut
1295 4114 1349 4160 ca-

172 4203 285 4268 tholici
301 4204 349 4267 eis
364 4221 434 4268 non
448 4204 702 4270 communicent
714 4205 750 4269 in
766 4207 941 4290 sepultura
952 4207 1037 4289 (can.
1054 4208 1112 4270 fin.
1130 4206 1180 4282 ut,
1199 4226 1230 4290 q.
1247 4205 1289 4289 l);
1306 4224 1349 4270 ex

172 4313 278 4379 altera
287 4318 392 4396 parte,
402 4311 584 4397 aliquando
595 4314 749 4379 catholici
758 4333 837 4379 cum
848 4315 954 4398 signis
964 4314 1172 4398 poenitentiae
1183 4314 1348 4379 deceden-

172 4427 235 4498 tes,
253 4419 364 4484 solent
378 4420 508 4485 absolvi
521 4439 541 4486 a
555 4439 716 4499 censura;
733 4422 793 4487 sed
809 4423 883 4487 baec
897 4422 1065 4488 absolutio
1087 4422 1290 4487 terminatur
1304 4421 1347 4486 ad

172 4530 283 4606 vivos,
303 4534 343 4592 ut
358 4529 392 4592 hi
411 4529 544 4613 possint
560 4530 811 4596 communicare
831 4532 975 4598 mortuis
992 4529 1217 4615 insepultum
1233 4532 1273 4613 (c.
1294 4532 1345 4608 28,

172 4639 206 4703 h.
224 4639 271 4720 t).

212 4747 245 4811 4ο
259 4745 336 4812 Nou
351 4745 487 4822 subditi,
503 4747 582 4830 quia
595 4753 745 4832 potestus
759 4749 941 4815 coercitiva
957 4764 1028 4813 non
1043 4751 1220 4814 exercetur
1234 4748 1297 4814 uisi
1313 4748 1347 4814 in
