3514 5564
552 563 646 646 'ninus
667 599 804 654 ausurus
824 599 1044 646 nncarrsnruu.
1335 581 1393 645 lca

220 716 285 784 hcc
307 717 357 782 tit.
375 715 469 782 Unde
489 715 604 782 nullus
620 735 662 783 ex
677 715 800 800 spuriis
815 735 876 800 per
895 735 932 782 se
945 715 1117 799 loquendo
1133 720 1187 780 est
1201 717 1394 798 subjectum

220 825 476 908 legitimationis
489 825 766 900 matrimonialis3
782 826 861 909 quia
879 827 936 908 jus
951 826 1102 890 savorem
1115 825 1220 891 istum
1231 825 1274 890 ob
1282 826 1394 909 justas

220 949 340 998 causas
352 931 463 998 noluit
485 931 669 998 extendere
683 933 727 997 ad
741 934 885 1017 spurios.
908 932 1038 997 Sulsscit
1056 937 1172 997 autem
1192 937 1231 998 ut
1253 933 1328 1018 quis
1351 933 1395 998 sit

220 1040 310 1105 {llius
325 1040 488 1105 naturalis
503 1040 666 1123 putative,
688 1039 768 1106 licet
784 1041 898 1124 reipsa
917 1041 961 1106 ob
979 1040 1091 1106 latens
1110 1041 1395 1125 impedimentum

221 1149 265 1214 sit
278 1149 414 1232 spurius
431 1169 438 1211 ε
451 1150 626 1214 namsicut
639 1150 896 1215 matrimonium
905 1150 1058 1233 putative
1065 1151 1199 1233 justum
1208 1150 1312 1215 habet
1323 1149 1393 1214 vim

219 1256 443 1340 legitimandi,
460 1262 499 1321 ut
515 1257 745 1333 antedictum,
761 1257 958 1342 itaquoque
976 1257 1067 1322 filius
1082 1258 1235 1342 putative
1256 1262 1392 1323 natura-

219 1363 262 1430 lis
277 1365 381 1429 babet
393 1363 619 1448 aptitudinem
634 1365 677 1430 ad
691 1365 920 1448 recipiendam
935 1364 1022 1431 hano
1035 1365 1331 1448 legitimationcm.

261 1474 360 1559 Resp.
377 1474 407 1537 2.
417 1472 459 1538 Ut
472 1471 584 1556 proles
598 1473 810 1555 legitimetur
823 1491 882 1556 per
896 1475 1110 1558 subsequens
1125 1473 1393 1550 matrimonium,

223 1581 347 1647 suflicit
360 1585 518 1666 parentes
540 1582 646 1647 fuisse
660 1581 789 1647 habiles
804 1582 847 1647 ad
868 1582 1149 1659 ceubabendum,
1166 1580 1223 1645 vel
1242 1585 1395 1664 tempore

221 1688 464 1773 conceptionis,
483 1688 539 1755 vel
562 1688 833 1766 nativitatis,ch
853 1690 1058 1756 intermedio
1075 1709 1083 1752 ε
1098 1691 1148 1754 ita
1172 1689 1304 1765 Cavea,
1320 1688 1396 1753 Bar·

222 1799 316 1873 bosa,
342 1797 493 1862 Schmier
518 1803 552 1863 et
569 1797 625 1862 alii
652 1803 772 1863 conus
797 1797 903 1876 bald,
933 1797 1037 1882 Sylu,
1060 1797 1168 1874 Gara,
1191 1799 1304 1874 lices,
1330 1801 1393 1862 etc.

222 1906 320 1972 Proh.
338 1924 381 1971 ex
397 1905 454 1971 lib.
472 1905 525 1981 lll,
546 1923 657 1988 nuper
670 1923 699 1971 o.
715 1906 757 1970 de
773 1905 895 1973 Nutur.
913 1905 1017 1982 liber,
1035 1905 1093 1970 ubi
1113 1905 1195 1989 imp.
1218 1922 1281 1990 par
1302 1923 1339 1970 se
1362 1909 1397 1970 et

222 2013 451 2098 principaliter
473 2011 659 2096 disponens
678 2013 719 2078 de
738 2013 983 2096 legitimaticne
1004 2013 1191 2079 liberorum
1205 2032 1267 2098 per
1281 2013 1396 2076 subse-

224 2141 332 2209 quens
347 2123 616 2202 matrimonium,
632 2123 668 2188 in
681 2125 749 2188 tine
769 2123 884 2188 subdit
900 2143 907 2186 :
925 2149 940 2184 u
958 2123 995 2188 ln
1009 2123 1254 2208 quaestionibus
1270 2122 1305 2188 in
1325 2123 1397 2206 qui-

224 2233 289 2297 bus
311 2232 352 2297 de
372 2236 462 2297 statu
484 2232 670 2298 liberorum
695 2237 748 2298 est
768 2231 946 2309 dubitatio,
971 2250 1041 2298 non
1065 2232 1308 2316 conceptionis,
1337 2230 1396 2296 sed

222 2346 340 2425 partus
355 2346 491 2425 tempus
509 2340 769 2425 inspiciendum,
794 2342 906 2406 etboc
920 2343 1038 2408 favore
1058 2341 1255 2418 liberorum,
1277 2359 1399 2423 excep·
1426 2393 1431 2404 .

224 2450 266 2516 tis
294 2451 347 2514 his
374 2449 612 2517 tantummodo
636 2450 771 2516 casibus
790 2451 826 2514 in
852 2450 976 2534 quibus
1000 2450 1261 2532 conceptionem
1286 2448 1397 2530 magis

222 2559 401 2643 approbari
430 2559 611 2624 tutantium
639 2558 843 2623 conditionis
866 2556 992 2623 utilitas
1024 2557 1227 2641 expostulat.
1257 2581 1272 2615 a
1302 2555 1397 2621 Idem

223 2685 383 2750 expresse
400 2666 633 2750 disponiturin
653 2685 732 2732 nov.
748 2665 800 2742 89,
815 2683 843 2732 c.
860 2665 890 2742 8,
908 2666 955 2731 ibi
972 2685 979 2728 :
998 2666 1216 2742 «Sensimus,
1233 2669 1337 2743 sete,
1361 2671 1396 2730 ct

222 2795 294 2858 arg.
311 2776 368 2842 lib.
386 2777 422 2852 V,
439 2775 506 2854 Vll,
522 2777 558 2841 ff.
577 2777 618 2842 de
631 2777 734 2843 Statu
748 2777 851 2854 bom,
867 2778 976 2846 ubiad
987 2777 1180 2842 libertatem
1194 2780 1311 2860 partus
1323 2774 1399 2839 dici·

223 2890 279 2948 tur
298 2885 454 2950 sufficere
475 2885 565 2969 quod
592 2890 703 2951 mater
722 2887 825 2950 luerit
847 2887 954 2952 libera
975 2903 1190 2971 quocumque
1217 2903 1261 2948 cx
1290 2883 1397 2948 tribus

226 2995 448 3078 temporibus,
464 2995 520 3060 vel
539 2995 781 3080 conceptionis,
806 2996 861 3061 vel
881 2996 1096 3072 intermedie,
1120 2994 1177 3060 vel
1198 2991 1395 3060 nativitatis.

225 3102 321 3167 Ratio
338 3107 400 3178 est,
417 3102 496 3186 quia
514 3105 594 3185 jura
614 3103 836 3168 concedentis
853 3102 1072 3169 matrimonio
1093 3102 1165 3167 vim
1186 3100 1397 3184 legitimandi

226 3214 307 3273 sunt
332 3210 546 3287 favorabilia3
576 3228 659 3292 ergo
684 3217 775 3277 recte
803 3211 1040 3294 intelliguntur
1060 3211 1101 3275 de
1130 3208 1339 3294 parentibus,
1370 3207 1399 3270 si

226 3318 349 3382 saltem
363 3320 517 3400 tempore
533 3323 620 3382 nata
635 3319 739 3403 prolis
754 3321 823 3385 sint
835 3318 965 3384 habiles
980 3319 1023 3384 ad
1047 3315 1318 3383 contrahendum
1337 3335 1343 3377 :
1362 3319 1400 3378 ut

226 3425 254 3490 si
271 3425 376 3489 Titius
391 3425 562 3490 commisit
578 3425 783 3490 adulterium
797 3444 877 3491 cum
889 3426 1022 3505 Bertha,
1039 3431 1073 3490 et
1086 3430 1270 3509 antequam
1283 3439 1398 3488 nasca-

226 3537 283 3597 tur
295 3532 407 3617 proles
422 3550 510 3599 uxor
523 3532 613 3597 illius
625 3535 810 3612 moriatur3
824 3540 906 3601 tunc
920 3535 1012 3599 enim
1024 3551 1101 3598 cum
1112 3533 1264 3598 nascitur
1272 3527 1397 3613 proles,

227 3640 349 3706 habilis
364 3645 417 3706 ast
431 3641 473 3706 ad
488 3641 747 3707 matrimonium
760 3660 840 3707 cum
854 3642 977 3709 Bertha
989 3641 1190 3707 ineundum.
1207 3640 1274 3705 Nec
1288 3639 1402 3705 obstat

228 3751 339 3834 capit,
352 3750 417 3815 boo
430 3749 493 3827 tit,
509 3755 544 3814 et
557 3749 578 3813 l.
590 3749 678 3828 Vl‚c.
693 3751 743 3814 De
752 3751 821 3815 suis
830 3759 864 3815 et
872 3750 1008 3835 lepit.,l.
1016 3750 1070 3826 xl,
1082 3749 1119 3814 ff.
1130 3749 1172 3814 de
1181 3747 1379 3814 Statubom.
1388 3765 1400 3824 ;

229 3877 309 3922 nam
328 3875 400 3942 cap.
416 3858 436 3922 d
451 3856 604 3940 procedit
620 3857 661 3922 de
679 3862 837 3942 suscepta
850 3877 911 3924 seu
926 3863 1006 3923 nata
1019 3856 1125 3941 prole,
1140 3856 1278 3920 vivente
1293 3873 1400 3922 uxore

228 3965 390 4048 legitima.
410 3964 459 4028 lix
472 3965 547 4030 loco
566 3966 621 4029 cit.
645 3983 715 4030 uon
733 3971 867 4032 constat
888 3985 933 4031 an
956 3966 1049 4049 prius
1072 3965 1328 4030 matrimonium
1342 3982 1402 4046 pu-

231 4068 374 4133 tativum
385 4067 638 4133 convalidatum
651 4069 771 4146 luerit,
789 4074 824 4133 et
836 4070 889 4134 his
902 4070 1036 4152 legibus
1051 4066 1215 4152 praevalet
1233 4065 1402 4130 recentior

230 4175 427 4242 constitutio
441 4176 621 4240 Iustiniani
636 4178 809 4260 pronubis
823 4177 978 4260 allegata.

270 4285 370 4368 Resp.
387 4284 416 4348 3.
435 4284 546 4367 Nepos
562 4302 605 4349 cx
618 4282 688 4350 filie
707 4285 853 4350 naturali
866 4285 1018 4367 legitime
1034 4289 1146 4360 natus,
1160 4287 1318 4366 respectu
1347 4279 1402 4344 avi

230 4393 440 4475 legitimatur
452 4411 514 4476 per
525 4393 783 4457 matrimonium
797 4394 851 4459 avi
868 4395 1010 4470 staua,
1028 4393 1100 4458 sive
1114 4392 1204 4457 illius
1217 4393 1281 4456 iste
1297 4389 1400 4465 vivat,

233 4502 305 4567 sive
318 4504 391 4586 jam
405 4504 561 4564 mortuus
577 4501 620 4564 sit
636 4520 643 4563 :
657 4501 705 4565 ita
719 4500 850 4580 (lovan,
872 4500 972 4566 Gonu.
1004 4504 1038 4565 ct
1058 4499 1113 4566 ulii
1128 4497 1400 4574 concausam,

233 4605 338 4680 Bald,
356 4607 419 4668 etc.
433 4603 530 4668 Prob.
547 4622 591 4668 ex
614 4603 733 4686 regula
756 4605 906 4688 generali
930 4603 1109 4688 desumpta
1132 4621 1175 4667 ex
1188 4620 1217 4668 c.
1240 4601 1260 4665 6
1277 4599 1311 4665 h.
1329 4603 1352 4664 t.
1370 4605 1403 4678 et

236 4712 422 4789 similibus;
452 4730 533 4776 nam
564 4712 820 4778 matrimonium
854 4713 909 4779 avi
936 4712 1174 4781 retrotrahitur
1198 4711 1241 4776 ad
1269 4715 1403 4794 tempus
1450 4791 1452 4798 s
