3514 5564
356 617 415 684 toi
812 639 865 686 tus
886 639 1065 688 candurcmi.

355 754 434 813 letica
453 753 618 812 christiana
633 753 753 813 tolerari
774 769 835 815 non
849 757 937 816 debet
958 773 1027 818 cum
1046 773 1156 836 magno
1175 761 1334 834 dispendio
1355 763 1523 824 honestatis

356 844 549 903 matrimonii.
562 844 605 904 Ad
620 849 648 903 3.
663 847 734 920 fleg.
750 861 855 918 cons.;
874 863 943 906 nam
962 850 1134 924 ignorantia
1150 851 1221 910 facti
1239 856 1364 912 excusat
1381 852 1419 912 ab
1440 854 1525 913 adul-

356 933 431 992 ierio
443 939 472 991 et
485 933 699 1007 conjugicidio,
713 938 742 992 et
760 950 882 1010 conseq.
894 936 931 995 ah
946 938 1172 1012 impedimento,
1188 955 1248 1000 non
1268 956 1338 1000 vero
1356 942 1527 1017 ignorantia

353 1023 432 1097 juris
446 1023 525 1081 circa
539 1021 754 1082 inhabilitatem
769 1026 937 1085 constituti.
954 1028 995 1086 id
1008 1035 1035 1088 t.
1052 1033 1124 1105 Nag.
1140 1035 1201 1089 ant.
1217 1032 1351 1105 exceptis
1366 1032 1523 1092 censuris:

357 1129 426 1172 narn
450 1119 479 1172 ei
501 1114 567 1172 istae
590 1113 791 1174 inhabilitates
815 1116 1010 1177 incurruntur
1034 1119 1070 1178 ah
1095 1121 1322 1196 ignorantibus3
1344 1136 1404 1180 non
1426 1128 1523 1180 tamen

357 1218 502 1274 censurae,
517 1219 584 1279 qum
598 1206 828 1276 contumaciam,
843 1212 872 1264 et
885 1222 1007 1282 conseq.
1021 1209 1414 1284 scientiampraarequirunt.
1428 1215 1524 1286 Argu·
1589 1255 1594 1266 .

357 1301 458 1354 menta
477 1295 538 1353 ista
559 1295 733 1354 instantiam
759 1295 938 1355 contrariam
960 1297 1071 1357 habent
1094 1300 1126 1358 in
1149 1300 1218 1358 aliis
1242 1301 1464 1374 impedimentis
1488 1316 1527 1360 ex

357 1384 465 1444 delicto
478 1386 562 1446 ortis.
579 1386 655 1454 Quia
668 1400 738 1444 vero
753 1386 892 1459 opposita
905 1389 1054 1447 sententia
1068 1389 1143 1448 satis
1156 1395 1203 1449 esi
1219 1389 1397 1463 probabilis,
1413 1391 1525 1450 servire

357 1479 455 1549 potest
473 1476 660 1536 confessario
677 1491 731 1548 pro
749 1476 800 1534 illo
817 1490 889 1535 casu
905 1491 965 1550 quo
983 1477 1228 1551 impedimentum
1248 1484 1295 1539 est
1312 1480 1480 1552 occultum,
1495 1485 1525 1542 et
1632 1557 1638 1566 ι

357 1565 502 1626 adulteria
514 1563 561 1624 vel
576 1564 738 1624 homicidia
750 1562 781 1622 in
796 1565 931 1625 futurum
945 1580 1005 1623 non
1020 1566 1151 1639 pendam
1165 1567 1212 1640 (t).

388 1751 431 1802 ttt.
444 1749 486 1802 An
500 1749 736 1814 impedimentum
751 1749 878 1803 criminis
890 1750 927 1803 stt
941 1751 1121 1816 perpetuum,
1136 1752 1165 1806 et
1180 1763 1199 1804 a
1212 1761 1268 1817 quo
1285 1751 1496 1818 dispensabitur

398 1895 498 1981 Resp.
526 1895 569 1962 ad
592 1898 620 1961 l.
644 1897 863 1973 Affirmative,
887 1897 936 1962 ita
955 1902 1086 1962 utnon
1109 1903 1230 1974 cesset,
1259 1898 1322 1964 etsi
1346 1898 1526 1982 complices

292 2009 294 2014 '
358 2006 464 2088 longo
479 2010 632 2089 tempore
652 2006 688 2070 in
701 2007 918 2072 matrimonio
932 2007 1085 2092 putativo
1104 2007 1262 2084 vixerint,
1281 2008 1440 2093 eiproles
1455 2027 1527 2072 sus·

359 2113 511 2198 ceperint
523 2114 561 2197 (c.
578 2115 645 2179 th.
662 2117 710 2198 t),
728 2115 807 2198 quia
817 2115 1019 2180 diuturnitas
1032 2119 1208 2199 peccatum
1221 2134 1291 2180 non
1303 2116 1443 2193 minuit,
1466 2115 1527 2180 scd

360 2226 481 2304 augei;
501 2221 652 2305 prolibus
672 2226 787 2287 tamen
801 2222 993 2288 necessaria
1006 2222 1167 2288 alimenta
1183 2223 1409 2290 ministranda
1422 2227 1503 2289 sunl
1518 2243 1526 2287 :

362 2331 441 2408 idid,
457 2331 515 2395 ubi
527 2331 742 2413 corriguntur
752 2335 832 2415 jura
845 2331 967 2412 civilia,
984 2334 1117 2416 spurios
1129 2333 1172 2397 ali
1187 2333 1348 2416 vetantia.
1575 2415 1578 2422 Ι

399 2438 499 2521 Resp.
517 2439 559 2504 ad
579 2440 609 2502 i.
632 2438 670 2502 ln
684 2439 927 2523 impedimento
944 2440 1095 2504 criminis
1116 2439 1290 2523 dispensat
1308 2439 1400 2507 solus
1419 2439 1526 2524 Pape;

362 2548 442 2632 quia
456 2547 632 2613 inferiores
653 2567 722 2614 non
742 2554 887 2632 possunt
905 2547 1057 2614 relaxare
1068 2552 1126 2633 jus
1140 2567 1333 2614 commune.
1361 2549 1396 2613 Si
1415 2535 1529 2613 tamen

362 2655 593 2738 estpublicum
609 2656 885 2740 exconjugicidio
901 2662 1025 2750 orium,
1037 2656 1211 2722 rarissima
1224 2662 1259 2721 ei
1269 2656 1464 2722 difficillima
1479 2661 1531 2721 est

364 2761 568 2846 dispensatio
592 2765 649 2847 (2);
674 2769 708 2832 el
733 2765 761 2828 si
782 2770 896 2830 ortum
920 2769 973 2830 est
996 2783 1039 2828 ex
1060 2763 1225 2830 adulterio
1245 2767 1427 2848 conjuncto
1450 2781 1529 2830 oum

363 2871 488 2956 nuptiis
503 2871 640 2936 vivente
653 2870 759 2937 aliero
773 2874 920 2955 conjuge
938 2873 1130 2948 contractis,
1147 2891 1217 2937 non
1240 2872 1413 2956 dispensat
1429 2871 1529 2956 Papa,

362 2978 429 3042 nisi
442 2979 580 3060 negotio
594 2979 690 3044 finito
701 2979 735 3041 in
750 2978 866 3043 Officio
879 2980 911 3042 S.
923 2977 1163 3063 Inquisitionis.
1181 2979 1212 3044 S.
1230 2978 1483 3044 Paenitentiam
1495 2977 1531 3042 iu

362 3086 426 3150 hoc
446 3085 689 3169 impedimento
708 3085 857 3162 occulto,
871 3087 898 3149 si
914 3087 1042 3151 omniur
1064 3105 1107 3150 ex
1128 3084 1320 3162 homicidio,
1337 3085 1474 3150 nonnisi
1489 3103 1531 3150 ex

364 3192 613 3275 urgentissimis
627 3192 739 3257 causis
764 3192 946 3276 dispensat,
965 3193 1118 3277 injuncta
1137 3193 1337 3277 paenitentia
1352 3193 1529 3258 diuturna:

363 3301 494 3366 facilius
511 3307 636 3377 autem,
661 3300 689 3364 si
709 3301 837 3366 oriatur
860 3321 903 3366 ex
921 3299 994 3366 solo
1008 3299 1172 3366 adulterio
1194 3318 1272 3365 cum
1293 3301 1529 3385 promissione,

363 3408 553 3491 pracsertim
567 3408 595 3470 si
610 3407 791 3491 complices
804 3413 901 3473 erant
911 3408 1020 3490 ignari
1034 3409 1137 3491 hujus
1149 3407 1383 3492 impedimenti
1397 3408 1449 3491 (3).

396 3601 432 3668 (t)
445 3601 560 3655 Videtis
573 3602 681 3667 Angelis
695 3603 731 3668 (h.
742 3607 762 3655 t.
775 3619 803 3654 n.
815 3603 850 3666 5),
866 3605 912 3668 qui
923 3604 1081 3655 senientiam
1090 3603 1266 3656 affirmantem
1280 3603 1367 3654 taliter
1380 3603 1533 3667 ignorantes

365 3678 501 3730 incurrere
520 3678 741 3743 impedimentum
757 3681 876 3731 criminis
894 3684 976 3742 tenet,
994 3680 1057 3744 quia
1075 3680 1139 3745 ipsis
1159 3693 1296 3744 nunqnam
1317 3677 1471 3730 conceditur
1483 3677 1535 3729 dis·

366 3753 487 3818 pensatio
505 3753 541 3804 od
558 3753 694 3818 cautelam,
708 3755 756 3806 sed
768 3755 833 3806 tales
848 3755 968 3808 absoluta
983 3756 1138 3822 dispensant
1151 3755 1198 3808 SS.
1208 3755 1270 3807 trib.
1283 3756 1360 3806 Rom.

399 3829 433 3894 (2)
446 3849 459 3916 a
473 3830 593 3882 Pontifex
612 3843 748 3896 nunquam
765 3829 907 3898 dispensat,
925 3832 959 3884 oh
973 3832 1156 3884 enormitatem
1171 3831 1288 3884 scandali
1304 3835 1330 3882 sl
1344 3827 1442 3882 delicti.
1458 3848 1471 3875 ι
1488 3829 1534 3894 (lle

367 3904 671 4047 sugetrgonjutffircridnfitm
690 3983 803 4035 mixtum
827 3983 956 4035 adulterio
975 3983 1118 4048 aliqnando
1136 3983 1235 4049 duplex
1260 3981 1340 4034 inferi
1357 3981 1536 4049 impedimen·

367 4058 435 4185 {Q
450 4059 477 4200 εἷ
490 4058 650 4199 ὼΒιιὶτοὲιζιο
663 4061 718 4125 poti
731 4059 811 4112 debet
827 4060 997 4126 dispensatio,
1012 4059 1076 4112 dum
1097 4059 1197 4112 scilicet
1214 4060 1312 4114 adsunt
1332 4071 1425 4111 omnes
1443 4057 1534 4110 condi·

380 4147 455 4186 rones
477 4147 505 4185 n.
540 4171 546 4197 ,
576 4173 582 4186 .
608 4168 637 4185 ..
