3508 5568
831 527 882 578 JUS
902 525 1083 581 canonicum

727 929 1006 1023 SECUNDA
1047 929 1195 1022 Plus

373 1139 429 1190 DE
455 1139 777 1189 IblPElDIMENTlS
802 1139 1168 1190 RESPIGOENTIBUS
1193 1135 1453 1194 GONSENSUM
1485 1135 1544 1183 An

412 1229 693 1280 SPONSALIUM
714 1230 769 1279 m
793 1229 1063 1280 MATRIMONII
1084 1227 1373 1278 CONTRACTUS
1394 1225 1544 1282 111st-

411 1319 545 1368 strunt

820 1685 1032 1764 TITULUS
1068 1689 1118 1763 ll.

643 1865 686 1910 bs
717 1865 1015 1912 desponsatione
1050 1865 1267 1911 turbabatur.

410 2157 630 2226 Examinatur
642 2160 697 2224 bio
710 2160 994 2242 impedimentum
1008 2161 1129 2236 aetatis,
1147 2177 1208 2224 seu
1223 2163 1306 2224 aetas
1324 2157 1487 2242 requisita
1502 2156 1544 2221 ad

371 2267 543 2350 sponsalia
556 2273 591 2332 et
605 2268 873 2345 matrimonium,
888 2273 923 2332 et
937 2285 1039 2352 quam
1054 2267 1268 2332 necessarius
1292 2267 1336 2331 sit
1354 2283 1544 2331 consensus

370 2381 551 2458 parentum
565 2375 608 2441 ad
623 2377 881 2442 matrimonium
896 2377 1046 2442 filiorum
1057 2376 1214 2441 familias.

665 2563 684 2612 1.
701 2562 767 2624 Qua
782 2562 852 2616 etas
865 2561 1028 2626 requiratur
1040 2562 1077 2615 ad
1091 2561 1254 2626 sponsalia?

404 2702 508 2789 Resp.
520 2707 548 2768 l.
561 2705 774 2787 Regulariter
790 2707 1007 2789 septennium
1017 2706 1225 2791 completum
1237 2709 1276 2789 (o.
1288 2706 1318 2782 l,
1335 2707 1366 2784 5,
1383 2705 1431 2782 13,
1446 2707 1479 2770 h.
1499 2712 1543 2780 t.;

369 2833 398 2878 o.
419 2833 477 2878 un.
498 2814 573 2879 eod.
596 2813 632 2878 in
652 2814 684 2878 6ο
705 2818 740 2876 at
755 2811 777 2876 l.
801 2813 882 2890 xil,
902 2815 939 2878 ll.
961 2815 1002 2879 de
1020 2815 1204 2900 Sponsold,
1218 2833 1298 2880 nam
1309 2817 1544 2898 jusnonprae-

369 2924 474 2988 sumit
488 2941 590 2988 usum
604 2921 745 2988 rationis
760 2923 860 2987 eitius
874 2923 1007 3001 adesse,
1029 2925 1095 2988 nisi
1108 2924 1276 3006 completo
1300 2923 1490 3005 septennio.
1510 2921 1543 2984 Si

369 3037 485 3096 minen
504 3035 583 3114 post
606 3031 824 3114 septennium
846 3048 917 3096 non
937 3029 1073 3097 adesset
1089 3049 1172 3096 usus
1194 3031 1346 3106 rationis,
1372 3028 1544 3113 sponsalia

325 3131 327 3136 ’
366 3141 444 3222 jura
456 3137 602 3204 naturali
617 3157 661 3203 ex
679 3139 813 3204 delectu
827 3157 1016 3204 consensus
1035 3139 1132 3205 liberi
1148 3145 1265 3206 essent
1278 3138 1438 3216 invalida,
1464 3137 1543 3221 quia

367 3248 434 3312 ista
447 3247 665 3330 presumptio
675 3247 762 3329 juris
772 3249 808 3312 in
823 3248 911 3313 iacto
924 3248 1066 3313 lundata
1079 3248 1169 3313 cedit
1180 3247 1326 3312 veritati.
1339 3247 1542 3323 Petraeum

367 3373 548 3420 versemur
562 3355 598 3418 in
610 3355 754 3421 matoria
767 3355 978 3438 obligatoria,
994 3356 1202 3440 probabilius
1220 3355 1438 3440 septennium
1450 3369 1540 3420 eom-

367 3462 559 3547 putandum
579 3469 632 3528 est
646 3463 884 3529 mathematice
899 3464 941 3529 de
954 3470 1131 3529 momento
1149 3465 1192 3530 ad
1207 3468 1421 3530 momentum
1439 3483 1446 3526 ε
1466 3479 1538 3541 arg.

368 3570 390 3634 l.
401 3570 481 3650 illa
498 3572 517 3634 3
531 3571 567 3635 ll.
580 3571 622 3635 de
635 3571 771 3649 Minor„
788 3576 906 3636 utnon
921 3573 964 3636 sit
977 3571 1104 3655 paritas
1118 3590 1162 3636 ex
1174 3571 1196 3634 l.
1210 3570 1281 3637 vll.
1295 3569 1444 3651 Quilest.
1456 3571 1538 3652 foc..

368 3695 449 3743 narn
476 3680 521 3742 ibi
550 3678 670 3745 ultima
700 3681 771 3744 dies
798 3682 879 3744 anni
905 3681 945 3744 ll
978 3681 1124 3745 habetur
1153 3698 1215 3764 pro
1243 3680 1429 3763 completa,
1463 3678 1540 3764 quia

369 3785 518 3852 conditio
527 3789 722 3853 testamenti
732 3789 1029 3853 merumfavorem
1041 3788 1541 3870 testatorisoontioetteoontra

369 3895 541 3978 sponsalia
555 3895 652 3978 plura
667 3897 996 3977 seeumgravamiua
1010 3897 1158 3962 trahunt.

409 4003 507 4086 llesp.
534 4004 563 4066 t.
589 4003 707 4068 Volent
725 4004 896 4087 sponsalia
911 4023 931 4070 a
948 4006 1081 4070 minore
1097 4008 1274 4089 septennio
1288 4007 1382 4083 inita,
1400 4008 1428 4072 si
1448 4006 1541 4072 mali-

370 4112 427 4191 tia,
451 4129 511 4176 seu
536 4112 649 4194 potius
671 4112 851 4194 prudentia
874 4113 1030 4196 suppleat
1053 4119 1199 4190 atatem,
1226 4115 1291 4180 hoo
1315 4120 1377 4192 est,
1406 4117 1433 4179 si
1459 4133 1540 4180 usus

370 4221 510 4285 rationis
534 4219 741 4285 acceleretur
760 4226 838 4288 ante
861 4223 1079 4307 septennium
1098 4223 1142 4306 (S.
1169 4224 1219 4300 D.,
1237 4225 1271 4287 in
1290 4224 1311 4287 l
1332 4223 1363 4288 (1.
1382 4225 1432 4301 al,
1451 4243 1482 4307 q.
1507 4226 1538 4300 9,

370 4347 400 4392 a.
411 4329 445 4403 9:
460 4329 638 4405 S.Anton.,
650 4328 924 4410 Covar.‚Sanoh.,
934 4351 1013 4416 oum
1023 4331 1537 4413 oit.,oontrabbb.,Ros.,Engl.,

370 4435 531 4512 Sohmier,
544 4435 620 4514 etoL,
633 4455 713 4501 uam
722 4437 801 4502 tolia
811 4439 982 4522 sponsalia
991 4443 1068 4523 jure
1076 4439 1222 4504 naturali
1230 4439 1355 4518 valent,
1365 4455 1443 4506 oum
1453 4441 1541 4504 adsit

370 4561 557 4609 consensus
574 4547 672 4628 :Jure
694 4551 810 4610 autern
831 4549 977 4630 positivo
997 4547 1116 4612 nullibi
1138 4547 1322 4624 irritantur,
1345 4549 1406 4613 sed
1426 4550 1539 4631 potius

370 4657 609 4735 supponuntur
621 4652 732 4718 valida
754 4655 836 4736 (oap.
854 4656 883 4730 3,
902 4655 943 4717 de
962 4653 1143 4738 sponsal),
1166 4657 1221 4720 ubi
1239 4657 1377 4738 juvenis
1390 4657 1539 4741 puellam
