3482 5560
819 607 870 653 tus
890 606 1070 654 canonicari.

797 979 991 1056 SECTIO
1032 981 1096 1055 lv.

423 1164 658 1214 clncubsranrla
681 1167 821 1216 lllclesrus
842 1167 1037 1214 declinarint
1059 1170 1089 1213 lll
1110 1169 1268 1216 ΡΕΤΙΤΙΟΝΕ
1290 1171 1476 1225 ouaaunbtut

815 1257 1082 1306 DISPENSATIONUE.

363 1556 461 1612 218.
478 1557 597 1624 (166666.
614 1559 647 1612 S.
664 1559 703 1612 a.
720 1559 759 1611 U.
777 1559 932 1625 inquisit.
950 1559 1123 1613 decretum
1139 1560 1249 1625 quood
1265 1559 1535 1624 dispensationes

557 1640 821 1694 matrimoniales
833 1641 918 1694 ieris
934 1641 983 1693 Π
999 1640 1053 1692 die
1067 1641 1231 1694 tebruaril
1248 1639 1343 1694 1882.

397 1791 430 1846 lu
447 1789 680 1862 congregatione
697 1789 828 1862 generali
850 1792 879 1848 S.
902 1793 935 1848 li.
952 1795 981 1848 61
1003 1789 1185 1849 universalis
1207 1789 1415 1864 inquisitionis
1437 1787 1538 1848 babitu

361 1891 462 1936 eoram
476 1878 558 1936 Emis
572 1893 607 1936 66
621 1879 704 1936 limis
719 1881 778 1938 llll.
799 1881 827 1938 S.
843 1883 923 1938 1111.
948 1879 1150 1940 cardinalibus
1169 1879 1200 1936 in
1217 1878 1307 1938 rebus
1322 1878 1390 1936 166161
1406 1879 1536 1952 1666161-

361 1966 479 2026 toribus
498 1967 690 2042 generalibus
704 1970 856 2042 proposito
874 1968 991 2028 dubio:
1013 1971 1117 2028 Utrum
1131 1967 1168 2026 ad
1184 1968 1314 2029 valorem
1334 1968 1537 2040 dispensatio-

362 2069 435 2114 num
450 2071 517 2130 quae
538 2057 602 2116 6166
625 2057 736 2116 directo
763 2057 800 2116 ab
814 2057 984 2132 6666161166
999 2057 1083 2128 Sede,
1107 2057 1171 2116 6166
1186 2073 1222 2116 ex
1242 2057 1395 2130 pontificia
1417 2055 1537 2131 delega-

362 2145 444 2204 tione
464 2147 670 2206 conceduutur
688 2162 780 2221 super
802 2146 1044 2221 quibuscumque
1068 2144 1213 2220 gradibus
1234 2145 1393 2219 prohibitis
1412 2159 1540 2204 consan-

363 2235 529 2308 guinitatis,
542 2235 708 2306 ambiatis,
723 2237 914 2312 cognationis
927 2235 1093 2310 spiritualis
1102 2241 1132 2295 et
1146 2235 1262 2313 legalis,
1278 2250 1395 2294 necnon
1410 2235 1538 2308 publica

361 2323 541 2396 honestatis,
556 2327 758 2386 necessarium
770 2327 810 2386 sit
823 2327 987 2399 exprimere
1002 2325 1141 2399 copulam
1155 2326 1360 2384 incestuosam
1375 2339 1393 2383 a
1413 2325 1537 2398 sponsis

361 2412 493 2472 habitam
505 2420 574 2474 autc
584 2415 821 2490 impetrationem
831 2417 877 2476 661
887 2417 1110 2476 exsecutionem
1121 2415 1330 2488 predictarum
1341 2415 1540 2490 dispensatio

362 2516 447 2574 num,
463 2519 579 2564 necnon
601 2507 766 2579 exprimere
788 2507 992 2566 consiliumet
1009 2507 1205 2565 intentionem
1228 2519 1297 2564 cum
1318 2520 1378 2579 qua
1398 2507 1537 2580 copulam

362 2590 496 2650 inierunt
509 2592 678 2652 obtinenda
694 2594 812 2654 facilius
827 2594 1069 2667 dispensationis.

393 2680 490 2740 lidom
503 2683 566 2741 Emi
580 2697 615 2742 66
626 2685 691 2742 limi
707 2687 778 2752 bl),
794 2684 957 2757 praehabito
978 2691 1046 2744 6616
1069 2684 1098 2743 d.
1114 2685 1334 2755 consultorum,
1355 2685 1539 2756 respondeu-

363 2773 436 2832 dum
451 2772 660 2832 decreverunt:
677 2774 820 2833 siendum
835 2774 962 2834 decretis
976 2777 1005 2834 S.
1024 2774 1184 2852 0111611166.
1200 2777 1237 2834 lv
1258 2779 1274 2834 8
1289 2775 1412 2848 augusti
1428 2777 1496 2834 1866
1508 2781 1539 2836 61

364 2867 394 2924 S.
408 2865 638 2924 Poeuitentiariae
650 2869 685 2924 no
697 2866 765 2939 julii
783 2869 861 2938 1869,
875 2883 999 2941 nempe:

401 2963 426 3014 l.
443 2957 525 3016 Faria
539 2960 575 3016 lV
590 2961 606 3016 8
621 2957 743 3030 augusti
762 2959 846 3016 18666

400 3069 415 3098 «
434 3047 498 3104 llmi
514 3049 614 3104 Patres
634 3044 830 3104 decreverunt
843 3047 1036 3120 subreptitias
1051 3063 1120 3106 6666
1134 3053 1163 3106 61
1178 3047 1284 3106 nullibi
1299 3063 1333 3107 66
1348 3048 1432 3107 nullo
1448 3048 1537 3106 modo

363 3139 461 3198 661666
475 3137 716 3211 dispensationes
732 3151 798 3210 quae
810 3137 874 3195 6166
885 3137 996 3196 6166616
1010 3137 1047 3196 ab
1058 3138 1231 3210 apostoliea
1241 3138 1326 3208 Sede,
1340 3139 1404 3198 6166
1417 3155 1451 3198 66
1464 3156 1539 3214 666-

364 3229 455 3288 titicia
464 3228 650 3300 delegatione
665 3242 758 3299 super
772 3227 1015 3301 quibuscumque
1027 3227 1171 3301 gradibus
1182 3227 1340 3300 prohibitis
1354 3231 1539 3304 consangui-

364 3319 477 3390 nitatis,
500 3317 663 3386 6116116116,
687 3317 878 3392 cognationis
899 3316 1065 3390 spiritualis
1079 3321 1108 3374 et
1127 3315 1245 3391 legalis,
1270 3332 1386 3376 necnon
1412 3319 1541 3392 publicae

364 3409 542 3478 honestatis,
556 3408 773 3477 conceduntur,
790 3407 817 3466 si
828 3408 933 3480 666661
946 3411 1013 3466 6616
1029 3406 1202 3466 earumdem
1215 3407 1476 3480 dispensationum
1490 3425 1541 3467 ex-

364 3498 560 3567 secutionem,
576 3495 721 3556 61666616
737 3495 801 3554 6166
816 3502 884 3567 6661
894 3510 996 3554 aarum
1011 3495 1258 3568 impetrationem.
1274 3496 1410 3554 incestus
1426 3503 1540 3556 reatum

364 3587 555 3660 patraverint,
569 3592 598 3645 et
612 3586 658 3644 vel
673 3585 860 3660 interrogati,
875 3585 921 3646 661
936 3585 1024 3644 etiam
1040 3600 1099 3643 666
1114 3585 1300 3658 interrogati,
1317 3585 1477 3656 malitiose,
1494 3587 1541 3644 661

364 3678 454 3736 etiam
474 3677 657 3751 ignoranter,
679 3676 853 3735 reticuerint
873 3677 1010 3748 copulam
1034 3676 1237 3735 incestuosam
1258 3677 1336 3734 iuter
1352 3692 1405 3736 eos
1422 3677 1541 3746 initam,

365 3767 429 3826 6166
442 3768 561 3841 publice
576 3772 646 3825 6616
660 3782 695 3826 66
709 3768 760 3836 611,
776 3767 840 3825 6166
854 3765 980 3836 6666116,
996 3772 1024 3824 61
1038 3765 1211 3824 reticuerint
1222 3767 1383 3825 consilium
1398 3771 1428 3824 61
1441 3767 1541 3824 intan-

365 3859 477 3917 tiouem
492 3873 552 3930 qua
569 3871 633 3916 eam
655 3857 793 3930 copulam
808 3857 941 3915 inierunt
960 3862 993 3915 ut
1016 3857 1272 3929 dispensationem
1297 3857 1417 3916 16611166
1438 3871 1544 3915 conse·

366 3953 539 4022 querantur.
553 3945 694 4005 Sulilcerc
706 3953 805 4005 autem
822 3951 854 4005 ut
864 3961 946 4005 unus
961 3961 998 4004 ex
1013 3945 1135 4018 sponsis
1150 3944 1291 4004 delictum
1308 3945 1363 4004 boc
1379 3937 1480 4018 suum,
1494 3947 1541 4004 661

367 4036 509 4094 nefariam
524 4035 721 4093 intentionem
736 4034 825 4094 modo
839 4034 948 4094 dictam
962 4034 1161 4107 explicaverit.
1181 4034 1265 4104 Quod
1283 4035 1415 4108 66616616
1431 4035 1543 4093 nedum

366 4125 931 4200 66661661166661661666666616661166
952 4125 1087 4194 traditur,
1106 4125 1157 4182 sed
1176 4125 1266 4183 etiam
1285 4139 1303 4183 a
1323 4128 1445 4183 Summo
1465 4129 1543 4183 Pon-

368 4218 445 4276 111666
460 4217 618 4276 Benedicto
639 4219 699 4275 lllv
723 4215 916 4276 confirmatur
937 4216 968 4274 in
989 4216 1289 4288 constitutioneque
1309 4217 1414 4290 incipit
1436 4217 1546 4276 Pastor

368 4307 471 4367 11011116.
489 4331 504 4359 n

401 4403 427 4456 2.
452 4399 541 4457 Sacra
555 4399 778 4457 Poenitentiaria
793 4398 850 4458 sub
865 4399 961 4456 111616
972 4397 1041 4471 iulii
1058 4400 1125 4455 1868
1142 4397 1312 4469 respondit:

404 4491 506 4546 «Post
520 4485 763 4547 constitutionem
784 4487 935 4546 Benedicti
959 4490 1019 4546 le
1039 4489 1145 4546 Pastor
1160 4485 1264 4556 bonus,
1291 4501 1349 4544 non
1365 4501 1456 4558 posse
1478 4501 1543 4544 am-

367 4579 447 4652 plius
462 4577 591 4636 dubitari
606 4578 642 4635 de
658 4577 792 4636 nullitate
807 4577 1043 4648 dispensationis
1065 4577 1204 4646 obtentae,
1230 4577 1347 4635 reticita
1371 4577 1478 4650 copula
1494 4578 1542 4634 iu-

367 4675 521 4737 ccstuosa,
555 4667 602 4725 661
637 4682 727 4740 66666
753 4666 918 4724 1616611666
957 4667 1075 4725 16611166
1098 4667 1252 4725 obtinendi
1286 4667 1543 4741 dispensationem

367 4757 469 4816 babitu
481 4757 512 4814 in
525 4771 561 4816 66
576 4757 728 4830 patranda.
746 4779 761 4808 u
