3388 5582
369 545 429 610 tat
828 559 881 606 tus
901 558 1084 604 cauourcurr.

404 689 556 755 lntegrurn
571 679 678 739 delude
690 683 790 737 actum
803 677 914 736 directe
928 678 965 736 ad
981 677 1136 750 proprium
1151 675 1335 734 ordinarium
1353 674 1543 752 delegantem

367 771 550 832 transmittet
561 783 623 828 una
636 783 705 828 cum
720 767 954 826 instructionaet
968 767 1075 826 litteris
1086 764 1227 840 acceptis,
1242 763 1455 824 nihilomnino
1467 766 1545 838 apud

370 861 583 924 mmmm

808 1221 1010 1297 sEctlo
1051 1222 1104 1294 ΙΙ.

623 1349 864 1434 nacaaaarrouas
884 1383 970 1430 cruca
992 1382 1121 1429 scaoaas
1141 1379 1286 1426 usdraus.

369 1655 387 1706 l.
412 1683 441 1694 -
463 1655 495 1706 S.
522 1654 554 1705 S.
580 1653 714 1705 Domlnl
742 1650 851 1704 nostrl
879 1651 932 1702 Pll
961 1649 1050 1702 Noni
1073 1647 1214 1715 epistola
1236 1645 1424 1700 venorabili
1452 1644 1553 1697 marl

482 1735 684 1796 Hermanno,
698 1732 946 1800 archiepiscopo
963 1729 1182 1797 friburgensi
1193 1729 1230 1782 ln
1240 1727 1427 1795 amoves.

799 1889 876 1946 PlUS
891 1891 981 1945 ΡΑΡΑ
995 1887 1121 1944 NONUS.

462 2007 647 2068 Venerabilis
660 2011 769 2076 Frater,
784 2007 911 2066 salutern
927 2011 956 2064 et
970 2005 1164 2078 apostolicam
1180 2003 1433 2084 benedictionem.

407 2120 504 2186 Quum
520 2131 581 2174 non
596 2117 662 2176 sine
677 2116 806 2174 maxima
820 2115 912 2174 animi
929 2113 1026 2172 nostri
1034 2112 1211 2188 aegritudine
1227 2127 1263 2170 ex
1278 2111 1417 2184 pluribus
1431 2112 1553 2170 nuntiis

372 2207 554 2280 accepimus,
571 2205 601 2262 in
617 2221 728 2280 magno
740 2206 800 2264 isto
816 2204 941 2263 Badensi
958 2203 1069 2262 ducatu
1081 2203 1118 2260 de
1134 2217 1213 2260 novo
1227 2201 1418 2276 popularium
1436 2203 1554 2262 schola·

372 2311 440 2355 rum
456 2295 601 2370 regimine
613 2296 707 2367 parari
719 2295 935 2364 ordinationes,
951 2309 1018 2366 quae
1029 2293 1120 2350 variis
1132 2293 1229 2352 modis
1242 2291 1437 2351 christianam
1446 2293 1554 2366 juren-

376 2386 447 2444 tutis
469 2384 688 2444 institutionem
710 2389 739 2440 et
753 2383 961 2441 educationem
982 2382 1012 2440 tn
1033 2397 1177 2456 magnum
1196 2381 1352 2440 adducunt
1375 2381 1552 2449 discrimen,

375 2479 530 2548 propterea
543 2472 625 2546 quod
639 2472 707 2530 illas
728 2487 744 2530 a
763 2472 888 2530 salutari
907 2471 1061 2530 catholice
1079 2471 1219 2528 Ecclesia
1239 2471 1413 2545 magisterio
1428 2487 1465 2530 ac
1478 2470 1554 2545 vigi-

375 2564 467 2621 lantia
481 2562 614 2635 quotidie
630 2561 727 2637 magis
742 2567 891 2630 amovent,
908 2561 982 2618 nihil
996 2560 1211 2629 dubitavimus
1226 2559 1300 2632 quin
1315 2565 1359 2631 tu,
1372 2559 1554 2620 venerabilis

375 2653 475 2720 irater,
498 2667 551 2724 pro
575 2651 684 2710 eximio
706 2657 759 2710 tuo
781 2652 812 2708 ln
834 2651 1004 2710 animarum
1030 2649 1125 2709 salute
1145 2650 1279 2708 curanda
1297 2650 1409 2719 studio,
1437 2666 1474 2710 ac
1502 2664 1553 2722 pro

375 2747 531 2816 perspecta
545 2747 597 2799 tua
611 2742 642 2799 in
659 2741 798 2800 Ecclesia
810 2739 957 2809 libertate,
973 2740 1100 2814 ejusque
1106 2741 1227 2814 juribus
1236 2741 1357 2800 tuendis
1372 2741 1553 2807 constantia,

377 2831 492 2890 torttter
516 2831 554 2889 ils
578 2831 721 2890 omnibus
742 2830 908 2889 obsisteres
932 2845 999 2902 quae
1019 2829 1065 2887 rel
1090 2830 1248 2889 minimum
1270 2830 1438 2888 animarum
1466 2828 1552 2889 saluti

375 2921 517 2978 damnum
538 2919 653 2988 aliene,
678 2920 723 2977 vel
747 2921 854 2993 quovis
877 2919 966 2977 modo
988 2919 1169 2991 episcopalis
1193 2918 1236 2977 tui
1253 2919 1412 2976 ministerii
1429 2919 1552 2977 liberam

376 3011 583 3071 auctoritatem
598 3017 749 3068 coarctare
765 3016 899 3082 possent.
916 3009 1000 3078 Quod
1015 3017 1114 3068 autem
1136 3023 1188 3081 pro
1204 3015 1284 3066 certo
1307 3008 1505 3076 habebamus,
1525 3004 1552 3063 id

375 3099 542 3159 luculenter
557 3099 773 3158 conllrmarunt
794 3105 854 3160 tuae
876 3101 980 3158 littera
1001 3115 1093 3172 super
1106 3099 1164 3158 hoc
1178 3101 1252 3158 tanti
1268 3100 1410 3157 momenti
1434 3097 1553 3174 negotio

375 3191 411 3248 ad
428 3205 484 3248 nos
497 3190 572 3248 data
587 3195 617 3248 el
630 3191 865 3249 commentarius
881 3189 995 3249 eisdem
1010 3190 1155 3264 adiectus.
1168 3193 1209 3248 Ac
1220 3191 1554 3249 uehementerlraternur

375 3292 443 3336 cum
459 3278 613 3337 rideamus
627 3285 666 3349 te,
689 3279 869 3338 venerahilis
889 3283 999 3348 Frater,
1015 3278 1085 3337 licat
1096 3283 1181 3338 etate
1201 3293 1333 3353 gravem,
1350 3293 1404 3352 pro
1424 3277 1554 3338 Ecclesia

375 3372 497 3426 strenue
511 3383 648 3442 pugnare
663 3369 765 3428 eadem
779 3369 830 3428 ille
844 3369 1019 3428 fortitudine
1034 3384 1095 3442 qua
1108 3369 1138 3426 in
1154 3369 1334 3442 episcopalis
1342 3369 1387 3427 tui
1395 3365 1552 3428 ministerii

374 3458 503 3516 decursu
520 3472 710 3532 summopere
724 3458 902 3531 prestitisti,
913 3473 947 3516 ac
960 3463 1118 3516 nostraset
1130 3456 1222 3530 hujus
1231 3461 1346 3516 Sanctae
1356 3459 1441 3516 Sedis
1451 3455 1553 3530 laudes

375 3547 480 3607 marito
495 3548 668 3620 optimoque
681 3549 749 3622 jure
762 3548 815 3605 tibi
831 3549 1023 3622 comparasti.
1040 3548 1182 3620 Equidem
1201 3546 1552 3622 intermaximasquihus

376 3637 540 3711 affligimur
567 3637 755 3702 acerbitates,
779 3651 899 3696 summa
919 3639 1033 3696 utimur
1053 3639 1273 3709 consolatione,
1297 3644 1459 3698 noscentes
1483 3649 1553 3710 quo-

376 3727 465 3784 modo
481 3727 563 3785 dives
578 3727 610 3784 iu
626 3725 829 3784 misericordia
841 3729 920 3784 Deus
935 3739 1090 3785 sacrorum
1104 3726 1254 3785 antistites
1273 3742 1308 3784 eo
1320 3727 1433 3801 majore
1446 3725 1553 3788 diuina

377 3830 440 3872 suae
457 3817 560 3890 gratiae
575 3816 688 3874 auxillo
708 3816 827 3874 roboret
840 3815 877 3874 ad
893 3815 1001 3874 Christi
1014 3817 1087 3873 lesu
1110 3829 1233 3888 gregem
1248 3816 1405 3884 tuendum,
1420 3830 1481 3887 quo
1494 3825 1554 3887 gro·

376 3907 459 3962 viora
472 3903 582 3963 damna
596 3904 626 3962 in
646 3905 749 3978 ipsum
762 3919 884 3979 gregem
900 3905 1141 3964 luctuosissimis
1154 3905 1239 3962 hisce
1255 3903 1442 3978 temporibus
1457 3901 1554 3962 inimi-

375 4009 480 4052 corum
492 3995 650 4054 homiuum
665 4010 756 4068 opera
770 3996 890 4054 irruunt
905 4001 934 4054 et
949 3995 1107 4054 invadunt.

411 4088 502 4142 Nemo
517 4091 596 4142 certe
608 4085 748 4160 ignorare
758 4089 855 4157 potest
864 4084 1074 4144 tristissimam
1087 4099 1121 4142 ac
1129 4083 1343 4157 deplorandam
1354 4083 1552 4164 conditionem

377 4174 407 4231 iu
424 4189 514 4248 quam
540 4173 685 4232 hodierna
699 4174 829 4232 societas
854 4175 952 4248 magis
976 4174 1007 4231 in
1027 4174 1093 4232 dies
1112 4173 1289 4246 prolabitur,
1310 4173 1446 4244 derivare
1465 4169 1553 4230 extol

379 4261 599 4322 funestissimis
619 4263 893 4322 machinationibus
911 4278 978 4336 qtrae
995 4263 1176 4321 adhibentur
1197 4269 1230 4320 ut
1247 4279 1265 4322 a
1283 4262 1414 4336 puhlicis
1438 4261 1552 4319 institu-

376 4353 510 4412 tionibus
521 4369 555 4411 ao
570 4353 744 4412 domesticis
761 4353 884 4411 familiis
895 4353 1029 4424 quotidie
1039 4353 1139 4428 magis
1151 4352 1344 4412 sanctissima
1354 4352 1461 4410 Christi
1472 4349 1550 4411 ides,

378 4441 494 4516 religio,
511 4445 638 4516 ejusque
653 4444 794 4502 salutaris
808 4443 944 4502 doctrina
964 4449 1147 4514 amoveatur,
1162 4449 1192 4502 et
1206 4442 1405 4502 saluberrima
1426 4442 1492 4513 eius
1511 4435 1553 4498 ris

379 4539 594 4606 coangustetur
614 4548 648 4591 ac
662 4535 871 4606 praepedlatur.
891 4535 963 4602 Qum
983 4533 1252 4604 perniciosissime
1272 4532 1509 4592 machinationes
1520 4539 1551 4582 rr

381 4625 423 4676 tot
443 4622 543 4692 pruris
562 4622 708 4682 doctrinis
729 4623 900 4681 necessario
914 4622 1063 4695 originem
1081 4621 1203 4694 habent,
1222 4637 1299 4696 ques
1321 4623 1376 4680 hac
1391 4618 1551 4680 miserrima

379 4717 482 4770 nostra
508 4717 602 4782 aetate,
628 4728 695 4770 cum
720 4713 851 4774 maximo
877 4712 1048 4772 christianae
1067 4713 1225 4788 civilisque
1244 4712 1418 4790 reipublice
1437 4711 1549 4772 damno,
