3482 5560
362 567 422 634 tiu
822 584 875 632 eus
896 583 1076 634 csuoucuu.

360 701 493 785 justitia
507 707 645 768 tenetur
657 701 777 767 diebus
792 698 971 768 dominicis
988 709 1023 768 et
1035 699 1166 768 festivis
1180 699 1304 767 offerre
1318 699 1460 765 missam
1473 716 1534 783 pro

363 809 435 875 suis
461 811 592 887 cubus,
622 827 692 874 non
714 815 829 894 potest
853 809 945 875 aliud
970 808 1178 894 stipendium
1198 825 1260 891 pro
1288 807 1409 874 cadem
1431 807 1536 872 missa

363 919 527 1004 accipere,
542 919 626 985 citra
640 920 841 1003 injustitiam
856 925 891 986 ct
904 918 1095 986 simoniam.

402 1030 435 1094 Ψ
455 1029 488 1094 Si
503 1029 634 1094 exactio
650 1035 742 1096 esset
754 1029 915 1109 violente,
936 1027 1164 1095 immoderata
1186 1047 1246 1094 seu
1262 1028 1431 1094 excedens
1446 1045 1536 1092 sum-

362 1155 455 1202 mam
467 1135 543 1219 lege
554 1142 614 1202 sut
624 1137 870 1203 consuetudins
884 1140 1045 1215 taxatam,
1056 1155 1126 1203 nou
1136 1141 1267 1203 careret
1278 1137 1353 1202 tabe
1365 1135 1534 1212 simoniae3

363 1245 442 1328 quia
454 1261 574 1328 reapse
592 1243 718 1328 aliqmd
737 1245 932 1327 exigeretur
950 1262 1012 1328 pro
1027 1263 1065 1309 re
1086 1243 1263 1328 spirituali,
1280 1262 1351 1309 nou
1370 1248 1486 1308 autem
1501 1243 1535 1306 vi

361 1353 447 1435 legis
463 1359 523 1418 aul
535 1353 803 1420 consuetudinis.
894 1385 897 1392 ·

401 1463 435 1526 3ο
448 1461 534 1526 ltem
552 1463 578 1526 si
595 1464 727 1528 exactio
751 1464 850 1528 lieret
863 1481 942 1528 cum
958 1463 1203 1548 protestatione
1225 1481 1295 1527 non
1308 1460 1455 1527 faciendi
1471 1461 1537 1544 spi-

363 1567 496 1646 rituale,
511 1569 577 1634 nisi
592 1576 795 1636 numeretur
818 1571 978 1655 pecunie;
1003 1588 1071 1654 quo
1091 1587 1172 1635 casu
1194 1569 1424 1635 ministerium
1443 1569 1536 1652 spiri-

363 1677 454 1742 tuale
473 1677 656 1744 manifesto
675 1683 894 1762 prestaretur
910 1684 1048 1762 propter
1067 1678 1258 1762 pecuniam,
1280 1683 1319 1742 ut
1330 1679 1435 1742 linem
1448 1677 1531 1760 prin·

362 1785 516 1870 cipalem.

403 1895 437 1978 d)
458 1895 645 1961 conventio
660 1895 909 1972 conditionalis,
926 1913 993 1978 qua
1007 1894 1134 1980 aliquid
1148 1896 1249 1960 datur
1262 1895 1319 1961 vel
1332 1895 1466 1977 legatur
1474 1895 1536 1958 suh

363 2002 557 2068 conditione
578 2008 638 2068 aut
657 2003 760 2069 modo
776 2003 908 2087 utquid
923 2008 1070 2086 ponatur
1084 2003 1268 2088 spirituale,
1284 2021 1354 2069 non
1370 2009 1422 2068 est
1437 2004 1536 2068 simo·

364 2109 1533 2197 niaca:constatexc.fln.,dcTestem,etc.12,dellestit.“spol.,etc.

364 2215 460 2284 Ratio
479 2224 542 2295 est,
561 2220 640 2304 quia
656 2219 690 2284 id
716 2219 806 2305 quod
826 2219 926 2286 datur
944 2221 1000 2286 uel
1017 2220 1229 2304 promittitur
1247 2221 1310 2285 suh
1328 2219 1534 2295 conditione,

363 2343 433 2392 non
448 2332 501 2392 est
514 2327 669 2394 absolute
684 2329 936 2411 obligatorium,
949 2328 1150 2395 sedtautum
1159 2328 1282 2394 invitat
1290 2327 1332 2394 ad
1343 2327 1537 2394 taciendam

363 2434 555 2517 spirituale;
571 2454 639 2520 quc
653 2437 775 2520 posito,
794 2435 980 2519 temporale
992 2436 1093 2503 datur
1102 2455 1145 2502 ex
1157 2454 1253 2502 mera
1264 2436 1464 2502 liberalitate
1479 2440 1539 2500 aut

363 2543 588 2623 gratitudine:
604 2565 637 2610 v.
649 2564 683 2627 g.
700 2543 823 2627 aliquis
839 2549 953 2628 potest
969 2545 1168 2628 promittere
1183 2544 1333 2609 clflcium
1350 2542 1489 2622 infideli,
1509 2544 1536 2607 si

363 2650 406 2715 ad
416 2651 519 2717 fldem
529 2669 716 2718 conversus
730 2653 849 2729 luerit;
865 2653 1062 2719 benefactor
1073 2657 1188 2737 potest
1197 2652 1320 2717 offerre
1330 2651 1537 2736 pauperibus

363 2761 553 2840 pecuniam,
571 2761 598 2824 si
617 2759 782 2845 quasdem
801 2778 918 2844 preces
935 2761 1088 2836 recitent,
1108 2766 1192 2827 ete:
1212 2777 1282 2827 nou
1296 2761 1336 2824 flt
1344 2763 1537 2826 contractus

364 2883 530 2933 onerosus
544 2887 583 2934 ac
597 2869 792 2937 bilateralis.

403 2973 552 3041 landem
578 2977 784 3044 considerari
807 2984 921 3064 potest
940 2978 1077 3045 donatio
1101 2978 1260 3060 gratuita,
1283 2983 1353 3043 tam
1375 2993 1418 3042 ex
1441 2980 1537 3060 parte

365 3081 477 3148 daulis
491 3086 689 3170 temporale,
705 3105 808 3172 quarn
829 3105 872 3151 ex
892 3091 988 3170 parte
1005 3085 1163 3152 donantis
1177 3084 1371 3168 spirituale:
1387 3086 1419 3148 l⁰
1433 3084 1539 3149 doua-

365 3193 412 3257 tio
430 3193 579 3275 gratuita
596 3194 724 3279 absque
739 3193 916 3260 voluntate
931 3194 1071 3260 alterius
1092 3193 1265 3275 obligandi
1285 3191 1473 3276 exjustitia
1494 3191 1536 3256 ad

365 3298 514 3365 dandum
529 3301 714 3384 spirituale,
728 3320 790 3386 per
803 3320 840 3367 se
855 3319 925 3368 non
941 3307 993 3367 est
1008 3301 1203 3379 simoniaca,
1219 3300 1300 3366 licet
1314 3301 1375 3366 flat
1389 3300 1452 3363 sub
1477 3317 1536 3382 spe

364 3412 400 3470 et
418 3407 607 3474 intentione
626 3407 827 3475 conciliandi
842 3411 1007 3487 animum,
1031 3427 1063 3474 v.
1079 3428 1112 3491 g.
1127 3407 1308 3486 collatoris,
1326 3407 1369 3473 ad
1387 3407 1538 3473 dandum

363 3513 586 3580 beneficium:
604 3516 776 3600 colligitur
792 3537 835 3583 ex
849 3535 920 3602 cap.
942 3518 981 3582 30
995 3517 1069 3599 huj.
1087 3517 1138 3580 tit.
1155 3516 1282 3582 Tamen
1297 3516 1333 3579 iu
1348 3514 1444 3599 praxi
1465 3514 1539 3578 haeo

364 3619 527 3700 doctrina,
541 3622 620 3688 licet
634 3625 841 3708 speculative
857 3643 950 3700 vere,
968 3629 1021 3689 est
1035 3622 1135 3689 valde
1153 3623 1352 3707 periculosa,
1372 3623 1453 3707 quia
1465 3622 1538 3686 haec

364 3745 509 3796 munera
530 3737 609 3798 ente
633 3732 849 3799 collationem
871 3733 1026 3798 beneficii
1049 3733 1148 3806 lacta,
1165 3733 1224 3796 vix
1245 3747 1398 3815 unquam
1415 3730 1541 3795 dantur

366 3839 439 3904 siue
455 3839 761 3919 simoniamentnli,
778 3847 813 3906 et
825 3842 861 3906 in
876 3843 950 3908 ioro
966 3845 1109 3906 externo
1124 3843 1379 3922 presumuntur
1393 3837 1540 3903 simonia

365 3963 409 4010 ex
421 3952 520 4030 pacto
536 3967 543 4024 ;
562 3947 684 4015 deinde
699 3949 779 4016 talia
792 3968 937 4026 munera
958 3952 1118 4033 potenter
1140 3946 1304 4012 inclinant
1316 3953 1351 4012 ct
1365 3949 1540 4012 excecant

365 4055 508 4121 animos.
525 4055 693 4124 Hactenus
709 4056 798 4123 dicta
807 4057 1039 4142 praeecindunt
1051 4056 1093 4120 ab
1109 4057 1204 4120 omni
1218 4055 1417 4130 intentione,
1436 4055 1539 4119 etiam

364 4162 555 4229 virtualiter
574 4164 770 4242 simoniaca,
793 4165 1028 4232 commutandi
1050 4162 1222 4248 spirituale
1245 4180 1325 4227 cum
1340 4160 1537 4246 temporali:

366 4271 423 4349 sic,
436 4278 583 4357 utsupra
592 4272 791 4352 dictumest,
804 4275 860 4358 qui
872 4273 1031 4357 episcopo
1047 4271 1228 4336 inserviret
1236 4289 1315 4336 cum
1329 4271 1444 4336 animo
1457 4267 1539 4335 obli-

364 4380 466 4463 gandi
475 4381 518 4446 ad
530 4381 788 4447 retribuendum
802 4382 1006 4448 heneficium
1022 4398 1065 4444 ex
1080 4379 1299 4462 gratitudine,
1313 4397 1383 4446 uon
1399 4395 1540 4444 excusa-

364 4493 459 4553 retur
472 4507 493 4553 a
505 4489 651 4556 simonia
659 4489 800 4555 mentali
813 4489 858 4573 (S.
874 4490 957 4571 Lig.,
975 4508 1008 4553 n.
1023 4489 1085 4572 dlii

405 4600 444 4663 llt
457 4601 799 4667 animadvertendum
814 4607 867 4666 est
880 4598 972 4684 quod
985 4604 1067 4664 sunt
1081 4599 1239 4684 quaedam
1253 4599 1404 4664 materies
1419 4599 1455 4662 iu
1467 4596 1539 4682 qui·

364 4709 428 4776 hus
440 4713 498 4793 jus
507 4709 664 4794 prohibet
674 4710 747 4775 haec
761 4709 860 4785 dona,
873 4706 1064 4792 acprciude
1075 4707 1213 4773 donatio
1224 4711 1318 4772 esset
1333 4705 1537 4771 simoniace:
