3418 5566
506 507 593 552 crana
614 507 741 561 coluros
762 505 982 554 uscanrsmun.
1276 485 1336 550 385

166 619 248 686 bum
263 637 404 686 sensum
419 618 542 704 repleri
556 620 650 685 omni
664 619 851 704 iniquitate,
864 618 1002 694 malitia,
1019 617 1253 694 fornicatione,
1270 621 1334 683 etc.
1362 642 1365 653 ·

166 729 267 814 Atqui
280 729 317 794 in
332 730 485 797 doctrina
496 729 652 814 opposita
666 728 838 795 communi
855 733 889 794 et
899 733 1000 793 certa
1015 725 1087 804 Tr,
1103 725 1260 810 gentiles,
1280 727 1337 810 qui

166 856 236 902 nou
251 837 476 922 subjiciuntur
487 837 555 919 legi
570 837 734 921 positivae,
747 855 817 903 non
826 841 1025 920 peccassent
1038 835 1247 902 fornicando.
1269 834 1335 900 Sed

166 935 301 1028 probari
314 949 427 1029 potest
440 945 582 1010 ratione.
599 944 701 1009 Actus
717 945 774 1010 ille
790 949 842 1010 661
855 944 1037 1009 intrinsece
1052 943 1162 1009 malus
1178 943 1236 1028 qui
1254 960 1340 1025 prae-

165 1050 282 1135 cipuas
295 1052 443 1122 bominis
455 1055 636 1136 potentias,
652 1051 862 1118 intellectum
874 1056 909 1117 et
921 1049 1145 1127 voluntatem,
1158 1068 1219 1134 per
1233 1069 1270 1114 ss
1281 1049 1339 1114 he·

165 1160 268 1236 beist,
285 1159 426 1244 impedit
440 1166 475 1225 et
487 1159 696 1226 inordinatas
709 1160 820 1225 reddit
833 1159 869 1224 in
892 1159 1022 1225 actibus
1047 1159 1118 1222 suis
1133 1177 1141 1234 ;
1158 1157 1252 1241 atqui
1270 1158 1336 1251 boc

166 1267 245 1332 lacit
256 1267 445 1346 fornicatio,
463 1272 501 1331 ut
514 1267 701 1333 ostendunt
722 1267 770 1331 illi
784 1267 951 1343 doctores,
977 1265 1035 1351 qui
1054 1265 1096 1330 de
1111 1269 1187 1331 octo
1204 1264 1338 1330 filiabus
1427 1325 1430 1331 .

165 1373 308 1439 luxuria
324 1375 508 1458 disputant,
525 1376 615 1439 inter
631 1393 714 1459 quas
729 1379 974 1441 enumerantur
985 1374 1117 1439 caecitas
1137 1373 1273 1448 mentis,
1290 1373 1341 1438 in·

166 1482 402 1559 consideratio,
422 1483 654 1566 praecipitatio,
678 1487 742 1547 etc.
765 1482 799 1546 S.
821 1481 967 1547 Thomas
987 1481 1032 1564 (1·
1050 1481 1105 1557 2⁸,
1126 1485 1245 1564 quaest.
1266 1481 1336 1557 753,

166 1595 228 1655 art.
245 1591 275 1673 ὅ)
291 1587 430 1673 pulchre
450 1590 610 1667 ostendit,
627 1589 798 1674 quomodo
812 1591 886 1655 haeo
906 1588 1021 1656 omnia
1036 1588 1189 1654 oriantur
1203 1607 1246 1652 ex
1260 1589 1340 1654 acti-

166 1692 230 1756 bus
245 1691 437 1758 luxuriosis.
458 1693 587 1758 Deinde
608 1692 786 1759 fornicatio
805 1691 988 1777 opponitur
1010 1691 1070 1755 llui
1090 1691 1337 1776 generationis,

166 1801 257 1865 bono
271 1800 376 1884 prolis
386 1801 520 1866 etbono
531 1801 725 1878 communi;
740 1806 863 1866 natura
876 1800 968 1864 enim
983 1799 1117 1865 ordinat
1126 1800 1283 1882 copulam
1297 1799 1340 1864 ad

166 1909 433 1987 matrimonium,
452 1928 519 1996 quo
534 1928 604 1974 uon
615 1909 725 1976 solum
743 1908 856 1994 proles
870 1905 1036 1992 generari,
1055 1909 1233 1975 sedetiam
1252 1909 1341 1974 boue

167 2017 303 2083 educari
315 2019 423 2102 possit
437 2019 481 2100 (S.
496 2019 580 2101 big„
597 2017 699 2094 1116ο
712 2018 793 2102 432).

206 2126 238 2189 11
252 2125 301 2190 Ex
322 2127 429 2204 dictis,
452 2127 615 2212 quaeritur
642 2131 758 2192 utrum
785 2127 936 2210 permitti
961 2127 1095 2212 possint
1119 2126 1342 2193 meretrices?

166 2233 213 2301 lle
221 2235 284 2301 bac
292 2236 480 2320 quaestione
491 2237 567 2300 fuse
580 2235 754 2320 disputant
762 2235 1058 2310 Salmanticenses,
1067 2237 1124 2320 qui
1134 2235 1344 2321 respondent

167 2345 381 2422 affirmative,
398 2345 600 2429 quibusdam
613 2346 796 2430 praemissis
808 2347 1033 2412 cautionibus.
1043 2345 1154 2428 stig.
1165 2345 1199 2428 (l.
1216 2345 1340 2426 64341,

169 2451 336 2536 duplicem
346 2455 817 2531 commemoratsententiam,
826 2459 860 2520 61
867 2458 1157 2539 putatnegantem
1165 2472 1240 2518 esse
1249 2471 1343 2538 prae

171 2560 232 2625 tice
246 2561 519 2644 probabiliorem,
535 2563 613 2646 quia
628 2581 671 2628 ex
684 2559 821 2628 licentia
834 2563 1052 2628 meretricum
1071 2564 1204 2645 majora
1223 2579 1342 2626 exsur-

167 2675 254 2750 gunt
276 2669 377 2745 mala,
400 2687 506 2766 quum
526 2670 637 2752 magis
660 2671 862 2750 incendatur
881 2669 1056 2754 libido'(Cf.
1078 2669 1233 2754 superius
1254 2668 1343 2734 dicta

170 2781 193 2841 t.
210 2777 233 2854 l,
277 2780 379 2843 .l38.

206 2780 786 2974 3111766666661666666616666,
801 2908 871 2956 non
885 2892 988 2957 modo
1003 2890 1078 2973 lege
1103 2888 1339 2964 ecclesiastica,

168 2994 228 3060 sed
240 2994 318 3077 legs
340 2995 456 3062 divina
474 3001 509 3064 at
525 2998 682 3074 naturali,
704 2999 791 3063 sicut
809 2999 999 3076 fornicatio,
1024 3015 1102 3064 cum
1122 2998 1166 3062 sit
1184 2996 1345 3062 delictum

167 3101 271 3184 longe
293 3103 433 3184 gravius
453 3105 689 3182 iomicatione,
710 3106 877 3189 siquidem
894 3106 994 3171 durat
1006 3105 1153 3188 longiori
1176 3110 1341 3188 tempore.

293 3287 336 3339 111.
352 3288 444 3340 Poena
456 3286 617 3342 constituta
634 3289 734 3342 contra
747 3287 932 3342 fornicatores
946 3288 976 3342 61
989 3287 1217 3342 concubinarios.

211 3429 258 3496 De
269 3434 346 3516 jure
361 3432 461 3511 civili,
479 3429 572 3499 nulla
585 3453 687 3519 poena
700 3437 885 3501 constituta
900 3441 953 3501 est
967 3434 1182 3502 fornicationi
1200 3431 1345 3519 simplici

172 3542 207 3602 61
219 3539 469 3606 concubinatui.
485 3541 623 3619 Tamen,
640 3541 676 3608 iu
689 3541 843 3628 pluribus
861 3545 1069 3626 regionibus,
1093 3543 1128 3608 in
1146 3542 1345 3608 fornicarios

172 3665 274 3729 poeua
286 3649 462 3714 arbitraria
474 3648 745 3716 animadvertere
758 3651 987 3736 potestjudex
1002 3651 1183 3716 secularis.

213 3755 372 3838 oll’oenae
387 3754 463 3822 latae
479 3763 598 3824 contra
609 3759 752 3824 clericos.
764 3762 796 3824 l⁰
810 3760 890 3824 Jure
906 3761 1081 3837 canonico,
1095 3759 1345 3826 616616661οωί-

173 3865 294 3941 oarius,
310 3865 500 3949 praesertim
515 3867 543 3930 si
559 3865 595 3930 in
610 3867 714 3932 sacris
732 3868 907 3934 ordinibus
922 3869 1127 3934 constitutus
1142 3874 1176 3934 61
1197 3869 1347 3933 maxime

174 3972 935 4058 6166666166611,666116661666661)116661661,
947 3996 1008 4062 pro
1017 3977 1349 4043 circumstantiarum

174 4082 349 4156 varietate,
361 4082 478 4146 mitius
490 4083 546 4148 vel
559 4085 733 4162 severius;
754 4087 826 4151 istae
847 4104 959 4170 poenae
979 4085 1090 4152 solent
1108 4105 1183 4152 6666
1203 4086 1350 4150 incarce-

174 4193 261 4258 ratio
281 4197 315 4256 et
329 4195 508 4278 suspensio
521 4195 563 4259 ab
583 4197 707 4262 ofsscio.
728 4197 761 4261 Si
782 4199 912 4274 crimen
926 4201 1099 4266 notorium
1114 4198 1158 4262 sit
1177 4201 1237 4263 661
1248 4194 1348 4261 valde

175 4299 413 4366 scandalosum
431 4305 465 4366 et
480 4301 621 4368 clericus
640 4304 887 4387 incorrigibilis,
914 4325 1017 4390 poena
1043 4307 1107 4372 erit
1129 4303 1294 4389 depositio
1312 4321 1350 4368 ac

174 4406 419 4474 beneficiorum
432 4410 577 4493 privatio
591 4413 633 4478 ad
649 4413 825 4479 arbitrium
838 4417 997 4500 episcopi.

213 4517 246 4580 9⁰
261 4516 440 4583 Acerbiore
452 4537 555 4602 paena
580 4539 684 4604 quam
708 4523 887 4588 fornicatio
902 4523 1057 4608 simplex,
1076 4525 1216 4607 punitur
1229 4543 1352 4590 concu-

173 4625 322 4700 binatus,
337 4645 416 4692 cum
430 4632 686 4711 perseverantia
698 4633 735 4696 in
750 4633 892 4698 crimine
907 4634 951 4698 sit
964 4634 1219 4701 circumstantia
1233 4653 1352 4718 aggra-
1398 4639 1403 4652 '

337 4755 382 4798 111.
1153 4743 1193 4807 95
