3508 5568
372 617 412 680 et
832 632 884 678 rus
904 631 1085 678 ceuourcuu.

373 770 432 815 cus
446 769 646 827 consensus,
664 755 701 814 ut
725 751 827 814 habet
845 750 915 812 vim
934 749 1186 832 acceptationis,
1208 749 1467 816 determinantia
1482 755 1547 815 tra·

373 861 549 936 ditionem,
576 877 636 924 seu
658 857 846 924 materiam.
872 858 1025 942 lienique
1045 857 1192 922 ministri
1211 860 1316 942 hujus
1345 861 1546 926 sacramenti

373 974 453 1034 sunt
471 969 536 1052 ipsi
556 967 808 1044 contrahentes,
825 984 895 1031 non
910 983 991 1030 vero
1010 966 1168 1031 sacerdos
1186 987 1193 1029 ε
1210 967 1257 1031 ita
1278 986 1360 1033 vera
1378 969 1547 1034 sententia

372 1081 491 1142 contra
501 1077 630 1141 Canum
648 1097 654 1137 :
672 1092 753 1139 nam
768 1074 824 1139 ille
840 1078 892 1138 est
906 1074 1289 1150 ministcrmatrimonii,
1307 1076 1362 1159 qui
1378 1075 1460 1140 illud
1476 1077 1547 1141 effi-

371 1185 435 1259 cit;
465 1184 525 1249 sed
539 1185 604 1267 ipsi
622 1184 862 1248 contrahentes
884 1182 1037 1246 efficiunt
1056 1187 1307 1247 sacramentum
1326 1185 1544 1261 matrimonii,

372 1292 451 1376 quia
463 1308 524 1376 per
538 1292 592 1356 cit.
612 1289 699 1355 Flor.
719 1290 944 1374 §septimum
968 1306 1072 1354 causa
1092 1291 1243 1355 efficiens
1266 1293 1473 1357 matrimonii
1496 1296 1548 1356 est

370 1405 510 1466 mutuus
525 1417 714 1464 consensus
731 1419 738 1462 ε
756 1398 913 1464 sacerdos
927 1415 1010 1462 vero
1022 1401 1074 1462 est
1086 1403 1220 1462 tantum
1233 1400 1330 1464 testis
1345 1401 1386 1464 ab
1401 1399 1548 1466 Ecclesia

372 1511 564 1594 deputatus,
583 1507 640 1592 qui
660 1506 934 1572 benedictionem
946 1506 1150 1589 conjugibus
1170 1509 1332 1592 impertit;
1347 1529 1429 1592 ergo
1449 1530 1456 1572 :
1474 1515 1546 1573 tum

371 1621 542 1704 (pulsante
562 1617 649 1682 Trid.
666 1615 923 1681 matrimonium
937 1614 1003 1680 luit
1016 1621 1279 1692 sacramentum,
1296 1623 1456 1682 ettamen
1472 1620 1547 1684 abs·

371 1747 436 1812 que
459 1724 633 1791 sacerdote
653 1724 806 1789 contrahi
829 1723 940 1806 potuit
955 1723 1066 1803 (ibid,
1080 1725 1264 1802 s.‚lt,c.t,
1278 1725 1405 1808 deitas.
1418 1729 1544 1810 motat

409 1837 509 1918 Resp.
529 1833 558 1897 3.
574 1830 825 1896 Matrimonium
840 1835 894 1895 est
907 1835 1159 1896 sacramentum
1182 1833 1365 1909 transiens,
1383 1852 1445 1898 seu
1468 1853 1547 1900 con-

370 1945 494 2010 sistens
505 1941 542 2005 in
554 1939 676 2004 actuali
689 1956 754 2003 usu
767 1957 774 2013 ;
788 1955 858 2002 non
873 1956 956 2002 vero
971 1955 1188 2020 permanens,
1205 1941 1293 2004 sicut
1315 1941 1544 2006 Eucharistia:

370 2053 543 2127 itaBosco,
558 2047 719 2123 Sclunier,
733 2051 809 2122 etc,
821 2050 940 2111 contra
954 2047 1088 2124 Sanch.,
1100 2049 1227 2132 haym,
1238 2053 1273 2113 et
1286 2048 1370 2114 ahos
1383 2070 1390 2112 :
1402 2067 1483 2114 nam
1495 2068 1547 2113 sa-

369 2162 581 2226 cramentum
596 2155 796 2236 novaelegis
812 2159 866 2218 est
880 2153 1017 2236 signum
1032 2157 1219 2239 practioum
1234 2177 1278 2222 ex
1292 2176 1394 2241 opere
1408 2164 1546 2242 operato

369 2265 565 2332 collativam
578 2265 706 2346 gratiae,
723 2261 783 2326 sed
801 2261 876 2327 talis
890 2263 1000 2346 gratia
1017 2264 1192 2328 confertur
1205 2267 1408 2348 conjugibus
1423 2267 1545 2350 inipso

369 2373 490 2440 actuali
514 2376 700 2448 contractu,
725 2389 794 2436 non
815 2388 898 2436 vero
923 2389 967 2434 ex
989 2389 1091 2454 opere
1118 2377 1257 2455 operato
1276 2373 1312 2437 in
1335 2375 1409 2457 ipsa
1426 2376 1547 2460 copula

369 2482 506 2562 carnali,
517 2480 755 2547 utoommunis
764 2480 862 2546 docet
872 2499 914 2544 ex
924 2480 1036 2556 camd,
1044 2479 1286 2559 3h,Ccnnubia‚
1297 2483 1547 2566 q.b,ibi:«Non

370 2597 486 2656 tamen
500 2595 653 2673 tempore
668 2587 726 2653 illo
742 2605 809 2671 quo
829 2587 1027 2671 conjugales
1051 2593 1147 2653 actus
1166 2593 1344 2672 geruntur,
1366 2593 1546 2673 praesentia

370 2699 477 2765 sancti
492 2697 634 2782 Spiritus
651 2695 799 2772 dabitur3
815 2723 830 2754 »
848 2714 940 2777 ergo.
956 2695 1004 2759 Ex
1022 2715 1088 2780 quo
1103 2702 1198 2781 patet
1215 2699 1392 2782 disparitas
1407 2719 1545 2766 esacra-

369 2812 487 2872 mento
500 2805 728 2884 Eucharistiae,
746 2823 820 2906 quae
835 2806 870 2868 in
886 2823 950 2870 usu
960 2805 1012 2870 sui
1022 2806 1210 2872 sanctificat
1220 2827 1262 2873 ex
1274 2826 1376 2891 opere
1392 2813 1542 2892 operato.

404 2956 491 3015 Dices
508 2955 752 3014 :Matrimonium
768 2970 885 3030 semper
900 2955 1054 3031 significat
1069 2956 1262 3016 insolubilem
1273 2957 1414 3016 unionem
1436 2958 1544 3017 Christi

369 3059 437 3104 cum
452 3045 583 3108 Ecclesia
599 3064 605 3102 :
623 3058 694 3119 ergo
709 3058 827 3117 semper
845 3051 891 3103 est
911 3051 1141 3104 sacramentum.
1166 3049 1255 3118 Hesp.
1281 3046 1465 3122 significatio
1486 3049 1546 3107 ista

370 3136 554 3210 speculativa
569 3152 629 3195 non
644 3136 787 3208 competit
800 3136 926 3209 praecise
947 3153 982 3195 cx
998 3153 1032 3196 eo
1051 3137 1131 3210 quia
1146 3143 1367 3196 sacramentum
1388 3144 1445 3209 est,
1469 3139 1544 3198 alias

369 3227 458 3286 etiam
484 3230 665 3298 competeret
686 3225 876 3284 matrimonio
897 3231 980 3296 rato;
1012 3226 1064 3284 sed
1086 3243 1122 3284 ex
1151 3241 1186 3286 eo
1211 3227 1283 3300 quin
1308 3229 1543 3298 matrimonium,

369 3317 448 3389 quod
471 3319 646 3388 susceptum
667 3314 723 3372 tuit
744 3321 779 3373 ut
802 3320 1041 3386 sacramentum,
1065 3331 1117 3389 per
1139 3317 1277 3391 copulam
1302 3325 1543 3379 consummatum

369 3411 424 3464 est.
441 3409 477 3464 Ut
489 3418 560 3463 vero
574 3405 647 3478 quid
662 3402 830 3478 sitproprie
844 3409 1075 3475 sacramentum,
1098 3405 1187 3464 debet
1208 3420 1277 3464 asse
1298 3405 1421 3480 signum
1436 3408 1543 3482 practi-

369 3510 436 3555 cum
453 3495 688 3570 significativum
703 3493 817 3569 gratie.

411 3660 509 3744 Resp.
529 3663 558 3721 4.
575 3655 827 3721 Matrimonium
847 3655 1000 3721 fidelium
1015 3675 1085 3721 non
1100 3665 1152 3722 est
1167 3658 1304 3742 duplex,
1322 3660 1383 3724 sed
1406 3660 1543 3726 unicum

372 3769 623 3833 sacramentum
639 3785 646 3828 :
663 3782 743 3830 nam
757 3765 847 3828 inter
868 3764 955 3830 duos
978 3767 1100 3830 unicus
1127 3771 1180 3830 est
1203 3772 1406 3846 contractus,
1427 3768 1471 3834 ad
1495 3788 1545 3834 ra-

374 3877 501 3942 tionem
527 3873 729 3941 sacramenti
758 3873 930 3952 clevatus;
959 3893 1041 3957 ergo
1070 3880 1105 3940 et
1131 3895 1240 3940 unum
1267 3882 1542 3943 sacramentum:

284 4024 286 4036 ·
371 3983 462 4049 unde
478 3984 506 4048 si
523 4003 567 4048 ex
582 3982 834 4067 dispensatione
849 3981 1034 4066 apostolica
1047 3983 1157 4048 fidelis
1172 3987 1389 4051 contraheret
1402 4005 1482 4051 cum
1495 3986 1545 4049 in-

371 4093 463 4159 ttdeli
477 4093 564 4158 sicut
578 4091 610 4156 S.
628 4093 758 4159 Monica
770 4110 849 4156 cum
869 4091 1005 4158 Patritio
1021 4099 1116 4177 patre
1133 4094 1165 4158 S.
1183 4093 1373 4176 Augustini,
1396 4095 1544 4160 Clotildis

371 4221 449 4268 cum
466 4201 644 4269 Glodovaeo
655 4202 860 4268 Francorum
875 4221 966 4285 rege,
981 4203 1188 4288 probabilius
1208 4224 1253 4269 ex
1271 4209 1367 4289 parte
1390 4205 1544 4270 neutrius

371 4315 424 4375 est
441 4315 691 4376 sacramentum
712 4328 812 4376 :nam
826 4329 904 4376 cum
925 4312 968 4375 sit
977 4331 1086 4377 unum
1100 4321 1364 4389 sacramentum,
1388 4331 1544 4397 unusque

370 4423 573 4496 contractus,
593 4417 733 4481 deberet
748 4435 823 4482 esse
842 4422 963 4495 totum,
984 4436 1046 4484 seu
1060 4421 1218 4484 nnumin
1233 4425 1399 4504 utroque;
1424 4420 1483 4484 sed
1510 4421 1545 4484 in

369 4524 497 4589 inssdeh
509 4542 578 4589 nort
590 4527 703 4608 potest
717 4541 793 4588 esse
803 4530 1065 4605 sacramentum,
1083 4545 1162 4608 ergo
1175 4547 1239 4593 neo
1253 4529 1288 4592 in
1309 4527 1412 4593 fideli.

405 4677 462 4732 Nec
484 4674 584 4732 obstat
603 4679 703 4732 textus
725 4673 786 4732 cxl
802 4675 880 4744 Gor„
897 4691 945 4739 m,
964 4679 1006 4739 tt,
1028 4689 1096 4734 nam
1122 4678 1167 4734 vir
1189 4677 1319 4736 infidelis
1342 4677 1547 4737 sanctificatur

372 4779 422 4835 per
450 4764 604 4823 mulierem
633 4763 762 4833 tldelem,
786 4777 845 4821 non
871 4765 1027 4822 sanctitate
1048 4767 1266 4836 sacramentali,
1289 4768 1342 4826 sed
1366 4767 1467 4842 legali,
1491 4781 1544 4824 seu
