3412 5570
353 589 414 658 458
815 607 867 658 tus
888 609 1067 658 caucaseos.

381 731 425 792 d·
438 727 543 796 Prona
555 727 725 796 maledicti
740 730 776 794 in
789 729 959 814 privatum
973 728 1147 795 commissi
1169 733 1232 808 est,
1258 732 1383 814 praeter
1395 733 1530 796 reatum

352 839 482 922 peccati
495 837 660 916 mortalis,
676 837 837 921 obligatio
852 839 888 902 in
900 839 976 903 toro
988 837 1203 904 conscientiae
1222 837 1266 902 ad
1278 839 1531 921 reparationem

352 929 452 1011 famae
467 952 502 1012 et
517 947 776 1013 existimationis
790 946 901 1024 laesae;
925 947 961 1012 in
982 947 1057 1012 toro
1073 949 1227 1023 externo,
1243 945 1376 1012 actione
1390 946 1532 1030 iujuria-

226 1094 229 1106 ·
352 1073 430 1146 rum
445 1054 600 1121 maledici
616 1060 787 1122 tenentur.

391 1165 423 1228 3⁰
438 1165 617 1232 Maledictis
632 1167 668 1231 in
680 1168 868 1251 principem
881 1167 1080 1234 saecularem
1095 1167 1178 1232 olim
1194 1167 1375 1232 tenebatur
1388 1164 1530 1232 mimine

350 1273 441 1339 laesae
455 1276 655 1358 maJ'eststis,
670 1280 756 1340 teste
774 1277 934 1352 Arnobio,
955 1275 1041 1340 Ado.
1066 1275 1200 1352 Gentes,
1220 1273 1277 1340 lib.
1298 1273 1323 1338 1.
1344 1310 1384 1322 -
1402 1273 1530 1339 Tamen

350 1386 472 1465 postea
485 1384 652 1468 principes
665 1385 840 1450 christiani
858 1384 1043 1451 noluerunt
1063 1389 1102 1448 ut
1126 1383 1170 1448 ad
1191 1388 1385 1449 extremum
1403 1381 1531 1466 suppli-

350 1491 442 1556 cium
456 1492 673 1556 traherentur
685 1491 853 1572 maledici,
868 1493 1018 1577 quindei
1033 1493 1068 1556 id
1092 1511 1136 1556 ex
1158 1492 1296 1558 levitate
1311 1491 1526 1575 praeessent,

350 1600 660 1678 contemnendum;
685 1603 713 1666 si
732 1621 775 1665 ex
799 1601 942 1679 insania,
972 1601 1192 1666 miseratione
1217 1599 1472 1682 dignissimum
1498 1598 1528 1662 si

350 1710 393 1774 ab
409 1709 543 1793 injuria,
558 1711 813 1787 remittendum,
828 1737 843 1770 o
860 1715 898 1774 ut
910 1712 946 1775 in
960 1710 1039 1776 God.
1055 1710 1170 1774 Theod
1188 1709 1324 1791 legitur.

389 1815 579 1900 Excepitur,
607 1817 670 1881 nisi
684 1818 904 1883 maledictum
919 1819 1093 1884 contineat
1110 1819 1215 1884 verba
1234 1817 1422 1900 spectantia
1440 1815 1529 1881 sedi-

351 1926 480 1990 tionem
500 1927 560 1988 aut
580 1915 840 1990 acclamationes
862 1925 1084 2001 turbulentas,
1109 1925 1231 2008 quibus
1254 1923 1345 1988 salus
1367 1923 1528 2007 principis

350 2037 410 2097 ant
437 2036 545 2096 status
570 2032 796 2097 adduceretur
818 2035 854 2098 in
877 2034 1086 2098 discrimen:
1108 2031 1185 2098 talis
1206 2031 1394 2098 maledicus
1414 2029 1528 2115 puniri

349 2145 464 2223 potest
477 2159 580 2224 poena
593 2141 636 2206 ad
654 2141 830 2206 arbitrium
844 2141 1015 2225 principis.

388 2249 421 2312 4ο
436 2247 649 2314 Maledictum
662 2250 698 2313 in
716 2249 927 2333 superiorem
936 2248 1214 2320 ecclesiasticum.
1227 2267 1260 2312 v.
1278 2267 1311 2330 g.
1331 2248 1457 2331 Papam
1465 2248 1529 2312 ¹vel

350 2358 557 2442 episcopum,
575 2357 604 2420 si
619 2359 824 2440 processerit
838 2377 881 2422 ex
895 2357 1044 2434 levitate,
1066 2356 1199 2421 insanie
1212 2355 1265 2421 vel
1277 2356 1383 2440 animi
1401 2356 1529 2438 injuria

349 2464 490 2530 ulcerati
502 2467 743 2543 commotione,
761 2467 956 2543 remittitur,
971 2469 1070 2549 juxta
1089 2483 1163 2530 can.
1185 2465 1235 2540 ii,
1252 2483 1355 2530 causa
1378 2463 1429 2540 td,
1446 2484 1477 2548 q.
1491 2464 1525 2540 4,

350 2573 429 2655 quia
442 2574 671 2639 mansuetudo
687 2575 784 2640 decet
798 2574 1008 2652 Pontificem,
1031 2579 1195 2658 tanquam
1212 2573 1377 2638 vicarium
1391 2571 1524 2636 Christi.

338 2681 383 2746 'Si
395 2700 477 2746 vero
492 2684 695 2767 processerit
709 2702 752 2746 ex
766 2685 880 2748 animo
895 2683 1088 2766 injuriandi,
1107 2681 1388 2764 distinguendum
1403 2684 1465 2756 est,
1481 2698 1527 2744 an

347 2810 409 2875 per
425 2791 645 2856 maledictum
664 2791 727 2857 soli
747 2809 903 2875 personae
928 2792 1121 2874 derogetur,
1151 2809 1195 2856 an
1216 2808 1298 2855 vero
1322 2790 1425 2855 etiam
1447 2788 1526 2852 Sedi

347 2900 570 2983 Apostolicae‘t
584 2900 622 2965 ln
632 2901 741 2985 primo
754 2920 846 2978 casu,
863 2901 1092 2966 mansuetudo
1105 2899 1227 2964 Christi
1238 2898 1381 2983 requirit
1391 2900 1430 2961 ut
1440 2897 1526 2960 Pon-

349 3010 431 3073 tilex
442 3011 594 3074 remittat
605 3011 765 3093 injuriam
779 3028 849 3075 suae
858 3028 1014 3094 personae
1025 3009 1154 3075 illatam
1165 3029 1172 3072 :
1185 3014 1301 3074 tamen
1311 3007 1397 3071 alius
1405 3005 1523 3090 juder,

347 3121 431 3200 puta
445 3116 627 3194 saecularis,
641 3122 755 3202 potest
768 3137 830 3202 pro
848 3117 1009 3202 qualitate
1031 3117 1143 3181 delicti
1163 3116 1285 3200 punire
1306 3113 1521 3190 maledicum,

348 3226 407 3308 qui
420 3227 564 3291 offendit
579 3207 786 3312 episcopum,
805 3229 938 3293 etiamsi
958 3229 1149 3312 episcopus,
1174 3227 1233 3312 qui
1248 3225 1358 3290 noluit
1378 3241 1453 3290 esse
1468 3226 1523 3306 ju·

348 3333 415 3396 dex
427 3334 463 3398 in
478 3336 736 3418 propriacausa,
752 3335 849 3400 illum
862 3355 1020 3402 accusare
1032 3335 1189 3401 noluerit.

387 3441 590 3507 insecundo
608 3461 689 3512 casu
709 3444 839 3509 crimen
852 3445 1038 3510 condonari
1057 3462 1128 3509 non
1151 3443 1253 3509 debet
1267 3459 1331 3507 nec
1344 3444 1467 3524 potest,
1483 3443 1524 3503 ut

346 3553 481 3614 constat
496 3570 538 3615 ex
550 3552 653 3616 variis
664 3552 809 3635 juribus,
826 3554 916 3617 inter
932 3571 1008 3636 quae
1027 3570 1055 3616 c.
1079 3552 1095 3615 t
1115 3552 1148 3615 h.
1170 3551 1220 3614 tit.
1241 3550 1338 3615 Ratio
1358 3552 1420 3626 est,
1443 3547 1522 3631 quia

348 3658 647 3725 excondonatione
662 3678 767 3740 grave
778 3665 980 3743 sequeretur
992 3658 1200 3735 scandalum,
1217 3662 1252 3722 at
1266 3656 1307 3721 de
1321 3658 1396 3740 ipsa
1407 3660 1523 3720 aucto-

346 3769 456 3843 ritate,
475 3771 512 3830 ut
534 3768 591 3845 sic,
615 3771 758 3852 eJ‘usque
781 3769 902 3834 decora
923 3770 1132 3846 necessario,
1156 3766 1314 3851 princeps
1339 3765 1520 3848 disponere

346 3875 475 3958 nequit.
492 3874 596 3940 Poena
611 3879 704 3940 certa
715 3894 786 3940 non
799 3880 852 3940 est
866 3877 1035 3942 declarata
1047 3877 1082 3939 in
1094 3879 1182 3960 J'ure,
1196 3879 1230 3940 et
1242 3874 1319 3939 ideo
1334 3872 1520 3938 maledicus

346 3981 484 4047 arbitrio
504 3982 638 4065 judicis,
656 4001 717 4068 pro
737 3985 904 4066 gravitate
926 3983 1034 4069 culpae
1049 3990 1084 4051 et
1102 3982 1446 4056 circumstantiarum,
1463 3997 1521 4064 pu-

346 4089 494 4154 niendus
510 4095 572 4154 est.
1100 4170 1104 4176 1

386 4197 420 4262 Si
432 4198 582 4280 religiosi
596 4201 745 4285 aliquem
755 4203 910 4274 Ecclesia
923 4203 1113 4288 praelatum,
1131 4182 1329 4267 secularem
1349 4198 1406 4263 vel
1421 4213 1518 4278 regu·

345 4306 463 4383 larem,
479 4307 655 4374 offendant
668 4310 724 4374 vel
739 4312 770 4376 ei
786 4312 974 4390 detrahant,
990 4313 1030 4378 de
1043 4315 1122 4396 jure
1136 4309 1310 4376 communi
1322 4307 1449 4372 dehent
1460 4321 1521 4387 per

348 4415 433 4480 duos
453 4433 591 4480 menses
607 4417 782 4501 subjacere
797 4418 863 4483 illis
882 4421 993 4503 poenis
1013 4439 1088 4504 quae
1104 4423 1204 4504 Juxta
1219 4415 1356 4498 regulas
1379 4411 1434 4479 vel
1453 4415 1520 4475 sta-

347 4525 421 4586 tuta
446 4540 567 4588 eorum
593 4525 637 4590 ob
659 4527 777 4609 gravia
799 4528 942 4594 crimina
959 4529 1182 4612 imponuntur
1206 4524 1383 4610 (Clement.
1410 4523 1453 4598 1¹,
1477 4517 1519 4584 de

259 4626 263 4633 ’
347 4627 488 4712 privil).
