3388 5582
377 581 666 663 mammemque
688 589 825 664 neceam
845 615 883 660 nc
906 601 1181 660 decernendum(
1297 595 1356 662 637

178 733 335 794 scientiam
350 748 550 808 corrumpere,
567 747 745 807 morumque
758 734 945 792 honestatem
961 732 1279 804 contaminarepossit
1289 749 1356 806 quae
1411 805 1416 814 1

178 823 266 880 unice
287 839 309 881 a·
325 823 383 880 lide
397 829 502 882 nostra
518 823 712 882 sanctissima
728 823 913 896 producitur,
931 823 1021 880 alitur
1035 829 1064 880 et
1079 828 1220 898 augetur;
1238 839 1358 882 summa

177 927 247 970 vero
262 911 410 972 allicimur
425 913 645 982 consolatione,
661 927 731 970 cum
748 913 837 971 istius
853 917 910 970 ture
925 913 1066 972 dioecesis
1083 913 1182 969 clerus
1197 927 1259 970 sure
1273 928 1358 970 voca-

178 1003 269 1062 tionis
290 1009 320 1060 et
337 1004 430 1062 olileii
455 1003 546 1076 probc
567 1018 679 1060 memor
699 1019 758 1061 urm
780 1010 878 1060 tecum
902 1017 989 1061 suam
1013 1017 1131 1060 omnem
1160 1001 1189 1058 in
1218 1001 1357 1060 Ecclesiae

5 1071 11 1078 ’
105 1113 109 1122 ’
177 1092 304 1164 eiusque
315 1093 452 1150 catholici
468 1093 570 1165 populi
582 1092 704 1166 juribus
717 1093 850 1151 tutandis
865 1107 984 1166 operam
1001 1092 1164 1165 impendat.
1176 1096 1232 1150 h'ec
1248 1093 1356 1150 minori

177 1181 1356 1256 gaudloperdundimur,proptereaquodistosrdclispopulus‚optlmescntiens

177 1270 213 1328 de
237 1269 383 1328 catholica
407 1285 470 1328 suae
486 1270 579 1344 prolis
602 1271 790 1340 educatione,
811 1271 885 1328 nihil
905 1271 1061 1344 antiquius
1081 1269 1189 1328 habeat
1211 1284 1302 1341 quarn
1325 1275 1358 1340 ut

177 1359 279 1418 eadem
296 1359 395 1431 proles
405 1361 529 1432 omnino
543 1361 720 1420 instituatur
735 1361 764 1418 in
781 1361 894 1420 scholis
909 1375 977 1433 que
995 1375 1012 1417 a
1028 1353 1174 1418 catholica
1188 1357 1358 1433 dirigantur

177 1449 319 1507 Ecclesia.
337 1451 401 1507 iarn
413 1464 482 1508 vero
494 1451 627 1510 levantes
639 1452 743 1510 oculos
753 1456 874 1509 nostros
887 1449 924 1508 ad
940 1449 1099 1508 Dominum
1111 1451 1205 1506 Deum
1218 1455 1356 1506 nostrum

177 1537 214 1595 ab
229 1538 297 1610 ipso
312 1538 465 1595 humiliter
482 1539 629 1612 enixeque
649 1539 854 1611 exposcimus
873 1543 906 1596 ut
928 1539 956 1596 in
973 1536 1157 1596 abundantia
1171 1535 1279 1594 divinae
1293 1551 1356 1593 sure

149 1625 156 1640 “
178 1627 351 1700 gratiaetlbi,
367 1627 548 1686 venerabilis
564 1631 673 1698 Frater,
685 1635 713 1686 et
724 1628 777 1686 isti
791 1628 870 1686 clero
883 1626 1053 1700 populoque
1066 1625 1144 1682 fideli
1158 1639 1276 1697 semper
1288 1640 1356 1697 pro-

179 1715 271 1787 pitius
290 1717 395 1776 edesse
411 1719 492 1788 velit,
506 1733 566 1790 quo
582 1733 688 1776 omnes
701 1717 817 1776 coelesti
838 1732 895 1790 ope
910 1716 1053 1787 roborati,
1067 1731 1120 1789 pro
1136 1715 1275 1774 Ecclesiae
1293 1729 1356 1774 sure

178 1809 290 1863 sancte
306 1819 397 1863 cansa
414 1805 472 1862 sub
487 1810 538 1863 tuo
554 1805 646 1864 ductu
662 1811 785 1864 strenue
800 1805 942 1863 dimicare
961 1810 1098 1879 pergant.
1111 1807 1208 1878 Atque
1232 1805 1356 1877 superni
1427 1822 1431 1830 ·

177 1891 270 1966 hujus
284 1893 415 1964 praesidii
429 1893 595 1966 auspicem,
611 1898 641 1952 et
654 1895 815 1966 peculiaris
830 1909 889 1966 qua
904 1899 932 1950 te
946 1894 976 1950 in
993 1893 1119 1950 Domino
1131 1893 1358 1964 complectimur

94 2033 96 2037 .
179 1981 391 2041 benevolentiae
407 1983 530 2057 pignus,
549 1983 744 2056 apostolicam
758 1977 994 2040 benedictionem
1017 1998 1054 2040 ex
1068 1983 1175 2040 intimo
1190 1983 1277 2064 corde
1289 1999 1357 2055 pro·

179 2071 285 2130 lectam
302 2071 438 2144 tibiipsi,
458 2073 636 2131 venerabilis
655 2076 765 2144 Frater,
788 2073 965 2144 cunctisque
987 2071 1104 2130 clericis
1126 2071 1270 2145 laicisque
1284 2073 1356 2130 tide-

178 2159 258 2218 libus
275 2167 332 2219 ture
347 2162 510 2236 vigilantiae
526 2162 719 2234 concreditis,
735 2166 922 2234 peramanter
941 2160 1141 2233 impertimus.

214 2252 320 2309 Datum
345 2241 454 2321 Roma,
475 2253 553 2324 apud
577 2255 605 2309 S.
624 2255 753 2324 Petrum,
769 2251 817 2309 die
833 2255 865 2309 lt
878 2250 958 2324 julii,
974 2265 1053 2308 anno
1071 2254 1149 2314 letti,
1165 2251 1355 2324 pontificatus

178 2339 273 2397 nostri
288 2354 368 2398 anno
384 2341 499 2400 decimo
515 2356 604 2399 nono.

989 2443 1060 2493 rlt's
1078 2442 1125 2493 PP.
1143 2443 1185 2493 lx.

177 2645 207 2696 ll.
232 2644 367 2698 -1875
389 2645 477 2712 iunii
497 2643 540 2698 30
560 2673 592 2684 -
614 2645 796 2698 Iusta-ustio
820 2646 853 2698 8.
875 2645 993 2711 congr.
1016 2643 1056 2697 de
1079 2643 1177 2708 Prop.
1202 2641 1293 2706 ride.
1315 2643 1356 2695 de

208 2726 331 2778 scholis
348 2726 502 2791 puhtlete,
527 2726 570 2796 ed
588 2727 810 2792 episcopusin
824 2726 1008 2778 foderatis
1023 2719 1176 2777 statibus
1193 2723 1356 2776 Ameriae

209 2807 498 2872 septentrionalis.

215 2979 329 3038 rturies
344 2982 372 3036 S.
383 2980 582 3054 congregatio
592 2979 628 3038 de
638 2977 834 3054 propaganda
849 2979 1038 3038 Fideccrtior
1050 2979 1127 3036 lacta
1137 2983 1192 3048 cst,
1209 2979 1238 3035 in
1255 2977 1356 3036 Eaede-

115 3070 118 3078 '
178 3068 251 3127 ratis
267 3069 399 3128 Statilius
413 3069 555 3126 nmericae
575 3069 832 3142 septentrionalis,
846 3069 1000 3127 catholicae
1012 3068 1163 3141 juventuti
1177 3084 1193 3126 e
1209 3069 1253 3126 sic
1268 3067 1356 3128 dictis

179 3157 291 3216 scholis
308 3158 435 3232 publicis
448 3159 629 3234 gravissima
641 3160 750 3218 damna
765 3159 933 3217 imminere.

212 3246 319 3304 Tristis
348 3248 490 3318 quocirca
511 3248 560 3306 hic
581 3249 709 3306 nuntius
731 3247 829 3306 elleelt
848 3255 882 3306 ut
905 3247 1103 3320 amplissimis
1123 3247 1213 3306 istius
1232 3247 1356 3305 ditionis

178 3335 328 3406 episeopis
344 3336 506 3394 nonnullas
519 3338 703 3411 quaestiones
721 3337 930 3410 proponendas
945 3337 1187 3409 censueritque
1201 3338 1306 3410 partim
1319 3337 1356 3396 ad

177 3433 284 3478 causas
303 3435 357 3477 cur
375 3420 478 3479 fideles
498 3421 601 3480 sinent
614 3421 726 3479 liberos
742 3436 815 3480 suos
827 3421 947 3482 scholas
959 3421 1139 3480 acatholicus
1155 3423 1354 3494 frequentare,

178 3508 285 3578 partim
306 3508 343 3566 ad
366 3509 464 3568 media
484 3510 595 3582 quibus
615 3509 733 3569 lucilius
750 3511 878 3584 juvenes
901 3526 921 3586 e
936 3511 1049 3570 scholis
1072 3510 1246 3585 hujusmodi
1262 3511 1356 3570 arceri

177 3596 305 3668 possint,
321 3597 505 3670 spectabant.
524 3603 614 3658 Porro
629 3599 844 3672 responsiones
864 3601 1025 3660 alandetis
1045 3601 1197 3673 episcopis
1217 3605 1355 3671 exorate,

178 3685 213 3742 ad
238 3699 409 3758 supremam
434 3689 702 3763 congregationem
726 3689 907 3748 universalis
940 3688 1149 3762 inquisitionis
1173 3703 1227 3762 pro
1249 3695 1357 3746 natura

178 3776 347 3848 argumenti
371 3775 476 3834 delatae
502 3784 585 3849 sunt,
608 3785 637 3836 et
657 3779 778 3854 negotio
794 3778 954 3852 diligenter
969 3779 1133 3852 explorato,
1148 3778 1223 3837 laria
1242 3781 1271 3836 4·
1285 3822 1293 3847 ‚
1308 3778 1356 3836 die

177 3869 213 3922 30
224 3865 304 3936 junii
322 3869 400 3936 l875,
416 3881 468 3940 per
482 3867 712 3927 instructionem
725 3873 901 3940 sequentem
924 3867 1135 3926 absolvendam
1151 3867 1187 3926 ab
1208 3869 1289 3926 limis
1305 3871 1358 3924 Pa·

177 3954 275 4012 tribus
297 3955 463 4029 judicatum
493 3963 556 4026 est,
577 3973 667 4030 quam
697 3957 804 4016 exinde
827 3961 876 4016 SS.
903 3960 988 4016 Duas
1011 3961 1126 4028 Noster,
1152 3958 1226 4016 teria
1246 3962 1285 4026 4⁸,
1308 3956 1356 4016 die

177 4048 212 4100 ‘ll
227 4045 397 4104 novembris
412 4037 551 4120 praedicti
561 4049 644 4118 anni,
659 4047 822 4121 approbare
833 4063 868 4106 ac
882 4047 1059 4106 confirmare
1069 4047 1212 4121 dignatus
1227 4054 1283 4106 est.

214 4135 305 4192 Porro
320 4134 351 4192 in
365 4135 609 4194 deliberationem
624 4135 729 4194 cadere
746 4137 894 4209 imprimis
910 4137 1036 4194 debebat
1049 4136 1115 4208 ipsa
1125 4135 1292 4208 juventutis
1309 4135 1355 4192 in-

177 4223 337 4282 stituendae
357 4225 432 4283 ratio
454 4225 566 4284 scholis
588 4226 762 4298 huiusmodi
785 4227 906 4300 propria
924 4232 1013 4298 atque
1033 4225 1200 4298 peculiaris.
1222 4227 1263 4283 Ea
1285 4239 1355 4282 vero

177 4313 206 4368 S.
219 4313 449 4387 congregationi
466 4315 685 4373 visaestetiam
696 4329 773 4372 exse
788 4315 912 4394 periculi
922 4315 1021 4387 plene,
1032 4329 1066 4372 ac
1077 4313 1355 4386 perquamadversa

176 4399 217 4456 rei
239 4400 401 4460 catholicae.
424 4401 545 4460 Alumni
558 4402 637 4460 enim
651 4401 755 4460 talium
771 4402 951 4474 scholarum,
962 4417 1031 4461 cum
1047 4404 1166 4476 propria
1184 4401 1355 4460 earumdem

176 4487 252 4546 ratio
274 4503 394 4548 omnem
418 4491 556 4550 excludat
576 4491 742 4550 doctrinam
770 4491 937 4565 religionis,
966 4506 1064 4564 neque
1089 4491 1259 4550 rudimenta
1285 4489 1354 4548 lidei
1380 4503 1383 4510 ·

175 4578 342 4651 addiscent,
353 4595 450 4654 neque
465 4579 603 4638 Ecclesiae
618 4581 807 4638 instruentur·
822 4581 990 4654 preceptis,
1009 4587 1098 4652 atque
1117 4581 1191 4638 adeo
1211 4578 1356 4638 carebunt

176 4669 350 4742 cognitione
366 4671 480 4730 homini
495 4685 586 4742 quem
603 4671 730 4728 maxime
746 4671 926 4740 necessaria,
950 4671 1015 4728 sine
1034 4685 1095 4742 qua
1115 4669 1277 4729 christiane
1292 4683 1351 4727 non

119 4833 123 4844 Ι
179 4758 296 4852 vivitur.
313 4759 469 4818 Enimvero
488 4761 519 4818 in
542 4760 691 4834 ejusmodi
707 4761 819 4819 scholis
835 4760 963 4834 juvenes
983 4761 1149 4836 educantur
1166 4759 1229 4834 jam
1251 4759 1353 4822 iudea
