<?xml version="1.0" encoding="UTF-8"?>
<!DOCTYPE html PUBLIC "-//W3C//DTD XHTML 1.0 Transitional//EN"
    "http://www.w3.org/TR/xhtml1/DTD/xhtml1-transitional.dtd">
<html xmlns="http://www.w3.org/1999/xhtml" xml:lang="en" lang="en">
 <head>
  <title>
</title>
<meta http-equiv="Content-Type" content="text/html;charset=utf-8" />
  <meta name='ocr-system' content='tesseract 3.04.00' />
  <meta name='ocr-capabilities' content='ocr_page ocr_carea ocr_par ocr_line ocrx_word'/>
</head>
<body>
  <div class='ocr_page' id='page_1' title='image "./juscanonicumjux01grangoog/juscanonicumjux01grangoog_0417.png"; bbox 0 0 3412 5570; ppageno 0'>
   <div class='ocr_carea' id='block_1_1' title="bbox 523 637 1351 713">
    <p class='ocr_par' dir='ltr' id='par_1_1' title="bbox 523 637 1351 713">
     <span class='ocr_line' id='line_1_1' title="bbox 523 637 1351 713; baseline -0.001 -9"><span class='ocrx_word' id='word_1_1' title='bbox 523 657 610 704; x_wconf 80' lang='lat' dir='ltr'><strong>erran</strong></span> <span class='ocrx_word' id='word_1_2' title='bbox 632 659 757 713; x_wconf 85' lang='lat' dir='ltr'><strong>ournrus</strong></span> <span class='ocrx_word' id='word_1_3' title='bbox 779 655 999 703; x_wconf 72' lang='lat' dir='ltr'><strong>cerneremur.</strong></span> <span class='ocrx_word' id='word_1_4' title='bbox 1289 637 1351 705; x_wconf 80' lang='lat' dir='ltr'><strong>tor</strong></span> 
     </span>
    </p>
   </div>
   <div class='ocr_carea' id='block_1_2' title="bbox 168 774 1354 3233">
    <p class='ocr_par' dir='ltr' id='par_1_2' title="bbox 172 774 1354 1293">
     <span class='ocr_line' id='line_1_2' title="bbox 214 774 1353 862; baseline -0.004 -21"><span class='ocrx_word' id='word_1_5' title='bbox 214 778 245 842; x_wconf 78' lang='lat'><strong>7⁰</strong></span> <span class='ocrx_word' id='word_1_6' title='bbox 260 776 412 858; x_wconf 86' lang='lat' dir='ltr'><strong>Denique</strong></span> <span class='ocrx_word' id='word_1_7' title='bbox 425 778 503 859; x_wconf 87' lang='lat' dir='ltr'><strong>jure</strong></span> <span class='ocrx_word' id='word_1_8' title='bbox 517 777 692 853; x_wconf 91' lang='lat' dir='ltr'><strong>canonico,</strong></span> <span class='ocrx_word' id='word_1_9' title='bbox 709 777 807 862; x_wconf 84' lang='lat' dir='ltr'>quasi</span> <span class='ocrx_word' id='word_1_10' title='bbox 818 777 949 840; x_wconf 79' lang='lat' dir='ltr'><strong>turtum</strong></span> <span class='ocrx_word' id='word_1_11' title='bbox 959 779 1018 840; x_wconf 93' lang='lat' dir='ltr'><strong>aut</strong></span> <span class='ocrx_word' id='word_1_12' title='bbox 1032 774 1186 858; x_wconf 83' lang='lat' dir='ltr'><strong>rapinam</strong></span> <span class='ocrx_word' id='word_1_13' title='bbox 1199 775 1353 838; x_wconf 89' lang='lat' dir='ltr'><strong>commit·</strong></span> 
     </span>
     <span class='ocr_line' id='line_1_3' title="bbox 173 881 1352 968; baseline -0.001 -20"><span class='ocrx_word' id='word_1_14' title='bbox 173 890 250 948; x_wconf 89' lang='lat' dir='ltr'><strong>tunt</strong></span> <span class='ocrx_word' id='word_1_15' title='bbox 272 885 330 968; x_wconf 90' lang='lat' dir='ltr'><strong>qui</strong></span> <span class='ocrx_word' id='word_1_16' title='bbox 350 885 554 950; x_wconf 79' lang='lat' dir='ltr'><strong>benenatum</strong></span> <span class='ocrx_word' id='word_1_17' title='bbox 574 883 840 949; x_wconf 90' lang='lat' dir='ltr'><strong>ecclesiasticum</strong></span> <span class='ocrx_word' id='word_1_18' title='bbox 862 883 935 947; x_wconf 89' lang='lat' dir='ltr'><strong>sine</strong></span> <span class='ocrx_word' id='word_1_19' title='bbox 958 881 1112 964; x_wconf 76' lang='lat' dir='ltr'><strong>legitima</strong></span> <span class='ocrx_word' id='word_1_20' title='bbox 1139 881 1352 947; x_wconf 90' lang='lat' dir='ltr'><strong>institutione</strong></span> 
     </span>
     <span class='ocr_line' id='line_1_4' title="bbox 173 989 1353 1076; baseline -0.002 -20"><span class='ocrx_word' id='word_1_21' title='bbox 173 997 339 1076; x_wconf 89' lang='lat' dir='ltr'><strong>occupant</strong></span> <span class='ocrx_word' id='word_1_22' title='bbox 352 992 557 1074; x_wconf 81' lang='lat' dir='ltr'><strong>(10,caus.7,</strong></span> <span class='ocrx_word' id='word_1_23' title='bbox 574 992 604 1066; x_wconf 88' lang='grc'><strong>9,</strong></span> <span class='ocrx_word' id='word_1_24' title='bbox 617 1013 649 1075; x_wconf 90' lang='lat' dir='ltr'><strong>q.</strong></span> <span class='ocrx_word' id='word_1_25' title='bbox 662 993 678 1055; x_wconf 87' lang='grc' dir='ltr'><strong>Ι</strong></span> <span class='ocrx_word' id='word_1_26' title='bbox 693 1012 701 1068; x_wconf 89' lang='grc'>;</span> <span class='ocrx_word' id='word_1_27' title='bbox 719 1010 791 1074; x_wconf 89' lang='lat' dir='ltr'><strong>cap.</strong></span> <span class='ocrx_word' id='word_1_28' title='bbox 805 992 854 1068; x_wconf 78' lang='lat'><strong>18,</strong></span> <span class='ocrx_word' id='word_1_29' title='bbox 872 991 913 1054; x_wconf 84' lang='lat' dir='ltr'><strong>de</strong></span> <span class='ocrx_word' id='word_1_30' title='bbox 927 989 1005 1054; x_wconf 79' lang='lat' dir='ltr'><strong>aec.</strong></span> <span class='ocrx_word' id='word_1_31' title='bbox 1015 991 1113 1074; x_wconf 78' lang='lat' dir='ltr'><strong>spot,</strong></span> <span class='ocrx_word' id='word_1_32' title='bbox 1124 991 1212 1074; x_wconf 84' lang='lat' dir='ltr'><strong>etc).</strong></span> <span class='ocrx_word' id='word_1_33' title='bbox 1225 989 1353 1054; x_wconf 88' lang='lat' dir='ltr'><strong>Tamen</strong></span> 
     </span>
     <span class='ocr_line' id='line_1_5' title="bbox 172 1099 1354 1184; baseline 0 -20"><span class='ocrx_word' id='word_1_34' title='bbox 172 1101 381 1166; x_wconf 80' lang='lat' dir='ltr'><strong>nonfurtum</strong></span> <span class='ocrx_word' id='word_1_35' title='bbox 395 1102 530 1184; x_wconf 85' lang='lat' dir='ltr'><strong>proprie</strong></span> <span class='ocrx_word' id='word_1_36' title='bbox 546 1101 674 1166; x_wconf 93' lang='lat' dir='ltr'><strong>dictum</strong></span> <span class='ocrx_word' id='word_1_37' title='bbox 688 1105 749 1178; x_wconf 90' lang='lat' dir='ltr'><strong>est,</strong></span> <span class='ocrx_word' id='word_1_38' title='bbox 761 1118 840 1164; x_wconf 92' lang='lat' dir='ltr'><strong>cum</strong></span> <span class='ocrx_word' id='word_1_39' title='bbox 852 1113 921 1165; x_wconf 85' lang='lat' dir='ltr'><strong>non</strong></span> <span class='ocrx_word' id='word_1_40' title='bbox 935 1099 1168 1165; x_wconf 79' lang='lat' dir='ltr'><strong>committatur</strong></span> <span class='ocrx_word' id='word_1_41' title='bbox 1179 1099 1215 1164; x_wconf 88' lang='lat' dir='ltr'><strong>in</strong></span> <span class='ocrx_word' id='word_1_42' title='bbox 1231 1116 1267 1166; x_wconf 90' lang='lat' dir='ltr'><strong>re</strong></span> <span class='ocrx_word' id='word_1_43' title='bbox 1282 1115 1354 1164; x_wconf 89' lang='lat' dir='ltr'><strong>mo-</strong></span> 
     </span>
     <span class='ocr_line' id='line_1_6' title="bbox 172 1208 495 1293; baseline -0.006 -17"><span class='ocrx_word' id='word_1_44' title='bbox 172 1209 228 1276; x_wconf 83' lang='lat' dir='ltr'>bili</span> <span class='ocrx_word' id='word_1_45' title='bbox 244 1208 300 1275; x_wconf 88' lang='lat' dir='ltr'><strong>vel</strong></span> <span class='ocrx_word' id='word_1_46' title='bbox 315 1209 495 1293; x_wconf 85' lang='lat' dir='ltr'><strong>corporali.</strong></span> 
     </span>
    </p>

    <p class='ocr_par' dir='ltr' id='par_1_3' title="bbox 169 1316 1354 2594">
     <span class='ocr_line' id='line_1_7' title="bbox 213 1316 1353 1400; baseline 0.001 -19"><span class='ocrx_word' id='word_1_47' title='bbox 213 1318 242 1398; x_wconf 83' lang='lat' dir='ltr'><strong>b)</strong></span> <span class='ocrx_word' id='word_1_48' title='bbox 259 1317 423 1400; x_wconf 58' lang='lat' dir='ltr'><strong>&amp;radam</strong></span> <span class='ocrx_word' id='word_1_49' title='bbox 439 1318 542 1382; x_wconf 84' lang='lat' dir='ltr'><strong>dubia</strong></span> <span class='ocrx_word' id='word_1_50' title='bbox 557 1319 744 1382; x_wconf 83' lang='lat' dir='ltr'><strong>solvuntur.</strong></span> <span class='ocrx_word' id='word_1_51' title='bbox 769 1321 801 1382; x_wconf 85' lang='grc' dir='ltr'><strong>Ιο</strong></span> <span class='ocrx_word' id='word_1_52' title='bbox 821 1319 884 1394; x_wconf 85' lang='lat' dir='ltr'><strong>Qui</strong></span> <span class='ocrx_word' id='word_1_53' title='bbox 901 1319 1014 1383; x_wconf 85' lang='lat' dir='ltr'><strong>iurem</strong></span> <span class='ocrx_word' id='word_1_54' title='bbox 1030 1335 1100 1382; x_wconf 91' lang='lat' dir='ltr'><strong>non</strong></span> <span class='ocrx_word' id='word_1_55' title='bbox 1119 1316 1256 1394; x_wconf 92' lang='lat' dir='ltr'><strong>indicat,</strong></span> <span class='ocrx_word' id='word_1_56' title='bbox 1281 1336 1353 1382; x_wconf 89' lang='lat' dir='ltr'><strong>non</strong></span> 
     </span>
     <span class='ocr_line' id='line_1_8' title="bbox 173 1428 1354 1513; baseline -0.001 -20"><span class='ocrx_word' id='word_1_57' title='bbox 173 1429 312 1494; x_wconf 84' lang='lat' dir='ltr'><strong>estiurti</strong></span> <span class='ocrx_word' id='word_1_58' title='bbox 323 1447 413 1504; x_wconf 89' lang='lat' dir='ltr'><strong>reus,</strong></span> <span class='ocrx_word' id='word_1_59' title='bbox 423 1429 489 1492; x_wconf 91' lang='lat' dir='ltr'><strong>nisi</strong></span> <span class='ocrx_word' id='word_1_60' title='bbox 500 1447 542 1493; x_wconf 82' lang='lat' dir='ltr'><strong>ex</strong></span> <span class='ocrx_word' id='word_1_61' title='bbox 550 1430 662 1494; x_wconf 83' lang='lat' dir='ltr'><strong>officio</strong></span> <span class='ocrx_word' id='word_1_62' title='bbox 671 1428 980 1513; x_wconf 88' lang='lat' dir='ltr'><strong>publico,adeoque</strong></span> <span class='ocrx_word' id='word_1_63' title='bbox 992 1428 1185 1512; x_wconf 84' lang='lat' dir='ltr'><strong>exjustitia,</strong></span> <span class='ocrx_word' id='word_1_64' title='bbox 1196 1433 1354 1494; x_wconf 88' lang='lat' dir='ltr'><strong>teneatur</strong></span> 
     </span>
     <span class='ocr_line' id='line_1_9' title="bbox 172 1535 1350 1619; baseline 0.001 -21"><span class='ocrx_word' id='word_1_65' title='bbox 172 1536 305 1619; x_wconf 89' lang='lat' dir='ltr'><strong>injuriis</strong></span> <span class='ocrx_word' id='word_1_66' title='bbox 320 1541 355 1599; x_wconf 88' lang='lat' dir='ltr'><strong>et</strong></span> <span class='ocrx_word' id='word_1_67' title='bbox 366 1535 563 1600; x_wconf 81' lang='lat' dir='ltr'><strong>criminibus</strong></span> <span class='ocrx_word' id='word_1_68' title='bbox 581 1537 720 1601; x_wconf 87' lang='lat' dir='ltr'><strong>obviare</strong></span> <span class='ocrx_word' id='word_1_69' title='bbox 741 1558 747 1598; x_wconf 95' lang='lat'><strong>:</strong></span> <span class='ocrx_word' id='word_1_70' title='bbox 765 1540 899 1602; x_wconf 86' lang='lat' dir='ltr'><strong>constat</strong></span> <span class='ocrx_word' id='word_1_71' title='bbox 914 1555 957 1601; x_wconf 83' lang='lat' dir='ltr'><strong>ex</strong></span> <span class='ocrx_word' id='word_1_72' title='bbox 968 1538 1046 1618; x_wconf 80' lang='lat' dir='ltr'><strong>jure</strong></span> <span class='ocrx_word' id='word_1_73' title='bbox 1059 1536 1157 1600; x_wconf 89' lang='lat' dir='ltr'><strong>Rom.</strong></span> <span class='ocrx_word' id='word_1_74' title='bbox 1174 1535 1271 1600; x_wconf 80' lang='lat' dir='ltr'><strong>Ratio</strong></span> <span class='ocrx_word' id='word_1_75' title='bbox 1287 1541 1350 1612; x_wconf 89' lang='lat' dir='ltr'><strong>est,</strong></span> 
     </span>
     <span class='ocr_line' id='line_1_10' title="bbox 173 1643 1352 1727; baseline -0.001 -20"><span class='ocrx_word' id='word_1_76' title='bbox 173 1644 252 1727; x_wconf 92' lang='lat' dir='ltr'><strong>quia</strong></span> <span class='ocrx_word' id='word_1_77' title='bbox 265 1661 384 1727; x_wconf 81' lang='lat' dir='ltr'>reapse</span> <span class='ocrx_word' id='word_1_78' title='bbox 399 1661 468 1708; x_wconf 93' lang='lat' dir='ltr'><strong>non</strong></span> <span class='ocrx_word' id='word_1_79' title='bbox 484 1645 742 1721; x_wconf 84' lang='lat' dir='ltr'><strong>consentitfuri,</strong></span> <span class='ocrx_word' id='word_1_80' title='bbox 760 1643 1151 1726; x_wconf 83' lang='lat' dir='ltr'><strong>cumomittatdetegere</strong></span> <span class='ocrx_word' id='word_1_81' title='bbox 1167 1659 1352 1727; x_wconf 80' lang='lat' dir='ltr'><strong>personam</strong></span> 
     </span>
     <span class='ocr_line' id='line_1_11' title="bbox 171 1750 1351 1836; baseline -0.003 -18"><span class='ocrx_word' id='word_1_82' title='bbox 171 1752 267 1830; x_wconf 86' lang='lat' dir='ltr'><strong>iuris,</strong></span> <span class='ocrx_word' id='word_1_83' title='bbox 282 1771 353 1818; x_wconf 93' lang='lat' dir='ltr'><strong>non</strong></span> <span class='ocrx_word' id='word_1_84' title='bbox 368 1759 405 1817; x_wconf 91' lang='lat' dir='ltr'><strong>ut</strong></span> <span class='ocrx_word' id='word_1_85' title='bbox 419 1754 573 1818; x_wconf 80' lang='lat' dir='ltr'><strong>favorem</strong></span> <span class='ocrx_word' id='word_1_86' title='bbox 595 1753 626 1816; x_wconf 89' lang='lat' dir='ltr'><strong>ei</strong></span> <span class='ocrx_word' id='word_1_87' title='bbox 647 1757 787 1836; x_wconf 86' lang='lat' dir='ltr'><strong>praeatet</strong></span> <span class='ocrx_word' id='word_1_88' title='bbox 809 1751 846 1815; x_wconf 93' lang='lat' dir='ltr'><strong>in</strong></span> <span class='ocrx_word' id='word_1_89' title='bbox 863 1753 966 1826; x_wconf 79' lang='lat' dir='ltr'><strong>furto,</strong></span> <span class='ocrx_word' id='word_1_90' title='bbox 983 1750 1043 1816; x_wconf 87' lang='lat' dir='ltr'><strong>sed</strong></span> <span class='ocrx_word' id='word_1_91' title='bbox 1064 1751 1143 1836; x_wconf 90' lang='lat' dir='ltr'><strong>quia</strong></span> <span class='ocrx_word' id='word_1_92' title='bbox 1163 1753 1262 1816; x_wconf 89' lang='lat' dir='ltr'><strong>timet</strong></span> <span class='ocrx_word' id='word_1_93' title='bbox 1277 1753 1351 1834; x_wconf 88' lang='lat' dir='ltr'><strong>ejus</strong></span> 
     </span>
     <span class='ocr_line' id='line_1_12' title="bbox 172 1861 1352 1946; baseline -0.001 -21"><span class='ocrx_word' id='word_1_94' title='bbox 172 1861 375 1946; x_wconf 88' lang='lat' dir='ltr'><strong>supplicium</strong></span> <span class='ocrx_word' id='word_1_95' title='bbox 389 1867 594 1946; x_wconf 80' lang='lat' dir='ltr'><strong>autptsnam</strong></span> <span class='ocrx_word' id='word_1_96' title='bbox 606 1879 758 1942; x_wconf 76' lang='lat' dir='ltr'><strong>gravem.</strong></span> <span class='ocrx_word' id='word_1_97' title='bbox 769 1861 896 1925; x_wconf 87' lang='lat' dir='ltr'><strong>Tamen</strong></span> <span class='ocrx_word' id='word_1_98' title='bbox 907 1861 935 1924; x_wconf 90' lang='lat' dir='ltr'><strong>si</strong></span> <span class='ocrx_word' id='word_1_99' title='bbox 944 1866 1153 1944; x_wconf 76' lang='lat' dir='ltr'><strong>praeceptum</strong></span> <span class='ocrx_word' id='word_1_100' title='bbox 1167 1861 1352 1944; x_wconf 86' lang='lat' dir='ltr'><strong>superioris</strong></span> 
     </span>
     <span class='ocr_line' id='line_1_13' title="bbox 171 1968 1350 2054; baseline -0.001 -20"><span class='ocrx_word' id='word_1_101' title='bbox 171 1975 231 2034; x_wconf 90' lang='lat' dir='ltr'><strong>aut</strong></span> <span class='ocrx_word' id='word_1_102' title='bbox 249 1970 393 2035; x_wconf 85' lang='lat' dir='ltr'><strong>charitas</strong></span> <span class='ocrx_word' id='word_1_103' title='bbox 413 1971 560 2054; x_wconf 87' lang='lat' dir='ltr'><strong>proximi</strong></span> <span class='ocrx_word' id='word_1_104' title='bbox 579 1970 623 2034; x_wconf 90' lang='lat' dir='ltr'><strong>ad</strong></span> <span class='ocrx_word' id='word_1_105' title='bbox 644 1987 826 2052; x_wconf 90' lang='lat' dir='ltr'><strong>personam</strong></span> <span class='ocrx_word' id='word_1_106' title='bbox 843 1970 928 2034; x_wconf 80' lang='lat' dir='ltr'><strong>suris</strong></span> <span class='ocrx_word' id='word_1_107' title='bbox 951 1968 1181 2051; x_wconf 80' lang='lat' dir='ltr'><strong>detegendam</strong></span> <span class='ocrx_word' id='word_1_108' title='bbox 1201 1974 1350 2050; x_wconf 77' lang='lat' dir='ltr'><strong>urgeret,</strong></span> 
     </span>
     <span class='ocr_line' id='line_1_14' title="bbox 171 2075 1352 2160; baseline 0 -18"><span class='ocrx_word' id='word_1_109' title='bbox 171 2077 282 2142; x_wconf 83' lang='lat' dir='ltr'><strong>iurem</strong></span> <span class='ocrx_word' id='word_1_110' title='bbox 295 2078 442 2142; x_wconf 90' lang='lat' dir='ltr'><strong>indicare</strong></span> <span class='ocrx_word' id='word_1_111' title='bbox 457 2082 642 2152; x_wconf 88' lang='lat' dir='ltr'><strong>teneretur,</strong></span> <span class='ocrx_word' id='word_1_112' title='bbox 661 2095 730 2140; x_wconf 91' lang='lat' dir='ltr'><strong>non</strong></span> <span class='ocrx_word' id='word_1_113' title='bbox 744 2075 861 2141; x_wconf 86' lang='lat' dir='ltr'><strong>tamen</strong></span> <span class='ocrx_word' id='word_1_114' title='bbox 878 2076 956 2158; x_wconf 81' lang='lat' dir='ltr'><strong>lege</strong></span> <span class='ocrx_word' id='word_1_115' title='bbox 968 2077 1110 2160; x_wconf 77' lang='lat' dir='ltr'><strong>justitiae</strong></span> <span class='ocrx_word' id='word_1_116' title='bbox 1126 2081 1160 2140; x_wconf 89' lang='lat' dir='ltr'><strong>et</strong></span> <span class='ocrx_word' id='word_1_117' title='bbox 1173 2077 1236 2140; x_wconf 89' lang='lat' dir='ltr'><strong>sub</strong></span> <span class='ocrx_word' id='word_1_118' title='bbox 1248 2095 1352 2160; x_wconf 86' lang='lat' dir='ltr'><strong>pmna</strong></span> 
     </span>
     <span class='ocr_line' id='line_1_15' title="bbox 170 2171 1352 2270; baseline 0 -21"><span class='ocrx_word' id='word_1_119' title='bbox 170 2185 263 2250; x_wconf 79' lang='lat' dir='ltr'><strong>furti.</strong></span> <span class='ocrx_word' id='word_1_120' title='bbox 283 2184 365 2250; x_wconf 88' lang='lat' dir='ltr'><strong>Hinc</strong></span> <span class='ocrx_word' id='word_1_121' title='bbox 389 2187 446 2270; x_wconf 88' lang='lat' dir='ltr'><strong>qui</strong></span> <span class='ocrx_word' id='word_1_122' title='bbox 470 2203 513 2249; x_wconf 78' lang='lat' dir='ltr'><strong>ex</strong></span> <span class='ocrx_word' id='word_1_123' title='bbox 534 2184 657 2259; x_wconf 84' lang='lat' dir='ltr'><strong>osticio,</strong></span> <span class='ocrx_word' id='word_1_124' title='bbox 682 2171 872 2267; x_wconf 86' lang='lat' dir='ltr'><strong>praesertim</strong></span> <span class='ocrx_word' id='word_1_125' title='bbox 891 2183 1036 2266; x_wconf 89' lang='lat' dir='ltr'><strong>publico,</strong></span> <span class='ocrx_word' id='word_1_126' title='bbox 1062 2183 1287 2266; x_wconf 78' lang='lat' dir='ltr'><strong>obstringitur</strong></span> <span class='ocrx_word' id='word_1_127' title='bbox 1308 2185 1352 2249; x_wconf 92' lang='lat' dir='ltr'><strong>ad</strong></span> 
     </span>
     <span class='ocr_line' id='line_1_16' title="bbox 171 2292 1350 2378; baseline 0.001 -22"><span class='ocrx_word' id='word_1_128' title='bbox 171 2293 426 2378; x_wconf 85' lang='lat' dir='ltr'><strong>impediendum</strong></span> <span class='ocrx_word' id='word_1_129' title='bbox 454 2295 599 2370; x_wconf 82' lang='lat' dir='ltr'><strong>turtum,</strong></span> <span class='ocrx_word' id='word_1_130' title='bbox 626 2297 762 2358; x_wconf 88' lang='lat' dir='ltr'><strong>tenetur</strong></span> <span class='ocrx_word' id='word_1_131' title='bbox 788 2294 948 2359; x_wconf 89' lang='lat' dir='ltr'><strong>indicare.</strong></span> <span class='ocrx_word' id='word_1_132' title='bbox 979 2292 1029 2358; x_wconf 91' lang='lat' dir='ltr'><strong>Ita</strong></span> <span class='ocrx_word' id='word_1_133' title='bbox 1057 2293 1162 2358; x_wconf 88' lang='lat' dir='ltr'><strong>etiam</strong></span> <span class='ocrx_word' id='word_1_134' title='bbox 1190 2292 1350 2359; x_wconf 80' lang='lat' dir='ltr'><strong>custodes</strong></span> 
     </span>
     <span class='ocr_line' id='line_1_17' title="bbox 171 2401 1351 2486; baseline 0 -20"><span class='ocrx_word' id='word_1_135' title='bbox 171 2402 355 2486; x_wconf 87' lang='lat' dir='ltr'><strong>sylvarum,</strong></span> <span class='ocrx_word' id='word_1_136' title='bbox 372 2422 544 2486; x_wconf 81' lang='lat' dir='ltr'><strong>agrorum,</strong></span> <span class='ocrx_word' id='word_1_137' title='bbox 561 2405 639 2480; x_wconf 82' lang='lat' dir='ltr'><strong>etc,</strong></span> <span class='ocrx_word' id='word_1_138' title='bbox 665 2406 699 2466; x_wconf 91' lang='lat' dir='ltr'><strong>et</strong></span> <span class='ocrx_word' id='word_1_139' title='bbox 718 2401 837 2468; x_wconf 74' lang='lat' dir='ltr'><strong>famuli</strong></span> <span class='ocrx_word' id='word_1_140' title='bbox 860 2402 1093 2468; x_wconf 87' lang='lat' dir='ltr'><strong>custodientes</strong></span> <span class='ocrx_word' id='word_1_141' title='bbox 1109 2402 1200 2468; x_wconf 90' lang='lat' dir='ltr'><strong>bona</strong></span> <span class='ocrx_word' id='word_1_142' title='bbox 1222 2401 1351 2468; x_wconf 87' lang='lat' dir='ltr'><strong>domiui</strong></span> 
     </span>
     <span class='ocr_line' id='line_1_18' title="bbox 169 2509 532 2594; baseline 0.006 -20"><span class='ocrx_word' id='word_1_143' title='bbox 169 2509 213 2592; x_wconf 90' lang='lat' dir='ltr'><strong>(S.</strong></span> <span class='ocrx_word' id='word_1_144' title='bbox 232 2512 314 2594; x_wconf 66' lang='lat' dir='ltr'><strong>big„</strong></span> <span class='ocrx_word' id='word_1_145' title='bbox 331 2510 385 2588; x_wconf 88' lang='grc' dir='ltr'><strong>ΙΙΙ,</strong></span> <span class='ocrx_word' id='word_1_146' title='bbox 403 2530 437 2576; x_wconf 92' lang='lat' dir='ltr'><strong>n.</strong></span> <span class='ocrx_word' id='word_1_147' title='bbox 450 2513 532 2593; x_wconf 79' lang='lat' dir='ltr'><strong>ata).</strong></span> 
     </span>
    </p>

    <p class='ocr_par' dir='ltr' id='par_1_4' title="bbox 171 2619 1351 2902">
     <span class='ocr_line' id='line_1_19' title="bbox 209 2619 1349 2706; baseline -0.001 -22"><span class='ocrx_word' id='word_1_148' title='bbox 209 2621 242 2684; x_wconf 50' lang='grc' dir='ltr'><strong>θ’</strong></span> <span class='ocrx_word' id='word_1_149' title='bbox 262 2619 324 2698; x_wconf 86' lang='lat' dir='ltr'><strong>Qui</strong></span> <span class='ocrx_word' id='word_1_150' title='bbox 347 2619 524 2685; x_wconf 84' lang='lat' dir='ltr'><strong>bonafide</strong></span> <span class='ocrx_word' id='word_1_151' title='bbox 554 2621 675 2706; x_wconf 89' lang='lat' dir='ltr'><strong>accipit</strong></span> <span class='ocrx_word' id='word_1_152' title='bbox 696 2619 752 2684; x_wconf 88' lang='lat' dir='ltr'><strong>vel</strong></span> <span class='ocrx_word' id='word_1_153' title='bbox 777 2619 907 2685; x_wconf 85' lang='lat' dir='ltr'><strong>detinet</strong></span> <span class='ocrx_word' id='word_1_154' title='bbox 934 2619 1096 2696; x_wconf 85' lang='lat' dir='ltr'><strong>alianum,</strong></span> <span class='ocrx_word' id='word_1_155' title='bbox 1123 2625 1247 2704; x_wconf 85' lang='lat' dir='ltr'><strong>putans</strong></span> <span class='ocrx_word' id='word_1_156' title='bbox 1273 2637 1349 2684; x_wconf 90' lang='lat' dir='ltr'><strong>esse</strong></span> 
     </span>
     <span class='ocr_line' id='line_1_20' title="bbox 171 2728 1351 2806; baseline 0.002 -14"><span class='ocrx_word' id='word_1_157' title='bbox 171 2747 283 2805; x_wconf 92' lang='lat' dir='ltr'><strong>suum,</strong></span> <span class='ocrx_word' id='word_1_158' title='bbox 308 2746 379 2794; x_wconf 91' lang='lat' dir='ltr'><strong>non</strong></span> <span class='ocrx_word' id='word_1_159' title='bbox 398 2729 581 2796; x_wconf 87' lang='lat' dir='ltr'><strong>committit</strong></span> <span class='ocrx_word' id='word_1_160' title='bbox 600 2731 754 2806; x_wconf 76' lang='lat' dir='ltr'><strong>turtum3</strong></span> <span class='ocrx_word' id='word_1_161' title='bbox 790 2728 887 2794; x_wconf 87' lang='lat' dir='ltr'><strong>deest</strong></span> <span class='ocrx_word' id='word_1_162' title='bbox 912 2728 1004 2792; x_wconf 90' lang='lat' dir='ltr'><strong>enim</strong></span> <span class='ocrx_word' id='word_1_163' title='bbox 1029 2728 1246 2796; x_wconf 77' lang='lat' dir='ltr'><strong>fraudulenta</strong></span> <span class='ocrx_word' id='word_1_164' title='bbox 1272 2747 1351 2794; x_wconf 91' lang='lat' dir='ltr'><strong>cun-</strong></span> 
     </span>
     <span class='ocr_line' id='line_1_21' title="bbox 172 2838 338 2902; baseline -0.018 0"><span class='ocrx_word' id='word_1_165' title='bbox 172 2838 338 2902; x_wconf 87' lang='lat' dir='ltr'><strong>tractatio.</strong></span> 
     </span>
    </p>

    <p class='ocr_par' dir='ltr' id='par_1_5' title="bbox 168 2947 1354 3233">
     <span class='ocr_line' id='line_1_22' title="bbox 210 2947 1354 3032; baseline 0.004 -22"><span class='ocrx_word' id='word_1_166' title='bbox 210 2947 283 3026; x_wconf 84' lang='lat' dir='ltr'><strong>Qui,</strong></span> <span class='ocrx_word' id='word_1_167' title='bbox 296 2947 436 3014; x_wconf 92' lang='lat' dir='ltr'><strong>domino</strong></span> <span class='ocrx_word' id='word_1_168' title='bbox 452 2967 611 3032; x_wconf 83' lang='lat' dir='ltr'><strong>expresse</strong></span> <span class='ocrx_word' id='word_1_169' title='bbox 627 2949 683 3013; x_wconf 85' lang='lat' dir='ltr'><strong>vel</strong></span> <span class='ocrx_word' id='word_1_170' title='bbox 704 2949 803 3014; x_wconf 90' lang='lat' dir='ltr'><strong>tacite</strong></span> <span class='ocrx_word' id='word_1_171' title='bbox 821 2949 1069 3026; x_wconf 84' lang='lat' dir='ltr'><strong>consentiente,</strong></span> <span class='ocrx_word' id='word_1_172' title='bbox 1092 2967 1166 3012; x_wconf 91' lang='lat' dir='ltr'><strong>rem</strong></span> <span class='ocrx_word' id='word_1_173' title='bbox 1180 2950 1272 3014; x_wconf 88' lang='lat' dir='ltr'><strong>illius</strong></span> <span class='ocrx_word' id='word_1_174' title='bbox 1294 2969 1354 3015; x_wconf 88' lang='lat' dir='ltr'><strong>au·</strong></span> 
     </span>
     <span class='ocr_line' id='line_1_23' title="bbox 168 3053 1352 3140; baseline 0.004 -23"><span class='ocrx_word' id='word_1_175' title='bbox 168 3053 244 3130; x_wconf 84' lang='lat' dir='ltr'><strong>sert,</strong></span> <span class='ocrx_word' id='word_1_176' title='bbox 260 3073 332 3119; x_wconf 90' lang='lat' dir='ltr'><strong>non</strong></span> <span class='ocrx_word' id='word_1_177' title='bbox 345 3061 397 3119; x_wconf 91' lang='lat' dir='ltr'><strong>est</strong></span> <span class='ocrx_word' id='word_1_178' title='bbox 411 3075 490 3120; x_wconf 91' lang='lat' dir='ltr'><strong>rens</strong></span> <span class='ocrx_word' id='word_1_179' title='bbox 504 3057 604 3134; x_wconf 88' lang='lat' dir='ltr'><strong>furti;</strong></span> <span class='ocrx_word' id='word_1_180' title='bbox 623 3075 704 3124; x_wconf 89' lang='lat' dir='ltr'><strong>nam</strong></span> <span class='ocrx_word' id='word_1_181' title='bbox 719 3056 762 3122; x_wconf 89' lang='lat' dir='ltr'><strong>ad</strong></span> <span class='ocrx_word' id='word_1_182' title='bbox 781 3056 911 3124; x_wconf 82' lang='lat' dir='ltr'><strong>furtum</strong></span> <span class='ocrx_word' id='word_1_183' title='bbox 931 3055 1124 3140; x_wconf 87' lang='lat' dir='ltr'><strong>requiritur,</strong></span> <span class='ocrx_word' id='word_1_184' title='bbox 1142 3061 1181 3121; x_wconf 90' lang='lat' dir='ltr'><strong>ut</strong></span> <span class='ocrx_word' id='word_1_185' title='bbox 1200 3062 1352 3123; x_wconf 92' lang='lat' dir='ltr'><strong>contrec-</strong></span> 
     </span>
     <span class='ocr_line' id='line_1_24' title="bbox 171 3163 812 3233; baseline 0 -3"><span class='ocrx_word' id='word_1_186' title='bbox 171 3163 251 3232; x_wconf 83' lang='lat' dir='ltr'><strong>tatio</strong></span> <span class='ocrx_word' id='word_1_187' title='bbox 266 3165 316 3231; x_wconf 88' lang='lat' dir='ltr'><strong>rei</strong></span> <span class='ocrx_word' id='word_1_188' title='bbox 331 3165 450 3230; x_wconf 76' lang='lat' dir='ltr'><strong>alienas</strong></span> <span class='ocrx_word' id='word_1_189' title='bbox 466 3165 644 3233; x_wconf 87' lang='lat' dir='ltr'><strong>tlatiuvito</strong></span> <span class='ocrx_word' id='word_1_190' title='bbox 660 3164 812 3232; x_wconf 90' lang='lat' dir='ltr'><strong>domino.</strong></span> 
     </span>
    </p>
   </div>
   <div class='ocr_carea' id='block_1_3' title="bbox 307 3365 1194 3496">
    <p class='ocr_par' dir='ltr' id='par_1_6' title="bbox 307 3365 1194 3496">
     <span class='ocr_line' id='line_1_25' title="bbox 307 3365 1194 3433; baseline -0.001 -13"><span class='ocrx_word' id='word_1_191' title='bbox 307 3367 349 3420; x_wconf 81' lang='grc' dir='ltr'><strong>ΙΙΙ.</strong></span> <span class='ocrx_word' id='word_1_192' title='bbox 364 3365 577 3433; x_wconf 73' lang='lat' dir='ltr'><strong>variasuarias</strong></span> <span class='ocrx_word' id='word_1_193' title='bbox 594 3365 662 3419; x_wconf 88' lang='lat' dir='ltr'><strong>turtt</strong></span> <span class='ocrx_word' id='word_1_194' title='bbox 680 3379 743 3432; x_wconf 82' lang='lat' dir='ltr'><strong>qua</strong></span> <span class='ocrx_word' id='word_1_195' title='bbox 758 3367 967 3420; x_wconf 86' lang='lat' dir='ltr'><strong>enumerantur</strong></span> <span class='ocrx_word' id='word_1_196' title='bbox 982 3366 1012 3419; x_wconf 87' lang='lat' dir='ltr'><strong>tn</strong></span> <span class='ocrx_word' id='word_1_197' title='bbox 1028 3368 1094 3432; x_wconf 79' lang='lat' dir='ltr'><strong>jura</strong></span> <span class='ocrx_word' id='word_1_198' title='bbox 1109 3366 1194 3432; x_wconf 84' lang='lat' dir='ltr'><strong>cirttt,</strong></span> 
     </span>
     <span class='ocr_line' id='line_1_26' title="bbox 592 3442 907 3496; baseline -0.006 0"><span class='ocrx_word' id='word_1_199' title='bbox 592 3445 719 3496; x_wconf 81' lang='lat' dir='ltr'><strong>Romano</strong></span> <span class='ocrx_word' id='word_1_200' title='bbox 732 3443 778 3496; x_wconf 87' lang='lat' dir='ltr'><strong>vet</strong></span> <span class='ocrx_word' id='word_1_201' title='bbox 791 3442 907 3496; x_wconf 83' lang='lat' dir='ltr'><strong>Gallico.</strong></span> 
     </span>
    </p>
   </div>
   <div class='ocr_carea' id='block_1_4' title="bbox 166 3595 1427 4010">
    <p class='ocr_par' dir='ltr' id='par_1_7' title="bbox 166 3595 1427 4010">
     <span class='ocr_line' id='line_1_27' title="bbox 208 3595 1427 3687; baseline 0.003 -25"><span class='ocrx_word' id='word_1_202' title='bbox 208 3599 240 3662; x_wconf 83' lang='lat' dir='ltr'><strong>t·</strong></span> <span class='ocrx_word' id='word_1_203' title='bbox 254 3603 306 3663; x_wconf 92' lang='lat' dir='ltr'><strong>est</strong></span> <span class='ocrx_word' id='word_1_204' title='bbox 318 3599 442 3664; x_wconf 80' lang='lat' dir='ltr'><strong>crimea</strong></span> <span class='ocrx_word' id='word_1_205' title='bbox 456 3602 546 3684; x_wconf 75' lang='lat' dir='ltr'><strong>tiqui</strong></span> <span class='ocrx_word' id='word_1_206' title='bbox 553 3602 676 3684; x_wconf 79' lang='lat' dir='ltr'><strong>juncti,</strong></span> <span class='ocrx_word' id='word_1_207' title='bbox 700 3602 782 3668; x_wconf 91' lang='lat' dir='ltr'><strong>dum</strong></span> <span class='ocrx_word' id='word_1_208' title='bbox 805 3603 880 3687; x_wconf 90' lang='lat' dir='ltr'><strong>quis</strong></span> <span class='ocrx_word' id='word_1_209' title='bbox 897 3621 940 3667; x_wconf 86' lang='lat' dir='ltr'><strong>ex</strong></span> <span class='ocrx_word' id='word_1_210' title='bbox 954 3603 1066 3668; x_wconf 91' lang='lat' dir='ltr'><strong>alieno</strong></span> <span class='ocrx_word' id='word_1_211' title='bbox 1082 3603 1188 3685; x_wconf 80' lang='lat' dir='ltr'><strong>tigno,</strong></span> <span class='ocrx_word' id='word_1_212' title='bbox 1214 3603 1286 3668; x_wconf 86' lang='lat' dir='ltr'><strong>sive</strong></span> <span class='ocrx_word' id='word_1_213' title='bbox 1303 3595 1346 3668; x_wconf 83' lang='lat' dir='ltr'><strong>ex&#39;</strong></span> <span class='ocrx_word' id='word_1_214' title='bbox 1425 3641 1427 3646; x_wconf 67' lang='lat'><strong>,</strong></span> 
     </span>
     <span class='ocr_line' id='line_1_28' title="bbox 167 3704 1344 3795; baseline 0.004 -24"><span class='ocrx_word' id='word_1_215' title='bbox 167 3704 279 3771; x_wconf 79' lang='lat' dir='ltr'><strong>ebena</strong></span> <span class='ocrx_word' id='word_1_216' title='bbox 299 3708 441 3773; x_wconf 88' lang='lat' dir='ltr'><strong>materia</strong></span> <span class='ocrx_word' id='word_1_217' title='bbox 461 3709 605 3775; x_wconf 78' lang='lat' dir='ltr'><strong>adiuret</strong></span> <span class='ocrx_word' id='word_1_218' title='bbox 621 3731 628 3773; x_wconf 94' lang='lat'>:</span> <span class='ocrx_word' id='word_1_219' title='bbox 645 3730 678 3775; x_wconf 85' lang='lat' dir='ltr'><strong>v.</strong></span> <span class='ocrx_word' id='word_1_220' title='bbox 695 3729 729 3792; x_wconf 82' lang='lat' dir='ltr'><strong>g.</strong></span> <span class='ocrx_word' id='word_1_221' title='bbox 746 3711 774 3774; x_wconf 90' lang='lat' dir='ltr'><strong>ai</strong></span> <span class='ocrx_word' id='word_1_222' title='bbox 789 3729 849 3795; x_wconf 86' lang='lat' dir='ltr'><strong>pro</strong></span> <span class='ocrx_word' id='word_1_223' title='bbox 862 3710 1016 3787; x_wconf 85' lang='lat' dir='ltr'><strong>aediflcio‚</strong></span> <span class='ocrx_word' id='word_1_224' title='bbox 1034 3711 1192 3776; x_wconf 88' lang='lat' dir='ltr'><strong>adhibeat</strong></span> <span class='ocrx_word' id='word_1_225' title='bbox 1213 3711 1344 3776; x_wconf 87' lang='lat' dir='ltr'><strong>alienos</strong></span> 
     </span>
     <span class='ocr_line' id='line_1_29' title="bbox 166 3812 1342 3902; baseline 0.002 -24"><span class='ocrx_word' id='word_1_226' title='bbox 166 3812 305 3897; x_wconf 87' lang='lat' dir='ltr'><strong>lapidas,</strong></span> <span class='ocrx_word' id='word_1_227' title='bbox 323 3835 473 3894; x_wconf 89' lang='lat' dir='ltr'><strong>arenam,</strong></span> <span class='ocrx_word' id='word_1_228' title='bbox 491 3821 613 3896; x_wconf 86' lang='lat' dir='ltr'><strong>trabes,</strong></span> <span class='ocrx_word' id='word_1_229' title='bbox 631 3825 694 3885; x_wconf 90' lang='lat' dir='ltr'><strong>etc.</strong></span> <span class='ocrx_word' id='word_1_230' title='bbox 710 3819 852 3886; x_wconf 89' lang='lat' dir='ltr'><strong>Nomine</strong></span> <span class='ocrx_word' id='word_1_231' title='bbox 868 3821 954 3902; x_wconf 81' lang='lat' dir='ltr'><strong>tigni</strong></span> <span class='ocrx_word' id='word_1_232' title='bbox 965 3821 1110 3886; x_wconf 90' lang='lat' dir='ltr'><strong>veniunt</strong></span> <span class='ocrx_word' id='word_1_233' title='bbox 1129 3822 1202 3885; x_wconf 85' lang='lat' dir='ltr'><strong>haec</strong></span> <span class='ocrx_word' id='word_1_234' title='bbox 1217 3821 1342 3884; x_wconf 89' lang='lat' dir='ltr'><strong>omnia.</strong></span> 
     </span>
     <span class='ocr_line' id='line_1_30' title="bbox 167 3922 1348 4010; baseline 0.003 -24"><span class='ocrx_word' id='word_1_235' title='bbox 167 3922 229 3999; x_wconf 86' lang='lat' dir='ltr'><strong>Qui</strong></span> <span class='ocrx_word' id='word_1_236' title='bbox 245 3941 327 4005; x_wconf 81' lang='lat' dir='ltr'><strong>crgo</strong></span> <span class='ocrx_word' id='word_1_237' title='bbox 343 3923 489 3989; x_wconf 78' lang='lat' dir='ltr'><strong>scienter</strong></span> <span class='ocrx_word' id='word_1_238' title='bbox 503 3931 537 3990; x_wconf 93' lang='lat' dir='ltr'><strong>et</strong></span> <span class='ocrx_word' id='word_1_239' title='bbox 550 3926 640 3992; x_wconf 85' lang='lat' dir='ltr'><strong>mala</strong></span> <span class='ocrx_word' id='word_1_240' title='bbox 653 3927 720 3991; x_wconf 90' lang='lat' dir='ltr'><strong>ssde</strong></span> <span class='ocrx_word' id='word_1_241' title='bbox 733 3929 897 4010; x_wconf 85' lang='lat' dir='ltr'><strong>junxerat</strong></span> <span class='ocrx_word' id='word_1_242' title='bbox 912 3928 1047 4009; x_wconf 81' lang='lat' dir='ltr'><strong>tignum</strong></span> <span class='ocrx_word' id='word_1_243' title='bbox 1062 3928 1224 4004; x_wconf 88' lang='lat' dir='ltr'><strong>alienum,</strong></span> <span class='ocrx_word' id='word_1_244' title='bbox 1252 3933 1348 3991; x_wconf 86' lang='lat' dir='ltr'><strong>tene-</strong></span> 
     </span>
    </p>
   </div>
   <div class='ocr_carea' id='block_1_5' title="bbox 164 4031 1346 4883">
    <p class='ocr_par' dir='ltr' id='par_1_8' title="bbox 164 4031 1345 4222">
     <span class='ocr_line' id='line_1_31' title="bbox 166 4031 1345 4119; baseline 0.003 -25"><span class='ocrx_word' id='word_1_245' title='bbox 166 4031 266 4096; x_wconf 87' lang='lat' dir='ltr'><strong>batur</strong></span> <span class='ocrx_word' id='word_1_246' title='bbox 283 4033 416 4098; x_wconf 89' lang='lat' dir='ltr'><strong>actione</strong></span> <span class='ocrx_word' id='word_1_247' title='bbox 435 4035 471 4098; x_wconf 94' lang='lat' dir='ltr'><strong>in</strong></span> <span class='ocrx_word' id='word_1_248' title='bbox 493 4033 644 4118; x_wconf 88' lang='lat' dir='ltr'><strong>duplum.</strong></span> <span class='ocrx_word' id='word_1_249' title='bbox 664 4034 739 4101; x_wconf 90' lang='lat' dir='ltr'><strong>Non</strong></span> <span class='ocrx_word' id='word_1_250' title='bbox 755 4035 1000 4101; x_wconf 88' lang='lat' dir='ltr'><strong>restituebatur</strong></span> <span class='ocrx_word' id='word_1_251' title='bbox 1027 4037 1173 4119; x_wconf 80' lang='lat' dir='ltr'><strong>tignum,</strong></span> <span class='ocrx_word' id='word_1_252' title='bbox 1192 4035 1252 4100; x_wconf 87' lang='lat' dir='ltr'><strong>sed</strong></span> <span class='ocrx_word' id='word_1_253' title='bbox 1270 4037 1345 4117; x_wconf 88' lang='lat' dir='ltr'><strong>ejus</strong></span> 
     </span>
     <span class='ocr_line' id='line_1_32' title="bbox 164 4139 532 4222; baseline 0.011 -20"><span class='ocrx_word' id='word_1_254' title='bbox 164 4139 312 4222; x_wconf 87' lang='lat' dir='ltr'><strong>pretium</strong></span> <span class='ocrx_word' id='word_1_255' title='bbox 327 4142 532 4208; x_wconf 86' lang='lat' dir='ltr'><strong>solvebatur.</strong></span> 
     </span>
    </p>

    <p class='ocr_par' dir='ltr' id='par_1_9' title="bbox 165 4247 1346 4659">
     <span class='ocr_line' id='line_1_33' title="bbox 205 4247 1345 4338; baseline 0.004 -26"><span class='ocrx_word' id='word_1_256' title='bbox 205 4247 237 4312; x_wconf 63' lang='lat'><strong>⁹2⁰</strong></span> <span class='ocrx_word' id='word_1_257' title='bbox 256 4248 391 4316; x_wconf 83' lang='lat' dir='ltr'><strong>Crimen</strong></span> <span class='ocrx_word' id='word_1_258' title='bbox 406 4252 440 4313; x_wconf 86' lang='lat' dir='ltr'><strong>r&#39;n</strong></span> <span class='ocrx_word' id='word_1_259' title='bbox 455 4251 688 4316; x_wconf 69' lang='lat' dir='ltr'><strong>hereditatem</strong></span> <span class='ocrx_word' id='word_1_260' title='bbox 705 4253 982 4318; x_wconf 89' lang='lat' dir='ltr'><strong>committebatur</strong></span> <span class='ocrx_word' id='word_1_261' title='bbox 1001 4271 1021 4317; x_wconf 90' lang='lat' dir='ltr'><strong>a</strong></span> <span class='ocrx_word' id='word_1_262' title='bbox 1042 4271 1142 4318; x_wconf 88' lang='lat' dir='ltr'><strong>servo</strong></span> <span class='ocrx_word' id='word_1_263' title='bbox 1165 4255 1222 4338; x_wconf 88' lang='lat' dir='ltr'><strong>qui</strong></span> <span class='ocrx_word' id='word_1_264' title='bbox 1247 4257 1345 4318; x_wconf 88' lang='lat' dir='ltr'><strong>testa-</strong></span> 
     </span>
     <span class='ocr_line' id='line_1_34' title="bbox 165 4357 1345 4444; baseline 0.004 -26"><span class='ocrx_word' id='word_1_265' title='bbox 165 4361 283 4420; x_wconf 88' lang='lat' dir='ltr'><strong>mento</strong></span> <span class='ocrx_word' id='word_1_266' title='bbox 297 4357 384 4421; x_wconf 88' lang='lat' dir='ltr'><strong>liber</strong></span> <span class='ocrx_word' id='word_1_267' title='bbox 399 4377 473 4422; x_wconf 88' lang='lat' dir='ltr'><strong>esse</strong></span> <span class='ocrx_word' id='word_1_268' title='bbox 485 4359 682 4441; x_wconf 88' lang='lat' dir='ltr'><strong>jubebatur,</strong></span> <span class='ocrx_word' id='word_1_269' title='bbox 697 4361 724 4424; x_wconf 93' lang='lat' dir='ltr'><strong>si</strong></span> <span class='ocrx_word' id='word_1_270' title='bbox 740 4360 821 4443; x_wconf 91' lang='lat' dir='ltr'><strong>quid</strong></span> <span class='ocrx_word' id='word_1_271' title='bbox 837 4361 914 4426; x_wconf 88' lang='lat' dir='ltr'><strong>doio</strong></span> <span class='ocrx_word' id='word_1_272' title='bbox 934 4360 1024 4425; x_wconf 85' lang='lat' dir='ltr'><strong>mato</strong></span> <span class='ocrx_word' id='word_1_273' title='bbox 1040 4360 1096 4424; x_wconf 88' lang='lat' dir='ltr'><strong>vel</strong></span> <span class='ocrx_word' id='word_1_274' title='bbox 1110 4360 1209 4444; x_wconf 89' lang='lat' dir='ltr'><strong>culpa</strong></span> <span class='ocrx_word' id='word_1_275' title='bbox 1220 4359 1289 4425; x_wconf 90' lang='lat' dir='ltr'><strong>lata</strong></span> <span class='ocrx_word' id='word_1_276' title='bbox 1302 4379 1345 4424; x_wconf 85' lang='lat' dir='ltr'><strong>ex</strong></span> 
     </span>
     <span class='ocr_line' id='line_1_35' title="bbox 165 4463 1346 4552; baseline 0.004 -26"><span class='ocrx_word' id='word_1_277' title='bbox 165 4463 362 4529; x_wconf 74' lang='lat' dir='ltr'><strong>hereditate</strong></span> <span class='ocrx_word' id='word_1_278' title='bbox 384 4466 586 4549; x_wconf 89' lang='lat' dir='ltr'><strong>surripiebat</strong></span> <span class='ocrx_word' id='word_1_279' title='bbox 605 4466 661 4531; x_wconf 85' lang='lat' dir='ltr'><strong>vel</strong></span> <span class='ocrx_word' id='word_1_280' title='bbox 683 4469 940 4552; x_wconf 87' lang='lat' dir='ltr'><strong>corrumpebat;</strong></span> <span class='ocrx_word' id='word_1_281' title='bbox 970 4469 1151 4535; x_wconf 90' lang='lat' dir='ltr'><strong>tenebatur</strong></span> <span class='ocrx_word' id='word_1_282' title='bbox 1169 4467 1273 4532; x_wconf 90' lang='lat' dir='ltr'><strong>etiam</strong></span> <span class='ocrx_word' id='word_1_283' title='bbox 1292 4485 1346 4532; x_wconf 91' lang='lat' dir='ltr'><strong>ac-</strong></span> 
     </span>
     <span class='ocr_line' id='line_1_36' title="bbox 167 4569 648 4659; baseline 0.012 -26"><span class='ocrx_word' id='word_1_284' title='bbox 167 4569 258 4636; x_wconf 90' lang='lat' dir='ltr'><strong>tione</strong></span> <span class='ocrx_word' id='word_1_285' title='bbox 273 4575 428 4655; x_wconf 82' lang='lat' dir='ltr'><strong>praetcris</strong></span> <span class='ocrx_word' id='word_1_286' title='bbox 445 4575 480 4638; x_wconf 92' lang='lat' dir='ltr'><strong>in</strong></span> <span class='ocrx_word' id='word_1_287' title='bbox 496 4574 648 4659; x_wconf 90' lang='lat' dir='ltr'><strong>duplum.</strong></span> 
     </span>
    </p>

    <p class='ocr_par' dir='ltr' id='par_1_10' title="bbox 166 4679 1344 4883">
     <span class='ocr_line' id='line_1_37' title="bbox 205 4679 1344 4770; baseline 0.006 -28"><span class='ocrx_word' id='word_1_288' title='bbox 205 4679 237 4742; x_wconf 72' lang='grc' dir='ltr'><strong>3ο</strong></span> <span class='ocrx_word' id='word_1_289' title='bbox 252 4679 420 4748; x_wconf 75' lang='lat' dir='ltr'><strong>Arborum</strong></span> <span class='ocrx_word' id='word_1_290' title='bbox 434 4683 556 4765; x_wconf 80' lang='lat' dir='ltr'><strong>furtim</strong></span> <span class='ocrx_word' id='word_1_291' title='bbox 580 4702 742 4750; x_wconf 72' lang='lat' dir='ltr'><strong>casarum</strong></span> <span class='ocrx_word' id='word_1_292' title='bbox 760 4688 890 4753; x_wconf 89' lang='lat' dir='ltr'><strong>crimen</strong></span> <span class='ocrx_word' id='word_1_293' title='bbox 904 4685 1139 4765; x_wconf 88' lang='lat' dir='ltr'><strong>committitur,</strong></span> <span class='ocrx_word' id='word_1_294' title='bbox 1166 4686 1248 4752; x_wconf 92' lang='lat' dir='ltr'><strong>dum</strong></span> <span class='ocrx_word' id='word_1_295' title='bbox 1268 4685 1344 4770; x_wconf 86' lang='lat' dir='ltr'><strong>quis</strong></span> 
     </span>
     <span class='ocr_line' id='line_1_38' title="bbox 166 4783 1343 4883; baseline 0.01 -33"><span class='ocrx_word' id='word_1_296' title='bbox 166 4783 264 4868; x_wconf 92' lang='lat' dir='ltr'><strong>clam,</strong></span> <span class='ocrx_word' id='word_1_297' title='bbox 289 4789 469 4874; x_wconf 81' lang='lat' dir='ltr'><strong>ignorante</strong></span> <span class='ocrx_word' id='word_1_298' title='bbox 492 4791 644 4876; x_wconf 89' lang='lat' dir='ltr'><strong>domino,</strong></span> <span class='ocrx_word' id='word_1_299' title='bbox 665 4797 804 4867; x_wconf 85' lang='lat' dir='ltr'><strong>arbores</strong></span> <span class='ocrx_word' id='word_1_300' title='bbox 826 4797 936 4879; x_wconf 75' lang='lat' dir='ltr'><strong>ceedn,</strong></span> <span class='ocrx_word' id='word_1_301' title='bbox 953 4794 1129 4883; x_wconf 77' lang='lat' dir='ltr'><strong>deglabrat</strong></span> <span class='ocrx_word' id='word_1_302' title='bbox 1149 4799 1209 4866; x_wconf 89' lang='lat' dir='ltr'><strong>aut</strong></span> <span class='ocrx_word' id='word_1_303' title='bbox 1228 4793 1343 4862; x_wconf 88' lang='lat' dir='ltr'><strong>decor·</strong></span> 
     </span>
    </p>
   </div>
   <div class='ocr_carea' id='block_1_6' title="bbox 0 0 1710 5570">
    <p class='ocr_par' dir='ltr' id='par_1_11' title="bbox 0 0 1710 5570">
     <span class='ocr_line' id='line_1_39' title="bbox 0 0 1710 5570; baseline 0 1"><span class='ocrx_word' id='word_1_304' title='bbox 0 0 1710 5570; x_wconf 95' lang='lat' dir='ltr'><strong> </strong></span> 
     </span>
    </p>
   </div>
  </div>
 </body>
</html>
