3500 5552
543 627 631 673 erasa
652 627 777 682 ocurras
797 627 1019 675 necessariora.
1043 635 1049 646 ·
1313 615 1373 678 585

244 745 370 810 Dicitur
380 747 410 809 l⁰
423 745 663 829 sacrosacris
676 749 835 810 censurat
849 750 883 810 et
895 745 1034 827 corrigit
1046 745 1241 812 rebellaret
1254 755 1372 815 contu-

204 853 1031 938 macasprivationcbonorumecclesiasticorum.
1390 935 1396 946 ⁸

244 963 278 1029 Si
301 963 482 1048 aliquando
505 982 575 1029 non
599 969 651 1030 est
675 964 884 1030 medicinalis
909 964 1021 1050 quoad
1042 967 1372 1033 excommunicatum

204 1074 262 1158 qni
274 1090 345 1137 suae
361 1072 609 1138 emendationis
624 1092 719 1158 spem
734 1091 802 1140 non
816 1073 918 1152 dedit,
936 1078 1117 1138 esttamen
1132 1077 1373 1160 praeservativa

204 1179 363 1270 aliorum,
383 1180 441 1264 qui
464 1199 562 1246 secus
586 1183 791 1248 commercio
815 1182 1098 1249 excommunicati
1120 1185 1311 1267 potuissent
1330 1185 1372 1250 ad

203 1288 333 1354 mulum
348 1288 486 1374 impelli.

243 1399 370 1488 Dicitur
397 1399 428 1462 θ’
450 1398 493 1462 od
512 1397 661 1466 Ecclesia
689 1401 855 1479 instituto,
886 1401 964 1484 quia
992 1399 1297 1465 excommunicatio
1322 1404 1374 1465 eat

203 1523 306 1590 prena
320 1505 556 1583 ecclesiastica,
570 1524 631 1571 san
645 1507 867 1572 institutionis
882 1507 1126 1573 ecclesiasticae.
1139 1508 1266 1572 Dicitur
1279 1509 1312 1572 3⁰
1325 1527 1374 1572 sc-

199 1634 330 1700 porons
344 1617 667 1682 recommandatam
679 1636 701 1680 a
711 1617 943 1680 communione
952 1615 1125 1697 fidelium·
1137 1601 1185 1680 sic
1200 1615 1373 1698 distingui-

206 1729 260 1788 tur
276 1721 579 1788 excommunicatio
599 1723 641 1788 ab
655 1722 729 1788 aliis
743 1723 895 1788 censuris
911 1721 1155 1799 ecclesiasticis,
1174 1727 1208 1788 et
1226 1723 1302 1788 ideo
1322 1728 1375 1788 est

205 1829 394 1898 differentia
409 1829 564 1913 specifica
578 1831 612 1894 in
628 1830 835 1896 delinitione.
853 1831 934 1907 Quas
949 1829 1018 1894 sint
1030 1830 1087 1895 illa
1097 1831 1187 1896 bona
1201 1831 1236 1894 in
1252 1832 1374 1915 quihus

205 1937 322 2004 tldales
344 1937 598 2004 communicant
619 1939 709 2002 inter
732 1957 779 2016 se,
795 1941 868 2021 jam
890 1937 1017 2002 dictum
1033 1942 1085 2002 est
1098 1941 1216 2015 antea;
1241 1956 1374 2004 excom-

204 2045 387 2112 municatio
402 2063 472 2112 non
486 2046 596 2129 privat
610 2045 708 2112 bonis
722 2046 876 2123 internis,
893 2045 953 2111 sed
972 2050 1103 2112 tanturn
1121 2064 1206 2130 pure
1224 2048 1374 2112 externis

206 2159 241 2219 et
253 2153 378 2218 mixtis.

245 2261 554 2328 Excommunioatio
582 2265 635 2327 cst
664 2261 818 2325 omnium
850 2278 1032 2344 poenarurn
1070 2260 1374 2328 ecclesiasticarum

204 2371 412 2454 gravissima,
433 2373 473 2433 ut
490 2387 650 2452 expresse
666 2368 836 2434 declarant
856 2367 1057 2434 Goeleatinus
1071 2368 1114 2432 lll
1126 2371 1165 2452 (c.
1183 2369 1222 2435 ll
1235 2371 1268 2434 h.
1286 2371 1323 2454 t.)
1341 2377 1376 2436 et

204 2497 298 2546 conc.
315 2478 460 2544 Trident.
476 2481 513 2561 (s.
528 2477 577 2553 td,
595 2496 624 2541 c.
640 2478 670 2553 3,
683 2476 725 2541 de
736 2475 910 2559 Reform).
923 2476 1056 2542 Etenim
1065 2478 1138 2542 haec
1150 2496 1294 2544 censura
1308 2481 1374 2562 pri-

204 2593 262 2654 vat
276 2587 434 2652 maximis
448 2586 547 2651 bonis
563 2583 802 2669 spiritualibus.

245 2687 273 2780 b)
289 2695 456 2760 Dividitur
469 2696 501 2758 1⁰
513 2694 547 2758 in
559 2694 701 2775 jartam,
712 2711 787 2776 quae
800 2711 820 2757 a
831 2693 945 2777 judice
960 2692 1113 2775 legitimo
1124 2697 1226 2778 justis
1241 2695 1283 2760 de
1297 2715 1376 2761 cau-

199 2807 261 2882 sis,
271 2808 405 2868 servato
417 2802 505 2887 juris
518 2800 809 2876 ordinainlertur,
820 2803 854 2863 et
867 2800 1042 2881 injustam,
1052 2801 1106 2866 cui
1119 2802 1376 2886 aliquidhorum

204 2912 310 2977 deest.
326 2910 454 2994 lnjusta
468 2907 693 2973 subdividitur
707 2907 741 2968 in
752 2904 898 2970 validam
916 2911 949 2970 et
965 2907 1167 2972 invalidam:
1184 2910 1300 2974 valida
1311 2917 1372 2988 est,

206 3017 360 3103 quamvis
375 3017 514 3100 injusta,
527 3012 661 3100 quando
676 3031 747 3079 non
757 3011 890 3078 laborat
904 3014 1036 3079 delectu
1053 3015 1282 3094 substantiali;
1296 3022 1335 3082 nt
1347 3019 1375 3083 si

206 3133 338 3192 tantum
358 3125 406 3190 illi
421 3125 509 3190 desit
527 3122 779 3188 circumstantia
797 3122 901 3186 debiti
918 3123 996 3186 ssnis
1011 3122 1066 3188 vel
1082 3124 1237 3206 quaedam
1255 3126 1375 3191 solem-

205 3238 293 3302 nitas
304 3235 534 3311 accidentalis;
550 3234 702 3299 invalida
716 3238 778 3310 est,
789 3233 925 3317 quando
937 3233 1069 3298 nullum
1083 3235 1242 3300 effectum
1256 3236 1373 3310 habet,

205 3364 268 3410 nec
282 3343 492 3427 obligataln
508 3341 689 3428 aliquando
704 3341 835 3406 ratione
847 3341 1005 3418 scandali,
1017 3347 1054 3406 ut
1067 3342 1145 3426 quia
1155 3343 1262 3408 fertur
1274 3362 1293 3408 a
1306 3362 1375 3410 non

191 3454 350 3540 ‘habente
370 3456 584 3536 potestatem,
602 3450 657 3517 vel
677 3451 817 3535 quando
837 3451 990 3516 continet
1011 3468 1162 3516 errorem
1182 3451 1376 3518 intolerabi-

204 3561 283 3638 lem,
300 3567 363 3626 etc.

245 3670 450 3736 uniuntur
459 3671 648 3755 praesertim
658 3671 693 3733 in
703 3671 870 3752 majorem
884 3669 1105 3734 etminorem.
1118 3667 1374 3752 Majorastquse

206 3779 536 3846 excommunicatum
559 3779 670 3862 privat
693 3777 889 3861 simpliciter
913 3775 1067 3868 omnium
1094 3777 1262 3841 bonorum
1286 3777 1376 3842 inter

205 3888 322 3955 tidcles
335 3889 570 3954 communium
584 3887 851 3972 participatione.
874 3884 951 3951 llaec
965 3887 1056 3951 bona
1074 3885 1116 3951 ad
1132 3890 1278 3970 quatuor
1291 3885 1374 3950 clas-

206 4017 260 4065 ses
275 3999 426 4066 revocari
449 4002 605 4082 possunt,
631 3997 774 4064 scilicet:
797 3999 828 4061 1⁰
849 3996 892 4061 ad
907 3997 1070 4078 suffragia
1087 3996 1249 4070 fidelium,
1268 4013 1376 4060 mora·

206 4111 400 4174 mentorum
412 4125 514 4172 nsum
529 4112 564 4173 et
577 4106 660 4172 alins
671 4106 822 4172 actiones
837 4105 1048 4191 spirituales;
1064 4107 1096 4170 it
1112 4104 1154 4170 ad
1165 4103 1330 4170 beneflcio
1342 4107 1376 4168 et

207 4218 318 4284 ctflcin
332 4217 572 4295 ecclesiastica3
588 4217 620 4281 3·
629 4215 922 4292 adolllcincivilia;
937 4215 969 4280 4·
983 4214 1025 4281 ad
1035 4213 1375 4280 communicationem

206 4326 387 4411 politicam.
404 4327 461 4391 llis
476 4325 635 4392 omnibns
649 4325 747 4390 bonis
761 4324 872 4408 privat
886 4323 1190 4390 excommunicatio
1204 4325 1324 4406 major.

245 4436 555 4502 Excommunicatio
576 4435 688 4498 minor
708 4433 818 4518 privat
844 4438 976 4499 tantum
1001 4450 1063 4498 usu
1087 4437 1376 4498 sacramentorum

206 4545 342 4628 passivo
368 4562 427 4610 seu
451 4543 656 4627 receptione,
681 4547 715 4608 et
736 4542 873 4627 passiva
891 4541 1055 4607 electione
1074 4539 1117 4607 ad
1140 4540 1321 4624 dignitates
1342 4545 1376 4606 ot

207 4653 372 4728 beneficio
386 4651 622 4718 ecclesiastica.
640 4651 717 4716 llaec
731 4669 820 4735 saepe
840 4650 1050 4716 contrahitur
1070 4651 1114 4716 ob
1126 4652 1303 4732 peccatum
1319 4667 1376 4714 ve-

208 4760 307 4836 niale,
325 4760 407 4825 dum
432 4761 543 4844 maior
562 4780 630 4827 non
646 4759 856 4826 conceditur
874 4759 939 4824 nisi
956 4759 999 4823 ob
1024 4763 1200 4839 peccatum
1220 4755 1373 4832 mortale,
