3514 5564
379 436 439 503 itt
841 459 892 508 rus
912 459 1092 506 0110110111.

379 571 483 646 bibet,
509 576 682 638 contracta
712 577 828 638 1111111
846 592 917 638 101
937 574 1102 640 dissolvit.
1123 573 1268 639 Nomine
1292 573 1466 637 interdicti
1485 590 1554 638 non

379 679 537 744 venithic
548 698 704 759 censura,
717 680 759 746 de
773 681 871 766 qual.
885 682 922 758 it,
938 683 989 746 tit.
1004 684 1046 748 de
1061 681 1156 748 Seni.
1169 700 1309 756 excom,
1322 681 1383 746 sed
1393 699 1557 765 expressa

380 789 628 870 significatione
650 791 746 854 venit
767 791 823 855 hic
845 792 1029 876 prohibitio
1049 810 1117 876 qua
1135 791 1310 874 legitimus
1333 791 1490 874 superior
1512 809 1556 854 ex

377 900 470 980 Justa
496 917 599 964 causa
625 901 782 982 probibet
809 899 1074 966 celebrationem
1103 902 1334 977 matrimonii3
1363 905 1398 964 et
1421 901 1450 964 si
1477 900 1553 974 boc,

380 1011 493 1072 stante
519 1008 584 1072 bac
610 1009 850 1090 prohibitione,
879 1010 1080 1088 celebretur,
1110 1010 1233 1075 dicitur
1259 1009 1413 1074 contrahi
1437 1013 1557 1074 contra

378 1115 601 1199 impedientia
613 1118 664 1194 ta,
677 1118 731 1182 his
745 1119 924 1184 versiculis
939 1137 1119 1204 expressa:

533 1269 656 1322 Ecclesiae
668 1273 792 1334 vetitum,
807 1287 857 1324 nec
871 1287 928 1324 non
940 1277 1047 1340 tempos
1059 1274 1191 1337 iariatnm,

530 1347 617 1412 Atque
630 1349 817 1413 catechismos,
834 1349 977 1413 sponsalia,
985 1349 1093 1415 jungito
1109 1355 1212 1411 votnm,

531 1425 660 1490 incestus,
672 1430 765 1490 raptos
777 1429 920 1491 sponsata,
936 1439 1009 1476 mors
1021 1425 1149 1488 mulieris,

533 1499 677 1564 Susceptus
688 1501 803 1566 propriae
813 1501 921 1566 sobolis,
936 1517 1008 1552 mors
1017 1502 1213 1567 presbyteralis,

531 1575 579 1626 Vel
594 1577 616 1626 si
630 1577 759 1640 paeniteat
772 1577 935 1640 solemniter,
950 1583 996 1629 aut
1010 1579 1152 1628 monialem

531 1653 656 1718 Accipiat,
672 1653 815 1718 probibent
828 1653 887 1706 11110
900 1654 1055 1720 conjugium
1069 1654 1230 1705 iaciendum.

377 1807 434 1872 vel
447 1783 584 1873 brevius
602 1828 609 1870 :

534 1961 641 2023 Votum,
656 1960 836 2021 interdictum,
852 1961 934 2022 ierim,
949 1960 1093 2026 sponsalia,
1107 1962 1218 2028 crimen,

533 2037 685 2102 impediunt
696 2037 763 2101 ilari,
777 2038 935 2102 permittunt
949 2037 1018 2088 iacta
1031 2038 1125 2090 teneri.

417 2190 464 2256 lie
491 2192 713 2276 sponsalium,
729 2193 800 2257 voti
818 2197 853 2256 ot
874 2192 1069 2257 catechismi
1090 2191 1346 2276 impedimento,
1364 2191 1418 2272 egi
1436 2190 1485 2254 tit.
1502 2189 1553 2268 lv,

377 2297 418 2364 Vl
437 2305 472 2365 et
490 2299 532 2362 ill
554 2318 677 2382 supra;
699 2299 753 2364 hic
771 2305 878 2364 restat
896 2300 1069 2381 agendum
1083 2299 1125 2364 de
1141 2299 1321 2375 interdicti,
1337 2300 1499 2364 feriarum
1521 2305 1556 2362 et

379 2405 575 2491 septuplicis
589 2407 740 2472 criminis
755 2407 1010 2490 impedimento.

1731 1631 1732 1652 1

1731 1805 1732 1840 l

1731 1869 1732 1900 l

1731 1929 1732 1946 1

1731 1967 1732 1998 l

1572 2111 1581 2142 ¹

1731 2337 1732 2374 l

1731 2679 1732 2696 1

393 2599 469 2651 111
486 2598 579 2650 stante
597 2597 759 2662 interdicto,
776 2610 826 2650 seo
845 2597 1037 2662 prohibitione
1049 2565 1189 2658 Ecclesia,
1204 2599 1420 2652 matrimonium
1434 2597 1528 2654 valide
1618 2644 1622 2652 ,
1731 2621 1732 2644 i

808 2679 837 2731 ct
852 2679 930 2732 licite
944 2680 1125 2733 celebratur?

417 2835 516 2921 Resp.
533 2841 563 2903 1.
580 2836 694 2903 Validc
709 2837 922 2902 celebratur:
942 2838 989 2904 ita
1003 2855 1139 2917 comm,
1158 2858 1202 2904 ex
1220 2857 1248 2904 0.
1274 2842 1303 2918 1,
1324 2839 1344 2903 1
1363 2839 1397 2903 h.
1418 2843 1453 2914 1.,
1475 2839 1555 2922 quia

378 2947 527 3035 episcopi
544 2950 578 3010 et
591 2944 721 3028 praelati
744 2943 834 3028 Papa
852 2945 1030 3012 inferiores
1049 2965 1120 3012 non
1141 2955 1286 3031 possunt
1299 2952 1416 3011 vetare
1440 2935 1554 3010 matri-

378 3056 493 3119 monia
511 3054 574 3118 sub
594 3053 793 3130 irritatione,
818 3053 1004 3119 dummodo
1023 3055 1308 3138 impedimentum
1331 3055 1493 3119 dirimens
1511 3054 1552 3117 de

374 3165 451 3245 jure
475 3181 599 3228 comm.
621 3179 692 3226 non
715 3161 841 3238 subsit,
866 3181 944 3227 curn
968 3180 1038 3228 non
1060 3164 1208 3228 babeant
1226 3169 1432 3246 potestatem
1455 3162 1552 3227 indu-

376 3271 476 3336 cendi
495 3270 740 3354 impedimenta
761 3271 964 3336 dirimentis.
992 3271 1083 3349 lmo,
1108 3271 1187 3336 11011
1208 3272 1298 3356 Papa
1318 3277 1423 3356 ponat
1446 3271 1549 3334 inter-

377 3379 515 3456 dictum,
525 3378 727 3461 regulariter
740 3385 858 3444 contra
871 3379 955 3444 illud
967 3378 1060 3445 vaiet
1072 3382 1339 3459 matrimonium,
1357 3381 1435 3464 quia
1449 3380 1552 3443 etiam

377 3485 467 3570 Papa
496 3488 716 3553 conformiter
739 3489 808 3570 juri
831 3489 1005 3554 communi
1029 3494 1189 3554 censetur
1212 3489 1413 3554 interdicere
1438 3487 1553 3552 matri-

378 3594 549 3672 monium,
572 3595 699 3659 scilicet
724 3595 787 3660 sub
812 3597 944 3660 ratione
968 3597 1203 3681 impedimenti
1227 3596 1461 3681 impedientis,
1487 3595 1551 3658 nisi

379 3721 539 3786 expresse
554 3703 656 3768 addai
667 3704 841 3769 decretum
854 3705 1000 3783 irritans,
1014 3706 1105 3790 quod
1121 3712 1155 3772 11
1167 3711 1281 3790 potest
1295 3725 1339 3770 ex
1352 3704 1552 3770 auctoritate

379 3809 564 3894 apostolica
582 3830 589 3872 :
609 3809 673 3876 hoc
697 3831 800 3877 sensu
813 3813 966 3896 procedit
979 3832 1053 3879 can.
1079 3815 1108 3891 1,
1136 3814 1313 3892 Videatur,
1335 3814 1385 3891 35,
1407 3833 1438 3897 q.
1460 3813 1495 3890 6,
1519 3817 1553 3876 11

379 3936 407 3982 c.
431 3917 481 3994 13,
511 3917 553 3982 de
570 3917 729 4004 Despons.
749 3920 874 4005 impul).
898 3920 942 3984 dt
965 3923 992 3985 si
1015 3922 1129 4005 reipsa
1143 3921 1252 3986 subsit
1270 3921 1553 4004 impedimentum

381 4025 554 4104 dirimens,
568 4027 826 4092 matrimonium
840 4035 893 4093 est
905 4029 1104 4106 invalidum,
1123 4047 1193 4094 non
1209 4029 1346 4113 quidem
1360 4029 1491 4094 ratione
1505 4028 1553 4090 in-

381 4134 524 4212 terdicti,
537 4135 597 4201 sed
612 4137 847 4220 impedimenti
863 4138 1052 4204 dirimentis
1066 4139 1105 4222 (c.
1122 4139 1152 4216 1,
1170 4139 1211 4202 de
1225 4139 1383 4224 Despons.
1402 4137 1551 4222 impubi,

381 4227 456 4307 etsi
469 4242 511 4308 lis
525 4245 672 4326 pendeat
686 4265 788 4329 super
805 4247 920 4311 valore
933 4247 1054 4329 prioris
1069 4248 1287 4326 matrimonii,
1305 4247 1420 4330 sponsi
1435 4265 1554 4312 accun-

381 4350 501 4416 darum
515 4354 710 4437 nuptiarum
725 4353 905 4438 separandi
919 4360 1009 4432 sunt,
1024 4354 1134 4420 donec
1146 4354 1245 4438 plene
1258 4360 1392 4420 constet
1402 4373 1446 4420 an
1459 4354 1554 4438 prius

379 4460 636 4525 matrimonium
651 4461 772 4538 valeat,
790 4481 907 4527 necne.

420 4566 520 4650 Resp.
540 4569 570 4632 t.
593 4567 709 4634 Stante
728 4569 922 4648 interdicta,
939 4571 1195 4639 matrimonium
1213 4571 1326 4638 illicite
1345 4573 1555 4639 conuehitnr
