3412 5570
517 533 603 582 creua
625 535 751 592 oururos
774 537 997 586 sacerrimus.
1286 511 1345 586 tit

171 651 318 721 nectitur
334 667 412 719 cum
432 653 675 734 superioribus
692 655 771 738 quia
785 657 922 739 respicit
935 650 1125 740 periculum
1136 655 1346 739 impunitatis

170 763 207 827 in
227 761 409 828 sceleribus
421 760 631 844 gravissimis
647 763 811 828 hactenus
825 765 1042 829 enumeratis.

353 949 373 998 ι.
388 947 460 1010 Quid
475 948 512 1001 sit
527 948 643 1002 collusio
658 949 688 1002 ει
701 949 777 1002 inter
793 961 863 1015 quos
880 949 1045 1016 contingere
1061 949 1168 1014 possiti

212 1096 245 1180 a)
260 1093 405 1161 Collusio
421 1101 473 1160 est
488 1096 599 1162 latens
615 1102 649 1162 et
661 1097 879 1162 fraudulenta
893 1097 1076 1163 conventio
1091 1097 1181 1162 inter
1198 1102 1348 1163 actorem

173 1199 328 1272 atreum.
341 1204 542 1286 Contingere
553 1209 667 1286 potest
676 1205 810 1271 duobus
819 1206 1010 1289 praesertim
1020 1205 1142 1271 modis.
1153 1205 1286 1270 Primus
1297 1211 1349 1271 est

173 1312 308 1396 quando
326 1317 420 1377 actor
432 1312 488 1376 vel
506 1319 682 1378 accusator
702 1315 751 1379 rei
772 1318 886 1398 partes
901 1313 1048 1380 accusati
1074 1314 1173 1377 tacite
1195 1313 1346 1395 adjuvat,

172 1439 272 1485 veras
291 1421 508 1504 probationes
523 1421 664 1486 celando
679 1421 735 1486 vel
749 1422 949 1498 omittendo,
966 1426 1026 1486 aut
1039 1420 1141 1486 falsas
1160 1421 1211 1485 rei
1226 1439 1346 1504 excep·

62 1589 64 1599 ,
171 1528 283 1593 tiones
304 1528 524 1606 admittendo,
543 1533 581 1592 ut
596 1547 735 1612 poenam
759 1548 838 1593 reus
858 1529 1025 1605 evitatio
1043 1529 1108 1594 hoc
1130 1547 1211 1593 casu
1233 1529 1348 1592 aoivi-

171 1636 258 1700 listis
293 1641 435 1701 vocatur
470 1637 713 1719 praevaricatio.
745 1637 920 1702 Secundus
949 1638 1072 1702 modus
1110 1640 1172 1712 est,
1211 1636 1347 1721 quando
1455 1653 1458 1661 ·

172 1749 347 1810 aecusator
362 1747 402 1810 ab
417 1746 630 1811 accusatione
649 1750 722 1829 jam
736 1746 884 1830 inempta
898 1747 1037 1812 omnino
1055 1745 1196 1821 desistit,
1212 1750 1250 1809 ut
1269 1765 1348 1810 reus

114 1873 120 1886 ·
171 1873 310 1936 poenam
325 1854 439 1930 evitet,
455 1859 489 1918 et
503 1855 550 1918 sic
560 1852 727 1938 judicium
740 1855 915 1939 publicum
929 1855 1091 1931 reddatur
1104 1853 1315 1919 illusorium:
1328 1872 1348 1918 a

172 1961 324 2026 civilietis
338 1967 479 2027 vocatur
499 1964 745 2044 tergiversatio.

214 2069 242 2150 b)
258 2069 404 2134 Collusio
427 2049 625 2152 contingere
644 2075 768 2154 potest,
791 2088 861 2136 non
884 2076 1018 2136 tantum
1038 2071 1128 2135 inter
1150 2077 1300 2136 actorem
1315 2074 1349 2134 et

173 2197 271 2244 reum
285 2198 344 2243 seu
362 2180 452 2244 inter
465 2180 677 2264 principales,
694 2180 752 2245 sed
768 2182 871 2245 etiam
886 2181 974 2244 inter
990 2181 1173 2246 advocatos
1187 2185 1349 2262 etproou-

174 2291 315 2356 ratores.
327 2287 408 2350 dum
423 2287 581 2353 videlicet
593 2289 718 2352 borum
732 2287 854 2372 aliquis
868 2289 904 2351 in
915 2288 1151 2372 praejudioium
1166 2288 1214 2351 rei
1228 2286 1350 2371 prinoi-

173 2394 257 2478 palis
272 2413 350 2460 oum
364 2395 472 2460 altero
486 2396 663 2480 principali
677 2397 734 2460 vel
751 2399 826 2478 ejus
845 2397 1010 2461 advocato
1025 2395 1177 2471 colludit,
1191 2396 1349 2459 manifes-

174 2502 277 2567 tando
291 2503 321 2566 ei
334 2508 463 2568 secrete
476 2503 532 2567 vel
542 2504 731 2569 omittendo
745 2504 1047 2588 probationesete.
1065 2502 1192 2568 Tamen
1205 2503 1349 2568 advoca-

175 2615 231 2674 tus
252 2611 299 2676 sic
316 2612 505 2696 procedens
524 2631 595 2678 non
608 2615 742 2698 proprie
759 2614 880 2700 dicitur
898 2614 1055 2690 collusor,
1078 2613 1138 2678 sed
1151 2613 1364 2697 improprie,¹

176 2724 211 2783 et
228 2725 280 2785 est
297 2720 410 2804 potius
429 2722 599 2800 falsarius
620 2727 659 2786 nt
673 2723 801 2787 dictum
821 2729 873 2786 est
886 2724 922 2787 in
937 2723 1034 2787 titulo
1050 2723 1092 2787 de
1106 2722 1246 2787 crimine
1260 2722 1346 2786 falsi.

214 2823 446 2904 dilatandum
461 2830 514 2889 est
528 2825 619 2909 quod
632 2827 669 2889 in
682 2826 773 2890 civili
787 2843 899 2901 causa,
913 2828 1013 2908 juxta
1024 2824 1150 2907 plures,
1168 2843 1238 2890 nou
1256 2826 1349 2890 dare·

175 2933 231 2994 tur
252 2932 387 3015 proprie
410 2931 562 3011 collusio,
579 2934 658 3018 quia
670 2940 763 2998 actor
782 2939 816 2998 et
834 2952 914 2998 reus
935 2935 970 2996 in
991 2932 1145 2998 civilibus
1161 2933 1348 3014 transigere

173 3037 264 3104 inter
275 3057 311 3104 se
325 3045 480 3122 possunt,
494 3059 573 3104 oum
588 3046 710 3122 agatur
725 3045 859 3105 tantum
875 3041 916 3106 (le
931 3040 1064 3124 privato
1079 3042 1245 3105 interesse
1261 3041 1349 3122 ipso-

174 3165 269 3223 rum;
286 3151 411 3224 tamen,
421 3150 521 3230 juxta
533 3148 628 3225 alios,
640 3153 757 3232 posset
769 3149 840 3212 dari
856 3147 958 3212 etiam
968 3148 1004 3210 in
1019 3147 1173 3212 civilibus
1190 3147 1349 3211 :tandem

175 3252 231 3316 alii
254 3255 375 3318 melius
397 3255 611 3336 distinguunt
631 3256 721 3320 inter
742 3275 861 3320 causas
884 3275 968 3339 quas
994 3255 1125 3336 agitant
1147 3253 1349 3338 principales

175 3379 236 3444 per
249 3364 462 3447 semetipsos,
476 3382 543 3447 quo
556 3381 636 3428 casu
651 3381 721 3428 non
737 3365 889 3440 daretur;
905 3365 960 3428 vel
975 3363 1057 3428 dum
1070 3363 1111 3426 lis
1126 3363 1274 3444 agitetur
1288 3381 1350 3446 per

175 3475 411 3552 procuratores
427 3477 461 3536 et
474 3470 676 3548 advocatos;
706 3490 787 3536 nam
808 3471 845 3534 in
865 3471 918 3536 his
941 3471 1052 3536 causis
1075 3470 1147 3535 dari
1168 3475 1294 3554 posset.
1312 3471 1350 3534 ln

172 3579 249 3660 jure
262 3577 394 3656 Gallico,
411 3598 453 3643 ex
467 3584 529 3644 art.
542 3579 601 3642 iai
615 3578 693 3644 God.
706 3597 855 3662 process.
867 3579 945 3655 civ.,
957 3579 1146 3643 admittitur
1159 3577 1299 3643 collusio
1314 3578 1349 3642 in

175 3703 278 3750 causa
291 3686 392 3764 civili,
408 3705 487 3751 oum
502 3685 558 3750 illa
570 3687 662 3750 fraus
678 3687 925 3752 exhibeaturut
937 3687 1107 3751 motivum
1122 3705 1183 3752 seu
1193 3687 1278 3752 ratio
1292 3687 1351 3753 ob-

175 3793 306 3858 tinendi
330 3795 619 3876 subrogationem,
644 3795 780 3879 quando
803 3796 893 3860 bona
916 3795 1174 3878 proscribuntur
1192 3799 1227 3858 et
1247 3793 1351 3860 collu-

177 3918 234 3966 sor
244 3905 323 3984 jura
336 3903 498 3968 inferioru
514 3904 720 3968 creditorum
732 3903 882 3968 laderet.

216 4009 283 4074 Sed
296 4011 331 4075 in
346 4012 586 4089 criminalibus,
603 4003 703 4094 juxta
723 4031 855 4089 omnes,
877 4011 1042 4077 committi
1063 4017 1177 4095 potest
1196 4009 1348 4088 collusio,

178 4117 257 4202 quia
270 4119 305 4183 in
319 4138 482 4203 processu
495 4119 662 4185 criminali
686 4121 799 4201 agitur
813 4120 854 4184 de
869 4122 959 4185 bono
974 4121 1159 4198 communi,
1177 4119 1268 4203 quod
1283 4121 1351 4183 eai-

176 4227 227 4308 git
241 4232 280 4291 ut
294 4227 415 4293 delicta
429 4248 499 4294 non
511 4233 674 4292 maneant
687 4228 857 4310 impunita
868 4249 875 4290 :
888 4228 979 4291 unde
993 4226 1084 4291 licita
1093 4245 1163 4292 non
1177 4233 1229 4292 est
1243 4231 1352 4292 trans-

177 4337 275 4414 actio,
291 4337 482 4413 conoordia,
498 4336 644 4401 amicitia
661 4335 933 4417 eollitigantium,
949 4335 985 4398 in
1001 4335 1206 4400 detrimento
1222 4334 1350 4400 ordinis

175 4444 311 4526 publici.
324 4444 450 4510 Tamen
461 4445 584 4527 injure
601 4442 735 4518 Gallice,
750 4462 819 4508 non
833 4443 970 4508 videtur
983 4442 1053 4507 dari
1067 4442 1163 4507 locus
1173 4441 1351 4508 collusioni

176 4552 480 4630 inominalibus,
511 4571 590 4617 cum
616 4551 724 4635 judex
747 4571 882 4636 semper
910 4552 1072 4636 procedat
1101 4569 1143 4615 ex
1166 4551 1288 4630 officie,
1318 4555 1352 4617 et

177 4681 359 4748 processus
374 4681 444 4728 non
458 4660 603 4744 amplius
618 4661 815 4727 instituatur
829 4679 890 4744 per
903 4660 995 4726 viam
1009 4661 1243 4726 accusationis.
