3412 5570
418 643 477 718 iro
878 665 929 724 tos
948 669 1127 723 canonicus.

415 789 559 854 materia
576 789 733 876 proxima
753 810 935 858 usurarum
953 811 1023 859 non
1046 799 1126 859 sunt
1148 813 1204 860 res
1222 798 1257 859 et
1274 783 1512 874 bona'civium,
1529 795 1581 862 sed

416 897 549 963 lucrum
564 917 667 982 supra
682 903 809 966 sortem
824 901 1045 985 principalem
1062 927 1078 960 a
1091 921 1132 966 ex
1148 901 1253 967 sterili
1267 921 1304 968 re
1320 903 1354 968 vi
1369 904 1479 968 mutui
1492 923 1581 988 »per-
1673 933 1674 986 3

416 1010 580 1090 ceptum:
602 1012 636 1073 et
658 1008 736 1074 ideo
750 990 906 1094 princeps
927 997 1125 1075 immutaret
1147 1015 1304 1076 naturam
1326 1028 1441 1077 rernm
1460 1017 1494 1076 et
1516 1031 1580 1077 rem

416 1103 652 1197 infrugiferam
667 1122 883 1183 converteret
897 1118 933 1182 in
944 1119 1155 1200 frugiferam.
1251 1151 1254 1157 ·

594 1347 611 1420 5
625 1347 645 1405 Ι.
661 1347 703 1407 De
717 1348 815 1408 titulis
829 1348 937 1424 quitos
953 1347 1144 1408 cohonestari
1159 1354 1286 1422 possunt
1300 1361 1412 1407 usaria.

658 1525 678 1574 l.
697 1524 738 1574 An
752 1535 847 1576 usura
862 1523 971 1587 possint
985 1522 1137 1588 aliquando
1152 1523 1350 1576 cohonestari?

455 1665 572 1732 Usurae
598 1671 744 1750 possunt
769 1685 812 1732 ex
835 1668 935 1732 certis
955 1667 1061 1732 titulis
1079 1668 1304 1756 cohonestari,
1324 1674 1363 1733 ut
1389 1669 1457 1732 sint
1478 1669 1581 1734 licita.
1673 1669 1674 1674 ’

418 1774 556 1839 Constat
576 1775 608 1839 l⁰
623 1775 702 1858 quia
715 1775 859 1840 materia
873 1794 1055 1840 usurarum
1070 1795 1140 1841 non
1155 1783 1208 1841 est
1219 1777 1266 1842 ita
1285 1777 1468 1842 intrinsece
1488 1775 1581 1850 mala,

417 1881 505 1946 sicut
518 1882 660 1946 materia
674 1882 856 1960 mendacii,
878 1883 1034 1960 haeresis,
1053 1889 1130 1962 etc,
1148 1890 1185 1948 ut
1203 1885 1238 1949 in
1252 1883 1347 1949 nullo
1371 1903 1452 1950 casu
1468 1881 1583 1948 variari
1673 1901 1674 1922 ι

365 2079 368 2086 Ι
416 1991 543 2075 possit:
556 1992 670 2075 itaque
685 1991 720 2054 in
736 1991 940 2074 quibusdam
955 1991 1217 2057 circumstantiis
1227 1993 1274 2056 ita
1287 1990 1580 2075 potestpuritlcari

417 2103 456 2162 ut
475 2099 511 2165 id
534 2099 623 2183 quod
643 2117 744 2182 supra
768 2105 895 2164 sortem
916 2100 1089 2182 accipitur,
1113 2103 1205 2182 juste
1231 2104 1265 2164 et
1281 2099 1371 2165 licite
1395 2101 1581 2183 accipiatur.
1673 2085 1674 2090 ’

416 2207 554 2272 Materia
568 2208 660 2272 enim
669 2226 851 2272 usurarum
867 2208 1008 2272 subduci
1019 2213 1132 2293 potest
1148 2213 1348 2291 apraeoepto
1359 2207 1506 2272 naturali
1521 2225 1582 2271 non

415 2314 616 2391 funerandi,
631 2320 665 2379 et
676 2315 712 2378 in
725 2315 790 2379 hoc
802 2333 882 2380 casu
894 2333 964 2380 non
980 2319 1145 2380 estusnra
1159 2315 1346 2380 formaliter
1354 2321 1501 2399 sumpta,
1515 2333 1583 2398 qua
1673 2335 1674 2390 ι

416 2440 593 2507 nunquam
614 2428 728 2506 potest
747 2443 822 2490 esse
845 2423 1007 2501 honesta;
1027 2423 1087 2488 sed
1106 2429 1158 2488 est
1177 2441 1282 2487 usura
1299 2423 1522 2489 materialiter
1539 2439 1584 2486 ac
1673 2419 1674 2502 ζ

416 2538 523 2617 cepta,
542 2551 617 2617 quae
633 2532 793 2598 evaderet
808 2533 963 2609 honesta,
986 2539 1024 2597 ut
1036 2535 1166 2598 furtum
1181 2533 1217 2596 in
1236 2533 1439 2616 quibusdam
1457 2532 1585 2597 casibus
1673 2563 1674 2588 ι

415 2641 661 2706 ssthonestum.

455 2749 578 2832 Reipsa
593 2749 628 2813 id
642 2750 733 2834 quod
747 2749 908 2833 accipitur
918 2749 1006 2813 ultra
1021 2755 1161 2827 sortem,
1174 2768 1244 2815 non
1260 2751 1407 2831 exigitur
1420 2749 1453 2814 vi
1466 2747 1583 2820 mutui,

416 2857 475 2920 sed
496 2857 530 2920 vi
548 2856 693 2939 alicujus
714 2861 908 2922 contractus
928 2857 1124 2939 simpliciter
1138 2856 1263 2922 diversi
1278 2875 1298 2922 a
1311 2861 1443 2932 mutuo,
1462 2857 1586 2940 quiesi
1673 2875 1674 2908 ι

415 2970 608 3031 contractus
634 2945 860 3030 essentialiter
885 2967 1075 3046 gratuitus3
1100 2971 1306 3050 quapropter
1327 2963 1584 3030 circumstantie

416 3073 567 3138 efficiunt
585 3077 624 3137 ut
640 3073 778 3139 tollatur
791 3078 985 3138 contractus
1003 3075 1126 3152 mutui,
1149 3079 1183 3139 et
1197 3075 1384 3139 sufficiatur
1396 3075 1585 3137 contractus

415 3199 593 3247 onerosus.
619 3181 700 3246 lude
729 3181 876 3247 formula
901 3201 908 3243 ε
934 3182 981 3245 Ex
1009 3183 1115 3246 titulis
1139 3182 1336 3247 extrinsecis
1363 3185 1497 3257 mutuo,
1522 3197 1586 3244 non

414 3303 496 3353 vero
514 3288 717 3366 intrinsecis,
742 3289 879 3373 aliquod
902 3289 1005 3372 accipi
1031 3292 1065 3353 et
1088 3288 1177 3371 exigi
1203 3295 1316 3372 potest
1336 3288 1425 3353 ultra
1447 3293 1583 3353 sortem.

454 3398 487 3460 θ’
507 3397 615 3464 Usura
633 3398 883 3474 cohonestatur,
905 3399 933 3461 si
947 3397 1037 3462 Deus
1054 3397 1111 3462 det
1125 3401 1184 3481 jus
1196 3396 1333 3482 petendi
1350 3401 1385 3461 et
1403 3393 1584 3480 accipiendi

415 3503 505 3570 ultra
524 3509 668 3582 sortem
688 3523 769 3571 nam
789 3505 889 3583 Deus,
907 3522 985 3570 cum
1000 3505 1217 3570 sitdominus
1237 3506 1402 3584 omnium,
1419 3508 1585 3588 potestas

414 3611 513 3676 honis
534 3595 653 3680 alienis
674 3611 801 3696 aliquid
823 3611 919 3677 alteri
939 3612 1133 3677 attribuere.
1158 3611 1227 3677 Hoc
1245 3611 1349 3677 modo
1371 3629 1484 3677 usurae
1506 3629 1586 3696 quas

414 3717 554 3784 liaebraei
575 3739 595 3786 a
616 3719 775 3801 gentibus
795 3720 987 3801 exigebant,
1008 3720 1148 3784 fuerunt
1168 3719 1278 3796 licitae,
1298 3724 1357 3784 aut
1375 3719 1498 3785 saltem
1517 3736 1586 3802 per·

413 3824 539 3904 misse,
554 3832 592 3890 ut
608 3826 706 3892 docet
720 3827 757 3890 D.
774 3825 919 3892 Thomas
937 3827 977 3909 lt·
1001 3827 1053 3903 2²,
1071 3847 1102 3910 q.
1120 3827 1169 3902 78,
1186 3844 1215 3891 a.
1234 3826 1263 3903 l,
1279 3826 1321 3892 ad
1337 3827 1379 3910 3).

697 4013 728 4062 11.
742 4007 826 4062 Tituli
841 4021 874 4062 er
891 4008 995 4074 qulbus
1012 4021 1105 4062 usura
1121 4009 1188 4063 sunt
1205 4008 1297 4062 licitas.

454 4155 657 4236 Generatim,
673 4176 812 4224 necesse
828 4161 933 4222 estut
953 4156 1000 4220 illi
1015 4156 1103 4221 tituli
1118 4158 1186 4221 sint
1202 4162 1322 4221 mutuo
1342 4157 1525 4221 extrinseci
1556 4156 1587 4220 et

412 4267 522 4350 pretio
543 4265 772 4342 aestimabiles,
794 4283 892 4330 secus
916 4283 987 4330 non
1006 4264 1166 4331 tollerent
1185 4263 1350 4329 malitiam
1372 4283 1434 4329 seu
1457 4263 1587 4348 injusti-

414 4375 634 4440 tiamusurae.

455 4485 486 4564 a)
507 4483 639 4548 Primus
661 4479 778 4548 titulus
803 4489 855 4549 est
874 4483 1037 4549 domuum
1059 4501 1231 4568 emerpens
1252 4501 1312 4548 seu
1333 4484 1467 4566 iactura
1486 4494 1588 4566 quam

413 4592 540 4676 patitur
562 4591 709 4657 creditor
733 4611 775 4656 ex
799 4596 919 4657 mutuo
944 4593 1022 4658 dato
1047 4612 1054 4655 :
1079 4611 1111 4654 v.
1136 4611 1183 4672 g„
1210 4592 1238 4655 si
1259 4596 1408 4676 nequeat
1431 4607 1587 4675 reparare

414 4699 505 4764 aedes
520 4718 595 4784 quae
610 4701 716 4764 ruinae
730 4705 957 4783 exponuntur,
974 4699 1029 4764 vel
1041 4701 1068 4765 si
1083 4717 1139 4766 ros
1152 4699 1231 4764 suas
1245 4697 1346 4763 vilius
1364 4698 1512 4764 vendere
1534 4713 1587 4761 co·

414 4812 562 4889 geretur,
580 4812 641 4873 etc.
659 4807 755 4872 Ratio
769 4809 812 4873 ob
828 4797 929 4892 quarn
941 4807 1059 4872 titulus
1071 4807 1127 4872 ille
1143 4812 1195 4872 est
1206 4811 1332 4892 justus,
1348 4807 1474 4892 petitur
1488 4823 1532 4869 ex
1546 4823 1586 4868 eo
