3500 5552
546 581 632 629 arnna
652 583 778 638 omerus
798 581 1019 631 nncsnrrnron.
1192 639 1194 644 ,
1311 565 1371 628 579

231 698 1371 783 lniorointerneconcedendaeetebsolutioadcautelam,praenrisso

204 811 338 872 tentum
352 809 548 874 testimonio
562 809 668 892 ipsius
685 808 893 886 absolvendi,
910 827 971 874 seu
983 808 1071 874 lacta
1087 808 1215 892 abipso
1230 808 1373 891 promis-

205 915 300 981 sione
324 917 416 1000 quod
439 916 632 982 satisfacere
653 917 745 994 velit,
763 918 792 982 si
808 917 996 983 constiterit
1013 917 1055 985 de
1069 934 1228 993 censure3
1245 916 1280 980 in
1297 918 1371 982 loro

204 1027 320 1088 autem
343 1029 496 1102 externo,
519 1025 715 1092 conceditur
738 1025 841 1090 etiam
864 1025 937 1090 sine
954 1025 1147 1107 cognitione
1171 1041 1292 1101 eausae,
1317 1021 1373 1088 vel

205 1130 284 1196 data
301 1131 470 1209 cautione,
500 1132 528 1196 si
549 1132 780 1199 absolvendus
800 1131 926 1197 nullius
949 1149 1101 1197 censurae
1124 1131 1161 1196 in
1179 1129 1373 1215 particulari
1466 1131 1467 1134 ’

204 1239 431 1323 suspicionem
444 1239 583 1318 babeet;
600 1243 629 1305 si
642 1259 732 1308 vero
740 1241 884 1324 alicujus
900 1239 1052 1323 specialis
1070 1257 1222 1306 censurae
1242 1237 1373 1305 absolu-

206 1348 252 1414 tio
266 1351 411 1433 petatur,
429 1348 655 1415 absolvendus
669 1351 813 1434 probare
835 1350 946 1429 debet,
972 1349 1092 1416 saltem
1117 1348 1313 1432 semiplene,
1336 1365 1372 1412 sc

205 1455 262 1520 illa
275 1473 421 1521 censura
432 1455 575 1538 ligatum
586 1474 655 1523 non
674 1475 760 1524 esse.

245 1563 278 1628 4ο
292 1563 350 1630 Ad
360 1563 625 1642 reincidcnticm,
642 1564 725 1631 dum
741 1567 816 1651 quis
835 1567 883 1633 ite
896 1565 1093 1643 absolvitur,
1110 1571 1149 1632 ut
1162 1567 1199 1631 in
1217 1563 1372 1632 eamdem

162 1753 167 1763 Ι
203 1687 384 1737 censuram
401 1672 524 1738 iterum
538 1673 675 1750 incidat,
691 1673 726 1738 si.
739 1691 825 1758 opus
840 1675 903 1740 sub
917 1691 1061 1739 censure
1076 1677 1284 1758 praeocptunr
1302 1690 1372 1737 non

207 1784 423 1864 exsequatur.
439 1780 614 1846 Absolutio
629 1781 701 1847 here
713 1783 865 1868 praestari
875 1785 988 1866 potest
1001 1781 1176 1865 tripliciter
1191 1800 1198 1844 :
1212 1780 1373 1846 conditio-

207 1893 296 1965 nate,
313 1894 352 1953 ut
370 1889 399 1953 si
421 1888 583 1955 mandato
599 1909 669 1956 non
688 1895 805 1973 pareat
828 1889 1014 1967 absolutus,
1030 1889 1065 1953 in
1087 1890 1243 1954 eamdem
1256 1889 1375 1954 reinci-

207 1996 280 2073 dat;
293 1995 482 2081 proaliquo
497 2004 650 2082 tempore
665 1999 831 2077 absolute,
844 2004 878 2064 et
891 2017 952 2083 pro
962 1998 1093 2082 reliquo
1105 1999 1167 2062 sub
1180 1996 1373 2062 conditione
1434 2038 1436 2048 ι

208 2105 291 2169 certi
313 2105 425 2188 operis
438 2106 528 2170 intra
539 2111 671 2171 certum
685 2111 831 2190 tempus,
846 2112 885 2171 ut
898 2106 926 2172 si
940 2106 1005 2171 hoc
1024 2106 1114 2171 intre
1134 2104 1218 2170 illud
1239 2109 1374 2186 tempus

208 2212 402 2296 praestitcrit
416 2213 603 2292 absolutus,
622 2216 876 2300 inperpetuum
896 2213 1072 2280 absolutus
1092 2215 1145 2278 sit.
1162 2213 1311 2278 'landem
1332 2212 1375 2277 ad

208 2325 340 2385 certum
358 2321 518 2388 effectum
537 2321 711 2400 duntaxat,
727 2341 760 2388 v.
776 2342 809 2405 g.
826 2327 865 2386 ut
879 2323 1192 2388 excommunicatus
1206 2320 1314 2405 possit
1326 2324 1376 2383 ta-

209 2426 279 2492 lem
292 2435 406 2496 actum
418 2435 598 2496 censurato
609 2449 679 2496 non
692 2430 898 2514 permissum
913 2448 1082 2496 exercere.

247 2539 275 2622 c)
289 2537 328 2602 lli
341 2555 462 2604 ornnes
475 2537 569 2604 modi
582 2537 734 2604 adhiberi
743 2543 887 2623 possunt
896 2539 934 2602 in
945 2540 1020 2604 loro
1031 2538 1166 2602 interno
1178 2541 1374 2602 etenterno.

208 2643 333 2709 Temen
348 2645 376 2708 si
392 2645 559 2710 absolutio
578 2646 615 2709 in
632 2647 706 2711 foro
720 2651 851 2712 tanturn
865 2647 999 2712 interno
1017 2646 1106 2712 facte
1119 2647 1173 2725 sit,
1187 2663 1267 2710 reus
1285 2649 1377 2710 tene·

208 2757 264 2816 tur
279 2751 314 2816 in
327 2753 402 2818 foro
417 2757 558 2817 externo
573 2770 692 2833 gerere
707 2771 743 2817 ee
762 2771 823 2836 pro
838 2759 1030 2831 censurato,
1047 2752 1167 2820 saltem
1191 2754 1219 2817 si
1234 2769 1378 2818 censure

209 2866 262 2926 est
275 2865 356 2928 nota
368 2863 404 2927 in
417 2863 539 2930 eodem
552 2865 637 2930 loro.

439 3047 472 3096 11.
486 3047 508 3099 A
525 3057 581 3110 quo
595 3057 717 3100 censura
732 3045 846 3100 tollatrn
860 3057 910 3111 per
924 3045 1149 3100 absolutlonem?

250 3197 283 3274 α)
302 3190 451 3259 Censura
464 3193 655 3277 specialiter
668 3213 733 3280 per
746 3195 948 3260 sententiam
967 3195 1074 3259 lotum
1099 3195 1141 3258 od
1162 3193 1295 3258 bomine
1317 3210 1378 3282 seu

206 3300 331 3382 judice,
347 3319 418 3368 non
432 3307 546 3385 potest
560 3303 601 3366 ab
613 3301 679 3367 alio
695 3321 756 3386 per
770 3302 1019 3369 absolutionem
1034 3301 1116 3378 tolli,
1133 3301 1198 3364 nisi
1212 3301 1253 3365 sb
1268 3318 1308 3365 co
1321 3299 1378 3383 qui

211 3425 286 3472 eam
300 3408 387 3485 tulit,
402 3409 458 3474 vel
471 3411 546 3492 ejus
560 3427 755 3474 successore
769 3414 829 3475 aut
838 3411 1023 3493 superiore,
1034 3408 1276 3474 cumulativam
1282 3406 1381 3492 juris

211 3515 396 3582 dictionem
409 3514 512 3600 pleno
524 3519 601 3600 jure
617 3521 652 3582 et
665 3535 735 3582 non
752 3522 885 3582 tantum
906 3519 941 3580 in
955 3515 1056 3582 certis
1070 3517 1204 3581 casibus
1219 3516 1377 3591 habente,

210 3623 266 3689 vel
281 3642 302 3688 a
316 3623 473 3705 delegato
486 3625 522 3689 in
536 3624 599 3690 hec
613 3643 716 3690 eausa
726 3625 782 3689 vel
794 3643 814 3690 a
824 3625 938 3708 judice
957 3623 1191 3710 appellationis
1213 3625 1251 3705 (c.
1275 3624 1305 3700 3,
1328 3625 1377 3700 ll,

211 3731 253 3795 de
266 3731 330 3814 Off.
348 3731 611 3812 ordacbmer,
628 3733 669 3799 de
682 3732 800 3810 Elect,
811 3751 839 3798 o.
857 3733 906 3816 10)
919 3753 926 3796 :
938 3732 1093 3818 ejusdem
1106 3731 1312 3808 estsolvere,
1325 3746 1380 3794 cu-

208 3843 266 3921 Jus
280 3841 344 3904 init
358 3841 474 3922 ligare.

251 3949 282 4011 l·
297 3947 366 4013 Hoc
380 3967 501 4014 verum
516 3955 578 4027 cst,
595 3952 699 4017 etiam
712 3952 747 4016 in
764 3969 845 4018 casu
860 3971 927 4037 quo
950 3971 1030 4017 reus
1043 3951 1252 4018 domicilium
1272 3955 1383 4015 nauta·

209 4055 278 4132 vit;
297 4057 376 4140 quia
390 4059 671 4140 persentcntiam
685 4065 859 4142 praeventa
869 4055 921 4125 est
930 4061 1119 4143 jurisdictio
1129 4061 1169 4143 (c.
1184 4060 1232 4135 19,
1246 4059 1287 4123 de
1296 4057 1382 4122 Foro

211 4165 476 4250 comp.).Verum
490 4175 551 4245 est,
567 4169 671 4234 etiam
683 4169 719 4233 in
732 4187 813 4234 casu
828 4189 895 4254 quo
910 4188 989 4235 reus
1004 4169 1383 4254 appellationem-inter-

209 4275 381 4356 posuerit3
408 4294 499 4355 narn,
523 4277 598 4353 etsi,
623 4277 657 4342 vi
681 4278 927 4362 appellationis,
949 4278 1057 4362 judex
1080 4278 1128 4343 ad
1149 4295 1247 4362 quem
1275 4275 1384 4360 possit

210 4381 398 4461 absolvere,
414 4389 529 4451 temen
536 4386 644 4470 judex
654 4407 676 4451 c
687 4406 751 4471 quo
764 4406 835 4453 non
845 4389 996 4472 privatur
1003 4387 1250 4470 jurisdictione,
1262 4385 1383 4450 saltem

211 4489 238 4551 si
254 4490 298 4553 sit
310 4491 418 4574 Judex
432 4492 633 4572 ordinarius,
651 4495 730 4578 quie
742 4494 917 4577 delegatus
932 4495 1046 4561 amisit
1057 4494 1338 4578 jurisdictionem.

250 4596 442 4664 Notandum
459 4607 512 4665 est
526 4603 616 4686 quod
632 4603 781 4686 episcopi
794 4608 939 4686 possunt
951 4620 1031 4668 suos
1041 4602 1194 4700 subditos
1207 4601 1383 4668 absolvere

212 4705 248 4768 in
261 4706 336 4772 lore
354 4712 423 4773 tam
437 4709 572 4776 interno
594 4729 696 4794 quam
715 4715 867 4788 externo,
888 4711 990 4776 etiarn
1013 4711 1049 4776 in
1068 4710 1179 4776 alieno
1201 4709 1383 4786 territorio,
