3412 5570
368 499 430 566 its
829 519 881 564 ros
901 517 1082 566 osronrourr.

369 657 391 702 a
408 639 541 703 fortiori
560 639 625 702 erit
638 637 827 722 periculum
847 639 962 704 damni
977 639 1171 725 probabilis.
1189 637 1275 721 Ergo
1293 638 1425 704 rationo
1439 637 1547 720 bujus

367 745 509 829 periculi
523 745 602 810 licet
621 745 748 831 aliquid
771 745 859 812 ultra
878 753 1006 812 sortem
1027 752 1155 830 petere.
1177 745 1315 814 Constat
1334 765 1378 812 ex
1397 741 1546 810 declara-

368 855 461 919 tione
476 853 508 917 S.
523 853 644 935 Gongr.
657 854 699 918 de
714 854 936 939 propaganda
946 855 987 919 ab
1003 854 1076 918 lnn.
1088 854 1323 938 roppressit,
1336 872 1426 919 anno
1438 852 1518 916 tots
1534 873 1542 916 :

310 1043 314 1051 ἢ
369 987 384 1018 s
410 961 444 1028 Si
463 959 590 1048 aliquid
604 962 768 1045 recipiant
781 963 917 1043 [ratione
934 961 1074 1045 periculi
1093 961 1311 1046 probabiliter
1333 960 1544 1026 imminentis

298 1121 317 1142 „
368 1076 403 1137 et
417 1069 588 1156 qualitatis
606 1071 773 1153 ejusdem,
792 1090 831 1136 ac
852 1076 987 1136 servate
1005 1072 1224 1156 proportione
1247 1071 1336 1134 inter
1355 1069 1544 1154 periculum

368 1185 404 1246 et
423 1181 458 1244 id
480 1180 572 1264 quod
592 1179 818 1263 accipitur.....
834 1197 905 1244 non
930 1197 1005 1244 esse
1028 1179 1278 1264 inquietandos.
1296 1177 1449 1261 »Excipe
1465 1178 1496 1240 Ι·
1514 1177 1543 1240 si

288 1354 291 1360 ,
366 1291 595 1355 mutuatarius
609 1290 654 1353 sit
673 1306 812 1372 pauper,
829 1289 909 1374 quia
929 1293 1010 1353 tuuc
1023 1293 1233 1372 praeceptum
1251 1287 1364 1352 mutui
1377 1305 1420 1351 ex
1436 1285 1544 1352 cbari-

285 1476 289 1487 ,
367 1397 435 1462 tet'o
450 1402 565 1479 orgen
580 1397 613 1461 t·
628 1398 656 1461 si
669 1397 896 1462 mutuatarius
912 1400 1041 1462 sortem
1052 1415 1113 1478 per
1127 1395 1252 1480 pignus
1267 1399 1451 1472 assecurat,
1464 1394 1545 1479 quis

366 1507 415 1572 sic
428 1506 618 1590 periculum
632 1510 765 1571 cessat»
780 1505 894 1588 (dury,
911 1504 936 1580 Ι,
952 1505 1023 1581 839,
1039 1509 1119 1588 post
1134 1503 1167 1568 S.
1183 1504 1278 1586 ligi.

285 1675 287 1682 s
407 1615 493 1680 Olim
504 1619 621 1684 tamen
632 1615 807 1696 negabant
819 1613 929 1692 multi,
946 1632 1026 1678 cum
1038 1614 1189 1690 Novam,
1200 1611 1293 1689 Sota,
1307 1619 1386 1690 stc.;
1398 1612 1457 1677 sed
1469 1611 1543 1678 hec

277 1711 284 1742 ³
367 1725 603 1800 sententiaest
623 1721 787 1790 obsoleta.

406 1831 582 1914 d)Titulus
596 1832 865 1911 assecurationis,
882 1831 964 1895 dum
979 1831 1126 1897 creditor
1145 1831 1181 1894 in
1204 1848 1240 1894 se
1259 1830 1401 1914 suscipit
1412 1827 1545 1912 pericu-

365 1940 439 2004 lum
455 1939 620 2022 pecuniae,
646 1941 694 2006 ita
715 1944 754 2005 ut
776 1957 851 2004 sors
872 1939 947 2014 sibi,
963 1945 998 2003 et
1012 1957 1082 2004 non
1103 1940 1322 2016 mutuatorie,
1341 1937 1544 2022 pernubilet

365 2046 553 2131 periculum
578 2048 676 2131 juris,
702 2047 816 2113 ethic
841 2047 1030 2112 contractui
1055 2047 1165 2112 mutui
1191 2047 1326 2112 additur
1348 2049 1543 2112 contractus

365 2159 637 2222 assecurationis.
650 2157 727 2222 ileo
741 2159 959 2234 assecuratio,
972 2175 1075 2240 quam
1090 2175 1192 2223 nemo
1207 2157 1313 2240 gratis
1324 2162 1485 2240 praestare
1497 2162 1545 2219 te

364 2271 476 2343 netur,
493 2271 546 2331 est
557 2268 666 2351 pretio
681 2267 900 2334 aestimabitis.
918 2267 1043 2350 injure
1057 2265 1144 2330 civiti
1159 2267 1324 2344 Romano,
1337 2269 1410 2350 jam
1424 2265 1544 2330 admit-

364 2375 499 2439 tebatur
511 2376 685 2440 nauticum
697 2377 811 2441 ioenus
826 2393 888 2459 pro
907 2376 1052 2460 pecunia
1065 2393 1127 2458 per
1141 2393 1236 2439 more
1251 2374 1465 2456 trajicienda;
1480 2375 1543 2438 sed

363 2481 448 2546 illud
461 2481 575 2548 finnus
591 2489 644 2547 est
661 2483 792 2566 species
806 2485 841 2548 in
856 2501 984 2565 genere
997 2482 1259 2548 assecurationis
1274 2483 1386 2558 sortis,
1404 2481 1541 2546 elidem

363 2591 464 2675 plane
480 2590 661 2655 dicendum
672 2596 726 2654 est
739 2590 781 2654 de
795 2589 945 2674 periculo
958 2590 1090 2654 marino
1106 2607 1146 2654 sc
1160 2589 1201 2654 de
1217 2589 1379 2654 terrestri.

403 2699 470 2766 Nec
487 2701 599 2766 obstat
618 2705 690 2784 ca'p.
713 2701 771 2764 fin.
796 2700 867 2783 huj.
887 2699 955 2776 tit.;
976 2717 1057 2764 nam
1074 2699 1131 2764 vel
1149 2687 1427 2781 textus'intelligi
1439 2699 1541 2764 debet

263 2898 266 2904 Ι
363 2827 443 2873 cum
458 2810 653 2892 negatione,
673 2835 688 2867 α
705 2810 880 2873 usurarius
898 2815 968 2874 nori
984 2814 1036 2874 est
1049 2810 1252 2888 censendus,
1270 2835 1286 2868 »
1300 2809 1484 2891 vetegitur
1498 2809 1540 2874 de

363 2936 445 2984 casu
460 2937 528 3002 quo
547 2918 736 3002 periculum
755 2918 952 2984 amittendae
972 2919 1072 2983 sortis
1090 2937 1160 2984 non
1182 2925 1235 2984 est
1252 2917 1443 3002 probabile;
1459 2935 1540 2982 nam

363 3034 402 3092 ut
416 3027 534 3092 titulus
548 3027 604 3093 ille
618 3029 661 3092 sit
673 3027 858 3110 legitimus,
875 3030 1058 3110 requiritur
1073 3034 1206 3094 certum
1217 3027 1273 3093 vel
1290 3027 1463 3112 probabile
1481 3045 1541 3110 pe-

363 3135 520 3223 riculum,
536 3141 691 3220 utsupra
707 3136 833 3200 dictum
846 3142 913 3212 cst;
931 3137 1058 3201 etenim
1071 3136 1127 3201 bic
1137 3135 1255 3201 titulus
1270 3135 1314 3201 ad
1330 3135 1541 3220 superiorem

363 3245 516 3310 revocari
530 3248 653 3327 potest.

402 3353 450 3415 Ex
463 3353 529 3417 boc
541 3358 576 3418 ot
589 3352 754 3435 superiori
771 3351 879 3428 titulo,
898 3351 1025 3436 aliquid
1040 3353 1144 3437 accipi
1156 3355 1279 3437 potest,
1290 3352 1370 3417 licet
1383 3371 1457 3417 sors
1469 3369 1540 3416 non

362 3466 490 3544 pereat,
506 3477 545 3526 ac
558 3461 700 3544 proinde
715 3465 878 3525 mutuans
891 3461 1024 3525 nullum
1038 3461 1182 3526 delacio
1199 3463 1362 3527 damnum
1375 3461 1539 3546 potiatur;

362 3588 443 3634 nam
456 3570 570 3652 ipsum
582 3568 771 3652 periculum
786 3575 838 3633 est
851 3571 961 3653 pretio
974 3570 1184 3636 aestimabile.

403 3679 431 3758 e)
446 3675 575 3740 Titulus
592 3677 793 3740 venditionis
808 3677 912 3757 justa
931 3685 1050 3742 mortno
1068 3679 1243 3744 immiste.
1267 3679 1326 3743 Hic
1347 3677 1465 3743 titulus
1485 3684 1539 3742 est

361 3784 546 3867 legitimus,
560 3787 589 3848 1ο
602 3785 629 3848 si
641 3784 867 3867 praevideatur
875 3785 1024 3866 pretium
1034 3787 1084 3849 rei
1092 3786 1364 3865 diminuendum‚
1373 3792 1407 3850 et
1416 3805 1539 3851 conve-

360 3894 474 3959 niatur
484 3892 574 3978 quod
583 3893 754 3957 restitutio
764 3893 824 3957 liat
832 3892 1020 3957 secundum
1031 3899 1236 3976 presentem
1247 3896 1511 3959 aestimationem
1526 3915 1535 3956 :

360 4021 394 4066 v.
422 4020 455 4082 g.
476 4018 538 4086 pro
562 3999 669 4064 tribus
698 4000 821 4066 modiis
847 4000 947 4064 tritici
977 4019 1123 4086 quorum
1149 4003 1276 4084 singuli
1305 4021 1397 4067 nunc
1421 4001 1539 4068 vatem

360 4107 714 4186 tarraconensium
735 4107 861 4172 debent
877 4127 948 4184 sex,
967 4127 1113 4194 quorum
1137 4109 1263 4190 singuli
1288 4127 1358 4175 non
1385 4111 1539 4176 valerent

362 4215 427 4278 nisi
444 4217 464 4280 a
484 4217 630 4283 truncos.

401 4325 434 4387 θ’
448 4325 481 4388 Si
496 4343 566 4389 non
586 4325 813 4409 praevideatur
833 4327 981 4409 pretium
1000 4326 1197 4408 augendum
1221 4326 1277 4392 vel
1294 4328 1537 4404 minuendum,

360 4431 495 4498 secluso
517 4433 584 4500 alio
601 4440 711 4518 pacto,
732 4435 903 4499 restitutio
922 4436 1033 4498 mutui
1054 4435 1155 4500 debet
1174 4436 1249 4500 lieri
1267 4436 1302 4499 in
1326 4442 1459 4514 natura,
1486 4455 1539 4500 se-

358 4542 509 4608 cundum
522 4544 614 4608 idem
628 4563 750 4625 genus,
771 4545 994 4630 quantitatem
1012 4551 1047 4611 et
1061 4545 1271 4634 qualitatem,
1293 4547 1366 4610 sive
1386 4546 1537 4631 pretium

360 4656 490 4717 crescat
504 4651 576 4715 sive
591 4651 773 4720 decrescat.
