3482 5560
366 557 428 622 m
827 575 878 620 sus
899 575 1079 622 carosum.

367 709 528 758 excessus
542 691 584 755 de
591 693 669 774 jure
683 690 829 756 naturali
843 691 1097 769 restituidebet,
1110 689 1299 774 acprcinde
1310 695 1390 756 auto
1400 707 1540 756 omnem

367 801 573 866 sententiam
580 798 719 882 judicis.

683 983 714 1034 ll.
730 981 779 1033 cul
794 980 925 1034 lactenda
938 981 975 1035 stt
989 981 1050 1034 hmc
1063 981 1226 1034 restitutio?

406 1131 438 1192 l⁰
452 1129 591 1193 Attente
612 1131 690 1211 jure
712 1128 869 1206 naturali,
891 1135 1068 1214 acceptum
1091 1129 1275 1194 simoniace
1296 1128 1427 1192 restitui
1441 1128 1544 1192 debet

365 1238 453 1321 parti
466 1236 568 1313 laesae,
591 1255 672 1300 cum
685 1237 758 1302 haec
774 1236 1020 1302 damnificetur.
1039 1235 1166 1302 Tamen
1183 1257 1246 1321 per
1263 1238 1468 1302 sententiam
1488 1239 1543 1318 jn-

366 1345 459 1421 dicis,
475 1343 559 1409 illud
581 1349 759 1430 acceptum
785 1344 971 1427 adjudicari
990 1349 1104 1428 potest
1123 1344 1278 1410 Ecclesiae
1298 1344 1337 1425 (c.
1356 1345 1391 1408 lt
1413 1343 1447 1408 h.
1466 1343 1540 1428 tit).

366 1453 462 1519 Ratio
485 1459 548 1528 est,
565 1455 645 1539 quia
659 1458 794 1536 emptor
807 1455 855 1518 rei
872 1454 1065 1537 spiritualis
1082 1456 1125 1520 ob
1137 1459 1206 1520 tarn
1220 1473 1324 1536 grave
1335 1452 1456 1528 scelus,
1471 1471 1543 1516 me-

366 1567 463 1628 retur
476 1563 604 1646 privari
619 1565 729 1646 pretio
743 1563 834 1628 dato.

404 1672 482 1736 llaec
494 1671 683 1756 procedunt
693 1673 797 1738 etiam
809 1673 844 1737 in
855 1673 1004 1738 simonia
1018 1673 1169 1750 mentali,
1187 1673 1214 1737 si
1232 1673 1313 1762 quid
1336 1673 1462 1754 injuste
1487 1687 1542 1734 ac-

365 1785 504 1862 ceptum
529 1779 588 1854 sit;
611 1780 638 1842 si
658 1779 852 1845 veronulla
873 1781 1041 1864 injustitia
1061 1781 1245 1845 commissa
1268 1779 1366 1845 sitin
1387 1780 1475 1844 iacto
1494 1779 1538 1842 si-

365 1887 534 1962 moniaco,
549 1886 633 1950 nihil
647 1887 711 1950 erit
724 1888 976 1953 restituendum
991 1891 1030 1970 (c.
1050 1889 1109 1952 lln.
1125 1889 1159 1951 h.
1178 1889 1251 1969 tit).

404 1995 438 2058 2⁰
453 1992 490 2057 ln
504 2011 608 2058 causa
622 1994 821 2070 beneficiali,
846 1995 982 2078 quando
1007 1995 1167 2080 utrinque
1189 2000 1306 2059 secuta
1327 1999 1380 2058 est
1394 1993 1540 2068 traditio,

365 2089 514 2184 pretium
529 2101 753 2166 simoniacum
768 2102 880 2179 debet,
898 2102 1019 2166 saltem
1035 2103 1166 2184 dejure
1185 2103 1411 2166 ecclesiastico
1435 2103 1474 2184 (c.
1504 2102 1539 2164 ll

366 2209 399 2272 h.
418 2209 492 2290 tit),
503 2208 637 2272 restitui
651 2208 800 2274 ecclesiae
812 2210 847 2273 in
862 2210 1049 2293 quesitum
1066 2213 1119 2273 est
1134 2209 1349 2284 beneficium,
1365 2208 1431 2284 uel,
1447 2209 1476 2273 si
1489 2227 1543 2271 sn-

366 2316 479 2398 perior
492 2315 583 2380 illius
598 2314 748 2381 ecclesiae
762 2315 856 2394 velit,
874 2317 955 2402 ipsis
968 2317 1184 2400 pauperibus.
1201 2315 1327 2382 Tamen
1339 2319 1439 2399 juxta
1452 2315 1541 2379 Reii-

366 2425 467 2488 tenst.
485 2425 530 2506 (n.
544 2425 605 2488 296
616 2425 649 2488 h.
666 2425 730 2508 tit.)
750 2431 785 2489 et
798 2425 895 2502 alios,
912 2427 1017 2489 etiam
1031 2425 1067 2488 in
1080 2425 1146 2488 hoc
1164 2443 1245 2490 casu
1264 2423 1464 2488 retinendus
1486 2441 1538 2488 es·

368 2537 420 2596 set
439 2532 522 2598 ordo
543 2535 760 2618 praescriptus
786 2553 807 2599 a
826 2537 904 2616 jure
923 2532 1081 2609 naturali,
1100 2553 1224 2616 nempe
1238 2538 1317 2598 ante
1335 2533 1540 2597 sententiam

364 2639 488 2723 judicia
502 2643 671 2707 restitutio
686 2643 759 2706 tleri
774 2648 891 2726 posset
904 2643 951 2706 illi
967 2643 1023 2726 qui
1039 2641 1142 2706 dedit.

771 3049 1037 3124 *TITULUS
1075 3051 1140 3124 lv.

368 3235 405 3280 NE
427 3235 560 3282 PRAELATI
581 3235 667 3280 t'tctes
687 3237 771 3294 SUAS,
794 3237 852 3283 VEL
869 3239 1026 3284 accensus
1048 3239 1102 3284 SUB
1123 3240 1224 3285 ANNUO
1245 3239 1338 3284 cusat·
1352 3239 1539 3285 educuntur.

407 3531 503 3596 Nora.
533 3531 614 3597 Post
628 3535 864 3600 tractationem
886 3535 1084 3617 generalem
1107 3536 1150 3600 de
1171 3537 1326 3612 simonia,
1347 3539 1406 3619 jus
1427 3533 1462 3599 in
1475 3535 1541 3600 huc

368 3644 403 3704 et
419 3642 574 3722 sequenti
592 3643 690 3707 titulo
708 3645 779 3726 agit
798 3644 839 3708 de
855 3645 978 3729 duplici
997 3646 1108 3728 specie
1122 3645 1315 3730 particulari
1330 3665 1336 3707 :
1354 3645 1465 3728 prima
1486 3643 1543 3707 illa

368 3750 420 3810 est
435 3767 509 3830 quae
524 3749 690 3813 committi
704 3755 818 3833 potest
829 3753 863 3815 in
879 3753 1099 3818 concessione
1113 3753 1383 3838 praelaturorum,
1396 3751 1541 3832 dignita-

369 3858 453 3932 tum,
479 3861 560 3932 etc.;
585 3857 692 3923 altera
711 3861 847 3943 respicit
867 3862 902 3925 id
922 3862 1012 3947 quod
1038 3867 1212 3948 peteretur
1236 3880 1298 3946 pro
1321 3861 1459 3926 licentia
1482 3859 1540 3924 do-

370 3961 479 4028 cendi.

522 4132 542 4181 1.
558 4129 684 4184 simonia
698 4133 742 4186 est
754 4134 807 4187 sub
822 4133 918 4190 annuc
931 4148 1018 4192 censu
1033 4150 1084 4189 sau
1100 4135 1190 4202 pretto
1205 4131 1381 4189 concedere:
1507 4189 1510 4196 ,

412 4274 443 4337 l·
462 4273 737 4342 iurisdictionem
760 4281 970 4364 spiritualem
993 4282 1225 4364 dignitatibus,
1244 4279 1364 4346 ciliciis
1385 4283 1418 4343 et
1437 4279 1539 4342 bene-

369 4379 453 4444 llciis
467 4399 649 4448 annexam.
665 4385 803 4452 Constat
817 4407 860 4452 ex
871 4390 1004 4454 rubrica
1019 4395 1054 4454 et
1067 4410 1095 4454 c.
1108 4392 1137 4465 l,
1154 4391 1184 4466 l,
1198 4390 1217 4453 3
1230 4389 1264 4452 h.
1277 4374 1374 4451 titjet
1389 4405 1432 4450 ex
1443 4402 1538 4449 conc.

370 4487 470 4564 Trid.‚
485 4509 568 4554 sess.
584 4493 634 4571 25,
650 4512 677 4558 c.
693 4496 742 4572 ll,
759 4495 886 4580 chef.
904 4498 1000 4563 Ratio
1020 4505 1082 4574 est,
1104 4499 1183 4583 quia
1197 4499 1232 4561 in
1246 4498 1311 4561 hcc
1326 4513 1408 4559 casu
1424 4491 1542 4557 vendi·

371 4601 427 4659 tur
441 4597 612 4680 spirituale
624 4621 686 4685 pro
701 4606 809 4687 pretio
825 4607 1004 4690 temporali
1023 4608 1211 4673 locationis.
1230 4607 1297 4671 Nec
1316 4606 1428 4668 obstat
1450 4600 1541 4685 quod

373 4701 454 4768 clim
467 4707 576 4787 viguit
590 4712 704 4792 praxis
719 4733 785 4796 que
799 4713 910 4778 clerici
933 4716 1080 4781 Gamerae
1100 4715 1293 4798 apostolicae
1310 4718 1345 4776 et
1368 4709 1541 4775 auditores
