3412 5570
533 537 619 584 ursan
640 539 768 594 cururus
789 541 1010 601 oacnsrsnruu.
1305 519 1366 586 lid
1436 609 1439 620 ,

229 654 398 739 J'J'litulus
405 645 519 742 poeriae
533 658 807 735 conventionalia,
832 659 914 724 darn
931 659 1160 723 mutuatarius
1178 676 1215 722 se
1238 657 1368 740 obligat

189 765 233 830 ad
245 763 494 848 aliquidsupra
507 771 636 830 sortem
653 765 868 843 solvendum,
891 766 920 831 si
939 771 1091 851 tempore
1111 767 1251 850 praeflxo
1270 764 1365 832 illam

102 899 108 910 ·
190 892 260 938 non
274 874 441 939 restituat.
458 874 489 938 1⁰
502 875 561 939 Hic
572 875 691 940 titulus
706 881 759 940 est
772 874 955 957 legitimus,
973 873 1095 940 saltem
1118 875 1146 939 si
1162 893 1260 940 mora
1273 875 1364 940 dehi-

189 985 273 1048 toris
288 984 331 1047 sit
345 983 502 1049 notabilis
517 989 552 1049 et
565 985 751 1068 culpabilis,
769 1003 914 1050 necnon
929 985 958 1048 si
976 1003 1077 1068 poena
1100 985 1144 1048 sit
1160 984 1267 1068 culpae
1287 1003 1366 1068 pro-

190 1091 383 1176 portionata
397 1092 481 1156 etin
494 1111 530 1158 se
545 1091 731 1158 moderata.
745 1092 863 1157 Usurae
876 1109 951 1177 quae
966 1093 1198 1176 percipiuntur
1210 1095 1250 1155 ut
1262 1111 1367 1176 poena

191 1201 470 1278 conventionalia,
478 1206 645 1266 vocantur
653 1201 845 1266 moratoriae
854 1217 916 1265 seu
924 1199 1268 1285 punitoriae;caeterae
1281 1219 1365 1266 vero
1481 1235 1488 1248 ·
1552 1245 1556 1260 .

191 1325 304 1373 usurae
319 1328 362 1374 ex
374 1309 499 1375 damno
510 1315 718 1392 emergente,
731 1308 826 1374 lucro
840 1312 1008 1385 cessante,
1021 1311 1084 1374 etc.
1102 1313 1240 1385 exacta,
1254 1308 1366 1396 appel-

190 1416 305 1483 lantur
317 1417 963 1501 compensatoriaesiverestauratoriae.
1363 1491 1366 1498 p

230 1525 263 1588 2⁰
279 1523 362 1588 (lum
376 1524 475 1590 titulo
494 1543 605 1609 poena
619 1525 890 1590 conventionalis
904 1525 1067 1590 contundi
1081 1543 1152 1592 non
1167 1525 1269 1590 dehet
1291 1525 1369 1590 titu-

182 1611 244 1700 'lus
257 1635 374 1702 ditatae
387 1634 573 1711 solutionis,
597 1635 654 1720 qui
674 1635 710 1700 in
730 1651 771 1698 eo
790 1634 947 1699 consistit
963 1637 1002 1699 ut
1022 1635 1098 1718 quis
1120 1653 1157 1699 se
1175 1633 1304 1716 obliget
1321 1633 1366 1699 ad

192 1762 261 1808 non
275 1727 500 1828 repetendum
514 1745 666 1809 debitum
680 1745 770 1810 intra
785 1749 916 1809 certum
930 1743 1136 1820 terminum
1152 1762 1233 1808 nam
1252 1744 1289 1808 in
1302 1744 1369 1808 hoo

192 1871 273 1918 casu
291 1852 375 1917 nihil
393 1853 483 1935 exigi
496 1857 620 1936 potest,
636 1869 715 1918 cum
728 1853 802 1917 haec
818 1851 979 1934 obligatio
998 1869 1069 1917 non
1083 1851 1257 1935 repetendi
1274 1852 1365 1915 intra

192 1959 289 2024 illum
306 1961 491 2026 terminum
510 1961 553 2024 sit
573 1959 757 2028 intrinseca
774 1964 907 2037 mutuo,
933 1965 973 2024 ut
991 1959 1049 2024 tali
1069 1980 1077 2023 ε
1100 1977 1205 2044 quare
1225 1957 1298 2023 lun.
1320 1957 1365 2021 xl

193 2068 367 2134 damnavit
388 2074 590 2152 sequentem
610 2069 905 2152 propositionem:
928 2093 944 2128 α
964 2067 1047 2132 Cum
1066 2072 1247 2134 numerata
1265 2084 1368 2151 pecu·

193 2177 250 2242 nia
259 2178 493 2261 pretiosiorsit
502 2178 725 2256 numeranda,
742 2177 899 2243 etuullus
911 2179 956 2242 sit
970 2178 1028 2263 qui
1038 2195 1108 2242 nou
1118 2176 1369 2260 maiorislaciat

192 2287 371 2369 pecuniam
384 2292 590 2369 praesentem
605 2305 708 2372 quam
721 2289 884 2364 futuram,
897 2292 1010 2372 potest
1022 2285 1171 2352 creditor
1188 2284 1278 2350 ultra
1296 2302 1367 2349 sor·

193 2398 262 2458 tarn
273 2393 642 2478 aliquidamutuatario
653 2397 798 2478 exigere,
804 2401 838 2461 et
847 2414 888 2460 eo
898 2395 995 2460 titulo
1006 2395 1048 2460 ab
1059 2412 1164 2458 usura
1174 2393 1340 2458 excusari.
1350 2418 1365 2450 n

231 2504 263 2567 3⁰
278 2502 382 2568 Poena
399 2491 443 2568 ob
457 2521 591 2568 moram
611 2504 647 2567 in
667 2503 831 2569 solvendo
851 2508 965 2588 potest
983 2503 1114 2586 imponi
1131 2502 1219 2583 lege,
1239 2505 1367 2566 statuto

190 2612 247 2676 vel
261 2613 519 2689 consuetudine,
534 2631 613 2676 curn
630 2612 828 2695 hujusmodi
843 2612 1040 2678 constitutio
1057 2609 1142 2676 nihil
1160 2610 1285 2675 habeat
1304 2610 1368 2674 ini-
1498 2681 1501 2694 y

191 2719 340 2803 quitatis,
356 2720 427 2784 imo
447 2720 637 2786 conducere
656 2721 765 2803 possit
784 2719 828 2784 ad
845 2717 1091 2784 accuratiorem
1111 2717 1366 2783 observantiam

191 2827 353 2892 initorum
364 2833 610 2894 contractuum.
749 2827 753 2836 '

231 2935 350 3000 Utrum
365 2938 469 3002 ctiam
482 2937 709 3003 conventione
732 2939 823 3002 inter
843 2940 1083 3004 contrahentes
1106 2937 1236 3020 imponi
1258 2937 1368 3020 possit

190 3047 264 3112 haec
281 3048 404 3129 poena?
422 3045 626 3110 dubitarunt
647 3045 728 3110 olim
743 3046 868 3128 plures.
891 3045 1088 3111 Communis
1112 3050 1228 3111 tamen
1250 3045 1365 3128 opinio

192 3154 339 3218 admittit
356 3170 495 3236 pennam
517 3153 812 3218 conventionalem
832 3153 869 3216 in
893 3153 1143 3218 conditionibus
1164 3171 1267 3234 supra
1279 3150 1367 3216 indi-

190 3263 284 3338 catis,
302 3261 428 3326 scilicet
443 3259 579 3344 quando
594 3277 691 3325 mora
712 3266 764 3326 est
782 3261 941 3326 notabilis
960 3265 995 3326 et
1008 3261 1195 3344 culpabilis.
1212 3259 1369 3325 Procedit

190 3369 266 3448 hoc,
280 3371 383 3434 ctiam
398 3371 425 3433 si
441 3387 483 3434 ex
494 3387 592 3434 mora
605 3369 763 3434 creditori
776 3369 909 3434 nullum
924 3376 1079 3452 emergat
1090 3369 1270 3445 damnum;
1286 3369 1366 3452 quia

191 3496 293 3560 poena
321 3478 488 3560 adjicitur,
516 3495 586 3542 non
610 3483 680 3543 tarn
704 3477 748 3542 ad
772 3477 935 3544 damnum
962 3477 1167 3554 cavendnm,
1199 3495 1303 3561 quam
1325 3475 1368 3541 ad

192 3584 398 3650 firmandum
416 3590 639 3651 contractum.

232 3697 264 3779 q)
285 3694 414 3760 litulus
434 3696 516 3780 lepis
529 3697 644 3761 cicilia.
669 3698 700 3760 i·
722 3697 810 3762 Olim
828 3699 914 3762 acris
937 3697 1048 3779 viguit
1071 3695 1256 3779 disputatio
1277 3695 1368 3760 inter

190 3805 394 3880 canonistas,
411 3804 537 3882 utrum,
554 3804 687 3870 secluso
704 3805 771 3870 alio
791 3807 884 3871 omni
903 3805 1013 3882 titulo,
1030 3823 1135 3869 usura
1148 3804 1365 3871 cohonestari

190 3913 299 3994 possit
324 3930 368 3975 ex
389 3913 500 3976 causis
521 3912 680 3996 publicis,
707 3913 829 3997 quihus
848 3913 997 3978 innitens
1023 3913 1180 3996 princeps
1205 3911 1282 3992 lege
1305 3929 1368 3976 sua

191 4020 393 4084 concederet
406 4038 483 4084 eam
492 4024 656 4104 tanquam
665 4020 812 4086 licitam?
822 4021 940 4086 Plures
952 4022 1178 4097 affirmabant,
1192 4022 1271 4106 quia
1279 4023 1368 4105 prin-

187 4128 318 4211 cipium
339 4127 499 4209 generale
519 4127 677 4212 estquod
694 4125 862 4212 princeps,
881 4129 917 4192 vi
940 4129 1169 4207 dominiielti,
1191 4130 1234 4194 ob
1248 4147 1369 4194 causas

191 4235 341 4318 publicas
360 4235 468 4318 possit
488 4235 668 4318 disponere
692 4235 734 4300 de
754 4237 853 4300 bonis
873 4237 1099 4323 subditorum,
1123 4241 1225 4320 prout
1243 4235 1367 4301 melius

192 4347 245 4408 est
258 4344 348 4408 bono
363 4343 497 4428 publico
514 4365 521 4408 ε
539 4345 763 4429 quamohrem
782 4345 908 4428 poterit
927 4344 1123 4428 dispensare
1141 4347 1313 4428 princeps,
1329 4350 1368 4410 ut

189 4451 322 4516 lucrum
337 4450 475 4536 aliquod
491 4452 579 4518 ultra
594 4457 721 4517 sortem
736 4472 779 4518 ex
796 4454 916 4519 alienis
930 4454 1028 4518 bonis
1042 4453 1248 4536 proveniens
1269 4453 1368 4518 cedat

190 4559 365 4636 creditori;
389 4559 450 4624 sed
473 4559 515 4624 de
537 4560 600 4624 hac
620 4561 752 4626 ratione
772 4581 874 4648 supra
893 4563 930 4644 (s.
949 4562 1000 4643 1²)
1016 4565 1129 4626 actum
1150 4565 1211 4626 est.
1238 4560 1365 4626 Confir-

192 4673 288 4732 mant
308 4687 330 4733 a
348 4669 420 4754 pari
435 4687 479 4734 ex
499 4667 694 4738 detentione
713 4671 763 4738 rei
777 4669 896 4736 alienae
912 4673 947 4734 et
961 4669 1178 4757 usucapione,
1195 4687 1270 4758 quse
1285 4674 1366 4734 sunt
