3500 5552
558 623 645 676 ilcan
667 627 793 684 corrrus
816 627 1039 678 nscnrranrou.
1327 615 1386 678 atr

251 749 284 815 4⁰
298 749 493 834 Requiritur
507 753 545 812 ut
556 753 732 831 peccatum
748 745 829 812 illud
845 748 889 812 sit
902 755 1040 824 certum,
1060 751 1133 812 tum
1155 749 1268 831 quoad
1282 767 1388 814 rescr-

212 859 397 932 vationem,
410 861 484 920 turn
500 856 612 940 quoad
625 855 847 936 gravitatem3
862 871 942 919 nam
957 855 993 918 in
1006 854 1108 919 dubio
1126 872 1170 918 an
1186 856 1229 919 sit
1244 855 1388 920 mortale

212 965 267 1030 vel
290 950 518 1040 reservatum,
545 982 615 1028 non
644 967 804 1028 censetur
830 967 1051 1040 reservatum,
1081 969 1154 1026 tum
1181 964 1260 1046 quia
1290 982 1389 1028 secus

211 1073 460 1138 administratio
475 1072 678 1137 sacramenti
697 1073 906 1155 poenitentia
922 1076 1013 1137 esset
1028 1072 1129 1136 nimis
1145 1090 1300 1150 onerosa,
1318 1078 1389 1138 tam

210 1182 426 1248 confessariis
440 1198 543 1264 quam
553 1181 807 1264 poenitentibus,
822 1185 895 1243 tum
906 1179 986 1263 quia
997 1180 1183 1246 reservatio
1195 1185 1248 1246 cst
1257 1180 1386 1260 odiosa,

212 1310 249 1356 ao
262 1291 404 1375 proinde
417 1289 655 1371 restringenda
670 1291 897 1374 potiusquam
912 1289 1115 1373 amplianda.
1131 1289 1242 1374 Aliqui
1259 1290 1389 1354 addunt

212 1399 353 1464 alteram
374 1397 605 1464 conditionem
626 1417 668 1462 ex
686 1403 781 1480 parte
801 1382 956 1480 subjecti,
973 1416 1097 1481 nempe
1124 1402 1162 1461 ut
1176 1399 1220 1460 sit
1232 1417 1253 1461 α
1260 1398 1388 1484 pudere

211 1509 436 1585 commissam,
465 1505 640 1590 quianon
667 1505 779 1570 solent
802 1505 970 1580 reservari
998 1509 1136 1587 peccata
1157 1505 1385 1588 impuberum,
1443 1567 1453 1580 ,

212 1617 255 1681 ob
270 1616 536 1681 imbecillitatem
553 1620 672 1680 status.
689 1614 783 1679 Unde
797 1615 992 1698 impuberes
1008 1633 1076 1680 uon
1091 1618 1275 1679 censentur
1295 1633 1387 1680 com·

210 1725 370 1808 prehensi
392 1724 428 1788 in
448 1725 583 1788 decreto
606 1723 859 1802 reservationis,
885 1723 950 1788 nisi
975 1723 1017 1788 de
1040 1723 1122 1806 ipsis
1148 1724 1207 1788 liat
1226 1742 1387 1807 expressa

209 1833 349 1897 mentio.

249 1945 274 2025 c)
291 1944 338 2007 De
354 1945 484 2008 resideas
500 1945 534 2007 in
549 1945 654 2029 specie
668 1941 857 2006 reservatis.
870 1943 901 2006 1⁰
918 1941 1065 2007 Peccatis
1079 1941 1221 2006 Summo
1234 1939 1387 2006 Pontillci

208 2051 390 2116 reservatis
411 2053 601 2133 generatim
620 2067 752 2116 annexa
772 2053 824 2114 est
842 2067 997 2126 censura,
1016 2054 1049 2114 et
1067 2049 1123 2116 illa
1143 2051 1187 2114 ob
1205 2067 1386 2116 censuram

209 2164 289 2223 sunt
301 2165 475 2225 reservata
492 2179 499 2223 :
515 2160 606 2224 unde
627 2158 654 2222 si
678 2162 818 2242 propter
836 2157 1064 2240 ignorantiam
1085 2176 1230 2223 censura
1249 2177 1320 2232 non
1338 2159 1386 2222 in-

207 2273 377 2344 curratur,
399 2273 509 2334 cessat
529 2269 726 2333 reservatio.
759 2265 865 2350 igitur
891 2267 932 2332 de
959 2267 1093 2333 casibus
1123 2268 1277 2333 Romano
1302 2267 1386 2333 Pon·

208 2376 288 2441 tiilci
309 2378 492 2442 reservatis
508 2377 630 2458 'agitur
646 2377 682 2440 in
701 2375 798 2440 titulo
820 2377 977 2460 sequenti
997 2377 1037 2440 de
1057 2375 1236 2441 Sententia
1258 2395 1385 2441 ercom-

181 2545 183 2550 .
207 2485 456 2549 mtrm'cotr‘om's.
484 2485 569 2550 Sunt
589 2490 704 2550 tamen
728 2485 795 2549 duo
815 2503 914 2549 casus
933 2485 969 2548 in
991 2503 1027 2548 se
1053 2486 1216 2550 reservati
1244 2483 1384 2551 Summo

1 2611 2 2684 }
113 2644 116 2650 .
208 2589 371 2657 Pontifici.
387 2593 519 2656 Primus
538 2598 591 2657 est
608 2597 785 2675 peccatum
801 2591 939 2657 illorum
956 2593 1014 2676 qui
1033 2611 1095 2676 per
1109 2594 1239 2679 seipsos
1253 2593 1309 2659 vel
1324 2612 1386 2677 per

207 2700 291 2765 alios
305 2700 556 2766 calumniantur
571 2700 612 2764 de
627 2699 864 2765 sollicitatione
876 2701 1103 2765 confessarios
1120 2703 1174 2782 (ex
1189 2708 1296 2768 const.
1321 2701 1387 2767 So-

206 2816 418 2872 cromentum
437 2809 648 2892 paenitentiae
668 2807 792 2872 Bened.
823 2807 913 2890 xlv).
942 2808 1035 2872 Alter
1055 2827 1155 2874 casus
1179 2811 1310 2874 ratione
1333 2811 1385 2873 sui
1466 2876 1474 2890 ,

204 2922 398 2980 reservatus
417 2915 558 2980 Summo
577 2912 730 2979 Pontifici
753 2903 806 2978 est
824 2915 1009 2996 acceptatio
1032 2915 1112 2980 doni
1133 2934 1203 2980 non
1227 2927 1390 2980 remune-'

205 3025 320 3089 ratorii
348 3042 368 3089 a
389 3023 601 3105 regularibus
627 3023 805 3108 utriusque
839 3042 953 3099 sexus,
968 3021 1117 3107 'quando
1143 3025 1273 3088 donum
1301 3022 1384 3088 illud

204 3132 368 3214 pertingit
392 3131 434 3197 ad
464 3132 643 3197 materiam
671 3150 824 3213 gravem,
855 3132 999 3215 ideoque
1025 3131 1069 3196 ad
1092 3136 1270 3215 peccatum
1294 3150 1384 3196 mor-

206 3238 283 3304 tale.
309 3240 341 3303 Si
368 3239 498 3304 donum
519 3237 631 3303 valeat
659 3239 764 3323 pluris
793 3239 911 3304 decem
936 3243 1111 3303 scutorum
1136 3239 1382 3317 Romanorum,

206 3347 371 3429 recipiens
388 3365 458 3411 non
479 3350 596 3429 posset
608 3346 739 3412 absolvi
754 3365 775 3411 a
791 3346 913 3429 majori
928 3347 1190 3428 paenitentiario
1209 3347 1274 3411 nisi
1289 3347 1383 3430 prius

82 3479 83 3484 ¹
207 3459 316 3520 totum
330 3456 498 3529 restituat,
512 3451 634 3518 saltem
647 3455 861 3518 sirestituare
871 3458 997 3537 posset.
1015 3455 1047 3517 Si
1057 3474 1139 3520 vero
1152 3455 1262 3520 valeat
1273 3455 1382 3518 mino-

205 3564 262 3640 ris,
274 3565 385 3646 major
399 3563 670 3647 poenitentiarius
683 3565 883 3646 darepoaset
893 3563 1089 3630 facultatem
1099 3563 1309 3638 absolvendi,
1318 3562 1383 3628 sal-

206 3677 275 3736 tem
288 3676 469 3756 postquam
483 3691 562 3755 pars
579 3673 620 3737 ab
637 3673 759 3737 eodem
775 3673 1024 3754 poenitentiario
1043 3673 1268 3738 determinata
1284 3671 1380 3736 resti-

206 3785 368 3843 tueretur.
389 3779 431 3842 At
447 3784 525 3863 post
543 3782 666 3846 iactam
689 3780 858 3861 integram
882 3781 1145 3856 restitutionem,
1169 3780 1224 3845 vel
1244 3779 1380 3864 quando

205 3886 406 3970 delinquens
427 3887 520 3953 nullo
541 3890 643 3954 modo
664 3889 754 3954 valet
775 3889 965 3964 restituere,
990 3889 1130 3972 quilibet
1152 3888 1380 3953 confessarius

204 3999 317 4077 potest
342 3994 530 4060 absolvere.
560 3995 610 4060 lta
631 3995 723 4060 bulla
750 3997 924 4079 llelr'qr'osre
950 3996 1133 4060 Clementis
1159 3995 1238 4071 Vlll,
1265 3995 1381 4086 quqer

204 4101 328 4167 Urbani
344 4103 424 4179 Vlll,
440 4103 560 4168 Poscor
579 4103 682 4166 bonus
699 4103 868 4168 Benedicti
890 4103 970 4168 lllV.
994 4104 1186 4170 Notandum
1209 4108 1261 4166 est
1277 4103 1380 4167 etiam
1435 4178 1438 4186 Ι

205 4210 296 4293 qnod
319 4201 535 4274 absolventes
560 4228 662 4273 suum
685 4210 884 4293 complicem
906 4212 941 4276 in
963 4217 1098 4294 peccato
1121 4211 1210 4293 turpi
1232 4209 1379 4275 strictius

204 4316 400 4380 vinciuntur
428 4316 505 4397 lege
534 4318 793 4392 reservationis;
823 4336 904 4382 nam
927 4317 1010 4382 illud
1037 4316 1224 4382 nefandum
1250 4318 1379 4381 crimen

204 4442 272 4506 quo
295 4425 370 4508 quis
394 4428 540 4489 attentat
565 4425 742 4513 absolvere
769 4444 871 4488 suurn
896 4425 1107 4508 complicem,
1132 4431 1184 4489 est
1212 4423 1381 4506 specialis·

205 4533 290 4597 simo
312 4532 416 4626 modo
441 4539 665 4610 reservatum,
689 4533 736 4597 ita
758 4537 796 4596 ut
817 4533 899 4598 illud
920 4552 989 4598 non
1012 4533 1320 4617 comprehendatur
1345 4533 1381 4596 in

204 4641 419 4705 iacultatibus
433 4641 649 4723 generalibus
665 4641 719 4706 vel
731 4641 931 4724 specialibus
947 4641 1181 4708 absolvendis
1197 4639 1379 4706 reservatis

206 4747 346 4814 Summo
361 4749 530 4824 Pontillci;
547 4767 685 4815 necesse
699 4754 752 4813 est
766 4755 803 4812 ut
824 4749 864 4814 de
880 4749 938 4814 illo
957 4749 1110 4833 specialis
1124 4752 1184 4814 flat
1197 4750 1337 4816 mentio.
