3388 5582
340 581 423 630 ssms
443 579 628 630 tirossamen
649 577 785 630 nscnurt
807 582 844 628 nc
864 577 1115 627 uncnsnnrronss.
1258 561 1318 628 dus

144 717 291 774 asserere,
314 705 368 762 se'u
387 703 476 762 etiarn
500 701 619 776 publice
641 700 822 776 disputando
845 697 1004 758 defendere
1025 697 1261 772 presumpserit,
1285 714 1321 758 eo

146 779 636 866 ipsoexcommunteatuseilstat.
1064 781 1067 787 '

181 884 261 940 sess.
278 883 442 952 thcxcap.
458 884 483 948 l,
499 879 534 938 dc
547 878 613 951 lies.
626 884 736 939 urata:
753 902 767 932 a
782 879 986 940 Dubitandum
1000 893 1060 938 nou
1076 884 1125 938 est
1136 877 1323 938 clandestina

145 969 346 1040 matrimonia,
366 968 459 1027 libero
481 967 721 1028 contrahentium
742 979 893 1030 consensu
914 969 1001 1041 lecta,
1030 973 1143 1027 ratast
1163 982 1323 1028 ramesse

145 1061 346 1130 matrimonia,
369 1057 503 1132 quandiu
530 1058 663 1117 Ecclesia
691 1074 727 1118 ea
754 1059 839 1118 irrita
866 1073 927 1118 non
948 1058 1032 1129 lecit,
1058 1062 1088 1116 ct
1112 1057 1236 1131 proinde
1256 1057 1324 1130 jure

146 1149 309 1209 damnandi
326 1153 400 1206 sunt
420 1147 474 1218 illi,
496 1153 530 1206 ut
548 1162 600 1206 eos
622 1150 884 1222 sanctasynodus
907 1147 1094 1208 anathemate
1117 1145 1247 1216 damnat,
1271 1139 1323 1218 qui

147 1255 182 1299 ea
208 1253 276 1298 uera
299 1253 334 1297 ac
359 1241 423 1296 rata
446 1251 512 1296 esse
539 1242 662 1313 negant,
683 1237 794 1312 quique
819 1237 896 1296 laiso
920 1236 1071 1295 alllrmant
1093 1233 1283 1293 matrimonia
1307 1246 1326 1290 a
1435 1247 1437 1256 ¹

147 1329 352 1388 llllislamilias
365 1328 432 1386 sine
445 1342 598 1386 consensu
614 1334 770 1401 parentum
786 1331 938 1388 contracta
952 1326 1036 1384 irrita
1051 1340 1130 1396 csso,
1143 1330 1172 1383 et
1185 1327 1324 1396 parentes

148 1433 182 1477 ea
197 1425 261 1476 rata
274 1417 320 1477 uel
336 1417 420 1475 irrita
434 1416 531 1476 lacere
545 1431 645 1490 possa.
659 1438 674 1474 n

199 1619 202 1626 '
215 1617 391 1684 suspenduntur
401 1615 438 1670 illi
452 1616 526 1682 quiin
540 1616 696 1670 conhabendo
707 1615 853 1670 matrimonio
864 1615 958 1683 sponsis
972 1615 1094 1682 illegitime
1106 1617 1255 1672 benedicunt.

185 1783 267 1841 sess.
283 1785 328 1852 24,
343 1797 380 1840 ex
393 1795 458 1855 cap.
476 1784 501 1852 t,
518 1781 554 1840 de
566 1781 630 1855 liet.
645 1786 756 1842 mota:
773 1781 886 1852 «Quod
903 1782 930 1840 si
945 1782 1015 1856 quis
1029 1782 1178 1855 parochus
1191 1782 1236 1840 rel
1247 1779 1327 1841 elius

150 1871 302 1942 sacerdos,
315 1871 380 1930 siue
394 1870 554 1944 regularis,
570 1871 633 1930 siue
650 1872 816 1941 secularis
836 1871 954 1930 etiamsi
971 1870 1029 1931 sihi
1048 1887 1085 1930 ex
1108 1871 1267 1947 priuilegio
1280 1870 1327 1930 rel

151 1961 359 2019 immemoriali
374 1959 594 2020 consuetudine
610 1961 699 2019 licere
714 1961 873 2020 contendat
888 1961 1012 2021 alterius
1030 1961 1179 2035 parochiae
1197 1974 1328 2033 sponsos
1436 1994 1441 2006 ·

151 2050 218 2109 sine
240 2049 361 2108 illorum
381 2048 502 2123 parochi
525 2049 645 2109 licentia
664 2050 856 2110 matrimonio
877 2051 1062 2125 conjungere
1082 2057 1134 2110 aut
1153 2048 1329 2109 benedicere

151 2153 244 2199 ausus
255 2139 354 2211 luerit,
369 2139 437 2214 ipso
449 2140 517 2213 iure
528 2139 634 2198 madia
644 2153 816 2213 suspensus
828 2146 958 2211 maneat,
972 2140 1107 2215 quandiu
1123 2139 1161 2201 ab
1175 2137 1328 2198 ordinario

151 2229 218 2304 eius
240 2228 362 2303 parochi
384 2231 435 2304 qui
449 2227 639 2290 matrimonio
653 2229 800 2289 interesse
819 2229 960 2302 debehat,
974 2244 1029 2290 scu
1048 2245 1067 2289 a
1083 2244 1144 2304 quo
1159 2227 1328 2288 benedictio

152 2319 348 2392 suscipienda
362 2326 434 2393 erat,
451 2320 633 2381 absolvatur.
648 2341 663 2376 i

152 2517 329 2586 Suspendantur
343 2518 380 2571 rel
400 2517 567 2570 interdicuntur
585 2517 625 2582 qai
642 2517 714 2572 ruiis
728 2516 802 2570 modis
818 2517 908 2570 violant
927 2530 1029 2570 canones
1046 2515 1074 2569 dc
1093 2528 1159 2569 sacra
1174 2515 1329 2569 ordhatione.

189 2686 269 2743 Sess.
285 2687 329 2754 23,
344 2698 381 2740 er
396 2697 460 2756 cap.
475 2685 503 2752 d,
516 2679 551 2739 de
564 2681 649 2752 lach:
665 2681 906 2755 «Unusquisque
916 2685 1016 2740 eutem
1027 2695 1043 2738 a
1053 2679 1174 2752 proprio
1184 2679 1327 2760 episcopo

153 2773 318 2832 ordinetur.
342 2771 425 2841 Quod
448 2771 474 2828 si
499 2769 568 2843 quis
590 2769 627 2830 ab
650 2769 709 2828 alio
732 2769 901 2841 promoveri
926 2775 1017 2842 petet,
1039 2768 1213 2828 nullatenus
1240 2767 1269 2828 ld
1291 2771 1329 2840 ei,

152 2863 240 2921 etiam
255 2861 391 2935 cujusvis
407 2859 558 2936 generalis
573 2865 626 2918 aut
640 2858 781 2932 specialis
796 2859 934 2932 rescripti
948 2859 995 2917 rel
1010 2858 1159 2934 privilegii
1172 2865 1331 2942 praetextu,

152 2951 241 3010 etiam
267 2951 388 3010 statutis
407 2949 593 3024 temporibus
614 2949 813 3022 permittatur,
835 2949 896 3008 nisi
918 2950 985 3024 eius
1005 2949 1139 3022 probitas
1162 2965 1197 3008 ac
1220 2963 1331 3019 morcS,

153 3041 297 3099 ordinarii
327 3040 375 3099 sui
405 3038 589 3110 testimonio,
618 3038 852 3098 commendetur.
881 3041 911 3098 Si
939 3055 1028 3100 secus
1052 3041 1114 3112 liat,
1142 3039 1287 3098 ordinans
1313 3053 1331 3096 a

153 3129 311 3189 collatione
325 3129 467 3189 ordinum
482 3144 535 3203 per
554 3134 726 3200 canumet
748 3129 905 3188 ordinatus
924 3144 943 3188 a
963 3135 1174 3204 susceptorum
1187 3129 1327 3189 ordinum

153 3218 357 3290 exsecutione,
379 3218 516 3292 quandiu
537 3217 658 3292 proprio
674 3217 826 3276 ordinario
846 3217 995 3278 ridebitur
1022 3218 1177 3291 expedire,
1197 3221 1239 3278 sit
1260 3233 1329 3278 sus·

154 3324 276 3383 pensus.
293 3333 307 3362 a

190 3402 268 3460 sess.
285 3403 330 3469 23,
347 3415 381 3457 ex
398 3413 464 3473 cap.
481 3403 524 3470 ll,
540 3397 576 3457 dc
588 3397 672 3470 Refi:
688 3418 703 3448 «
714 3399 787 3454 Cum
799 3396 945 3470 promotis
958 3413 1010 3472 per
1024 3399 1146 3469 saltum,
1162 3398 1189 3456 si
1201 3413 1261 3456 non
1277 3398 1331 3458 mi-

157 3489 360 3560 nistraverint,
377 3489 538 3562 episcopus
555 3502 592 3545 ex
607 3485 740 3561 legitima
752 3499 844 3544 causa
858 3486 955 3557 possit
969 3487 1155 3561 dispensare.
1172 3511 1187 3540 »

193 3583 274 3638 Sess.
291 3585 319 3650 7,
334 3594 370 3638 ex
381 3595 445 3652 cap.
460 3583 502 3649 td,
518 3577 553 3636 dc
564 3575 627 3648 lies.
640 3593 650 3635 :
665 3600 679 3630 a
690 3576 1010 3652 Nonliceatcapitulis‚
1027 3578 1096 3637 sede
1106 3583 1241 3648 vacante,
1252 3577 1330 3638 inlra

158 3683 271 3727 annum
286 3683 304 3726 a
320 3669 369 3727 die
389 3667 566 3738 uacationis,
586 3665 744 3726 ordinandi
760 3665 922 3738 licentiam,
941 3671 992 3726 aui
1010 3665 1123 3726 litteras
1142 3667 1331 3728 dimissorias

159 3773 213 3816 seu
228 3757 418 3828 reverendas,
434 3762 468 3815 ut
479 3756 571 3830 aliqui
586 3762 705 3827 vocant,
720 3763 782 3814 tam
796 3771 831 3815 ex
841 3756 920 3830 juris
933 3757 1105 3816 communis
1120 3757 1330 3830 dispositione,

158 3861 249 3921 quam
268 3848 356 3906 etiam
381 3847 516 3920 cujusvis
541 3845 690 3921 privilegii
712 3851 764 3904 aut
783 3845 1015 3905 consuetudinis
1038 3845 1152 3920 vigore,
1167 3846 1257 3907 alicui
1279 3848 1332 3920 qul

158 3937 294 3996 beneficii
315 3935 510 3996 ecclesiastici
533 3936 643 4008 recepti
668 3935 731 3994 sive
755 3935 918 4008 recipiendi
942 3936 1102 3995 occasione
1120 3925 1251 3996 arctatus
1271 3951 1330 3995 non

159 4027 257 4098 luerit,
273 4025 445 4085 concedere.
468 4026 497 4084 Si
514 4039 604 4084 secus
626 4025 688 4096 ilat,
705 4025 868 4099 capitulum
886 4027 1115 4086 contraveniens
1130 4027 1334 4087 ecclesiastico

158 4117 311 4191 subjaceat
325 4115 494 4186 interdicto,
509 4119 539 4173 et
553 4115 598 4173 sic
615 4115 755 4187 ordinati,
775 4116 801 4176 si
818 4117 849 4174 in
864 4116 1033 4176 minoribus
1048 4115 1206 4177 ordinibus
1220 4116 1334 4176 consti·

157 4207 213 4264 tuti
230 4205 351 4274 luerint,
367 4205 450 4265 nullo
467 4203 625 4278 priuilegio
640 4203 780 4276 clericali,
799 4207 966 4279 praescrtim
982 4206 1012 4264 in
1029 4206 1245 4277 criminalibus,
1260 4220 1335 4282 gau-

158 4297 257 4354 deant.
280 4298 312 4353 ln
332 4295 498 4368 majoribus
519 4307 591 4352 vero
610 4293 647 4352 ab
667 4295 861 4355 exsecutione
885 4296 1037 4366 ordinum,
1054 4295 1090 4354 ad
1114 4295 1334 4370 beneplacitum

40 4383 49 4407 ³
160 4385 252 4444 laturi
268 4384 394 4457 prelati,
408 4383 471 4442 sint
485 4382 552 4456 ipso
564 4383 633 4456 jure
645 4384 798 4456 suspensi.
815 4407 830 4436 »

199 4479 236 4534 Se
247 4480 321 4548 ssd,
336 4491 374 4534 ex
384 4489 449 4548 cap.
466 4479 493 4544 5,
509 4473 544 4533 de
557 4474 645 4547 defi:
662 4473 766 4534 «Nulli
780 4476 923 4550 episcopo
935 4478 1022 4537 liccat
1035 4478 1172 4551 cujusvis
1187 4477 1335 4552 privilegii

159 4570 301 4638 pretextu
330 4563 513 4638 pontificalia
540 4563 571 4621 in
600 4564 723 4624 alterius
744 4563 868 4626 dioecesi
888 4582 1036 4639 exercere,
1056 4568 1117 4627 nisi
1137 4567 1174 4627 de
1192 4568 1336 4628 ordinarii

159 4655 218 4741 loci
239 4667 383 4727 expressa
404 4653 535 4724 licentia,
558 4657 588 4711 ct
602 4654 633 4712 in
654 4669 801 4728 personas
821 4655 917 4715 eidem
932 4655 1083 4718 ordinario
1100 4657 1252 4731 subjectas
1274 4663 1337 4717 tan-

161 4749 234 4830 tum.
264 4746 292 4804 Si
319 4757 409 4804 secus
433 4743 543 4804 lactum
567 4743 667 4828 luerit,
690 4745 849 4818 episcopus
873 4746 910 4805 ab
931 4746 1071 4809 exercitio
1100 4747 1335 4822 pontificalium,
