<?xml version="1.0" encoding="UTF-8"?>
<!DOCTYPE html PUBLIC "-//W3C//DTD XHTML 1.0 Transitional//EN"
    "http://www.w3.org/TR/xhtml1/DTD/xhtml1-transitional.dtd">
<html xmlns="http://www.w3.org/1999/xhtml" xml:lang="en" lang="en">
 <head>
  <title>
</title>
<meta http-equiv="Content-Type" content="text/html;charset=utf-8" />
  <meta name='ocr-system' content='tesseract 3.04.00' />
  <meta name='ocr-capabilities' content='ocr_page ocr_carea ocr_par ocr_line ocrx_word'/>
</head>
<body>
  <div class='ocr_page' id='page_1' title='image "./juscanonicumjux01grangoog/juscanonicumjux01grangoog_0686.png"; bbox 0 0 3388 5582; ppageno 0'>
   <div class='ocr_carea' id='block_1_1' title="bbox 440 615 1266 683">
    <p class='ocr_par' dir='ltr' id='par_1_1' title="bbox 440 615 1266 683">
     <span class='ocr_line' id='line_1_1' title="bbox 440 615 1266 683; baseline 0.006 -4"><span class='ocrx_word' id='word_1_1' title='bbox 440 615 501 680; x_wconf 80' lang='lat' dir='ltr'>otu</span> <span class='ocrx_word' id='word_1_2' title='bbox 900 635 952 682; x_wconf 83' lang='lat' dir='ltr'>rus</span> <span class='ocrx_word' id='word_1_3' title='bbox 972 635 1152 683; x_wconf 66' lang='lat' dir='ltr'>caruncul-</span> <span class='ocrx_word' id='word_1_4' title='bbox 1261 639 1266 648; x_wconf 84' lang='grc'>’</span> 
     </span>
    </p>
   </div>
   <div class='ocr_carea' id='block_1_2' title="bbox 348 751 1665 4236">
    <p class='ocr_par' dir='ltr' id='par_1_2' title="bbox 435 751 1623 1359">
     <span class='ocr_line' id='line_1_2' title="bbox 439 751 1617 831; baseline 0.005 -21"><span class='ocrx_word' id='word_1_5' title='bbox 439 751 634 810; x_wconf 89' lang='lat' dir='ltr'>amissionem</span> <span class='ocrx_word' id='word_1_6' title='bbox 646 751 725 825; x_wconf 83' lang='lat' dir='ltr'>juris</span> <span class='ocrx_word' id='word_1_7' title='bbox 735 753 869 826; x_wconf 88' lang='lat' dir='ltr'>proprii:</span> <span class='ocrx_word' id='word_1_8' title='bbox 889 759 923 813; x_wconf 91' lang='lat' dir='ltr'>ut</span> <span class='ocrx_word' id='word_1_9' title='bbox 936 755 964 813; x_wconf 93' lang='lat' dir='ltr'>si</span> <span class='ocrx_word' id='word_1_10' title='bbox 978 761 1071 830; x_wconf 90' lang='lat' dir='ltr'>perte</span> <span class='ocrx_word' id='word_1_11' title='bbox 1086 769 1147 813; x_wconf 91' lang='lat' dir='ltr'>non</span> <span class='ocrx_word' id='word_1_12' title='bbox 1159 759 1227 826; x_wconf 89' lang='lat' dir='ltr'>stet,</span> <span class='ocrx_word' id='word_1_13' title='bbox 1240 755 1322 830; x_wconf 89' lang='lat' dir='ltr'>quod</span> <span class='ocrx_word' id='word_1_14' title='bbox 1346 756 1436 818; x_wconf 87' lang='lat' dir='ltr'>intra</span> <span class='ocrx_word' id='word_1_15' title='bbox 1450 773 1568 816; x_wconf 88' lang='lat' dir='ltr'>annum</span> <span class='ocrx_word' id='word_1_16' title='bbox 1580 773 1617 831; x_wconf 79' lang='lat' dir='ltr'>ap</span> 
     </span>
     <span class='ocr_line' id='line_1_3' title="bbox 439 839 1618 920; baseline 0.004 -23"><span class='ocrx_word' id='word_1_17' title='bbox 439 839 629 911; x_wconf 71' lang='lat' dir='ltr'><strong>pollutionem</strong></span> <span class='ocrx_word' id='word_1_18' title='bbox 643 855 705 900; x_wconf 94' lang='lat' dir='ltr'>non</span> <span class='ocrx_word' id='word_1_19' title='bbox 723 843 928 916; x_wconf 72' lang='lat' dir='ltr'>prosequaris,</span> <span class='ocrx_word' id='word_1_20' title='bbox 948 859 1009 903; x_wconf 91' lang='lat' dir='ltr'>non</span> <span class='ocrx_word' id='word_1_21' title='bbox 1025 845 1126 903; x_wconf 81' lang='lat' dir='ltr'>solvas</span> <span class='ocrx_word' id='word_1_22' title='bbox 1141 845 1221 904; x_wconf 83' lang='lat' dir='ltr'>intra</span> <span class='ocrx_word' id='word_1_23' title='bbox 1245 845 1428 918; x_wconf 86' lang='lat' dir='ltr'>terminum,</span> <span class='ocrx_word' id='word_1_24' title='bbox 1446 847 1528 920; x_wconf 85' lang='lat' dir='ltr'>quia</span> <span class='ocrx_word' id='word_1_25' title='bbox 1542 847 1618 906; x_wconf 89' lang='lat' dir='ltr'>credi·</span> 
     </span>
     <span class='ocr_line' id='line_1_4' title="bbox 438 931 1618 1007; baseline 0.003 -22"><span class='ocrx_word' id='word_1_26' title='bbox 438 931 485 985; x_wconf 91' lang='lat' dir='ltr'>tor</span> <span class='ocrx_word' id='word_1_27' title='bbox 498 943 558 986; x_wconf 92' lang='lat' dir='ltr'>non</span> <span class='ocrx_word' id='word_1_28' title='bbox 573 935 736 1003; x_wconf 87' lang='lat' dir='ltr'>comparet,</span> <span class='ocrx_word' id='word_1_29' title='bbox 751 935 808 990; x_wconf 90' lang='lat' dir='ltr'>etc.</span> <span class='ocrx_word' id='word_1_30' title='bbox 826 934 903 1004; x_wconf 83' lang='lat' dir='ltr'>(can.</span> <span class='ocrx_word' id='word_1_31' title='bbox 919 933 1178 1002; x_wconf 55' lang='lat' dir='ltr'>bainariorum,</span> <span class='ocrx_word' id='word_1_32' title='bbox 1192 938 1220 1002; x_wconf 85' lang='lat'>2,</span> <span class='ocrx_word' id='word_1_33' title='bbox 1235 948 1266 1007; x_wconf 90' lang='lat' dir='ltr'>q.</span> <span class='ocrx_word' id='word_1_34' title='bbox 1281 938 1310 1004; x_wconf 82' lang='lat' dir='ltr'>lt,</span> <span class='ocrx_word' id='word_1_35' title='bbox 1325 937 1356 992; x_wconf 92' lang='lat' dir='ltr'>et</span> <span class='ocrx_word' id='word_1_36' title='bbox 1373 950 1403 992; x_wconf 93' lang='lat' dir='ltr'>c.</span> <span class='ocrx_word' id='word_1_37' title='bbox 1419 940 1475 1006; x_wconf 80' lang='lat'>35,</span> <span class='ocrx_word' id='word_1_38' title='bbox 1491 934 1618 994; x_wconf 76' lang='lat' dir='ltr'>delibet</span> 
     </span>
     <span class='ocr_line' id='line_1_5' title="bbox 437 1017 1619 1098; baseline 0.003 -24"><span class='ocrx_word' id='word_1_39' title='bbox 437 1018 467 1074; x_wconf 91' lang='lat' dir='ltr'>in</span> <span class='ocrx_word' id='word_1_40' title='bbox 483 1021 524 1088; x_wconf 70' lang='grc' dir='ltr'>θ’,</span> <span class='ocrx_word' id='word_1_41' title='bbox 538 1017 579 1076; x_wconf 91' lang='lat' dir='ltr'>ibi</span> <span class='ocrx_word' id='word_1_42' title='bbox 592 1032 692 1077; x_wconf 84' lang='lat' dir='ltr'>onnus</span> <span class='ocrx_word' id='word_1_43' title='bbox 707 1017 832 1092; x_wconf 72' lang='lat' dir='ltr'>wioni),</span> <span class='ocrx_word' id='word_1_44' title='bbox 847 1020 920 1093; x_wconf 89' lang='lat' dir='ltr'>quia</span> <span class='ocrx_word' id='word_1_45' title='bbox 933 1020 1077 1093; x_wconf 91' lang='lat' dir='ltr'>impedito</span> <span class='ocrx_word' id='word_1_46' title='bbox 1099 1027 1219 1093; x_wconf 86' lang='lat' dir='ltr'>tempus</span> <span class='ocrx_word' id='word_1_47' title='bbox 1238 1036 1299 1079; x_wconf 92' lang='lat' dir='ltr'>non</span> <span class='ocrx_word' id='word_1_48' title='bbox 1314 1024 1426 1082; x_wconf 90' lang='lat' dir='ltr'>currit.</span> <span class='ocrx_word' id='word_1_49' title='bbox 1456 1023 1549 1082; x_wconf 80' lang='lat' dir='ltr'>Fallit</span> <span class='ocrx_word' id='word_1_50' title='bbox 1570 1040 1619 1098; x_wconf 80' lang='lat' dir='ltr'>reg.</span> 
     </span>
     <span class='ocr_line' id='line_1_6' title="bbox 437 1107 1620 1185; baseline 0.005 -21"><span class='ocrx_word' id='word_1_51' title='bbox 437 1107 496 1165; x_wconf 89' lang='lat' dir='ltr'>ista</span> <span class='ocrx_word' id='word_1_52' title='bbox 509 1107 540 1165; x_wconf 90' lang='lat' dir='ltr'>in</span> <span class='ocrx_word' id='word_1_53' title='bbox 553 1107 659 1179; x_wconf 88' lang='lat' dir='ltr'>lucris,</span> <span class='ocrx_word' id='word_1_54' title='bbox 675 1113 706 1166; x_wconf 89' lang='lat' dir='ltr'>et</span> <span class='ocrx_word' id='word_1_55' title='bbox 718 1109 873 1168; x_wconf 80' lang='lat' dir='ltr'>favoribus</span> <span class='ocrx_word' id='word_1_56' title='bbox 883 1109 1111 1182; x_wconf 88' lang='lat' dir='ltr'>conditionatis,</span> <span class='ocrx_word' id='word_1_57' title='bbox 1127 1111 1154 1168; x_wconf 93' lang='lat' dir='ltr'>si</span> <span class='ocrx_word' id='word_1_58' title='bbox 1168 1125 1222 1183; x_wconf 91' lang='lat' dir='ltr'>per</span> <span class='ocrx_word' id='word_1_59' title='bbox 1236 1125 1270 1169; x_wconf 90' lang='lat' dir='ltr'>se</span> <span class='ocrx_word' id='word_1_60' title='bbox 1290 1111 1453 1185; x_wconf 80' lang='lat' dir='ltr'><strong>pendeant</strong></span> <span class='ocrx_word' id='word_1_61' title='bbox 1470 1113 1513 1171; x_wconf 88' lang='lat' dir='ltr'>ab</span> <span class='ocrx_word' id='word_1_62' title='bbox 1527 1119 1620 1171; x_wconf 78' lang='lat' dir='ltr'>eventu</span> 
     </span>
     <span class='ocr_line' id='line_1_7' title="bbox 435 1197 1623 1274; baseline 0.003 -18"><span class='ocrx_word' id='word_1_63' title='bbox 435 1197 638 1258; x_wconf 86' lang='lat' dir='ltr'>conditionis:</span> <span class='ocrx_word' id='word_1_64' title='bbox 654 1212 683 1256; x_wconf 86' lang='lat' dir='ltr'>v.</span> <span class='ocrx_word' id='word_1_65' title='bbox 699 1213 730 1272; x_wconf 88' lang='lat' dir='ltr'>g.</span> <span class='ocrx_word' id='word_1_66' title='bbox 746 1199 799 1274; x_wconf 87' lang='lat' dir='ltr'>qui</span> <span class='ocrx_word' id='word_1_67' title='bbox 809 1199 899 1258; x_wconf 91' lang='lat' dir='ltr'>bodie</span> <span class='ocrx_word' id='word_1_68' title='bbox 912 1201 1041 1261; x_wconf 90' lang='lat' dir='ltr'>missam</span> <span class='ocrx_word' id='word_1_69' title='bbox 1053 1215 1107 1274; x_wconf 92' lang='lat' dir='ltr'>pro</span> <span class='ocrx_word' id='word_1_70' title='bbox 1117 1200 1261 1260; x_wconf 82' lang='lat' dir='ltr'>defuncto</span> <span class='ocrx_word' id='word_1_71' title='bbox 1270 1200 1393 1272; x_wconf 84' lang='lat' dir='ltr'>dixerit,</span> <span class='ocrx_word' id='word_1_72' title='bbox 1405 1217 1549 1262; x_wconf 87' lang='lat' dir='ltr'>aureum</span> <span class='ocrx_word' id='word_1_73' title='bbox 1561 1202 1623 1260; x_wconf 75' lang='lat' dir='ltr'>acci</span> 
     </span>
     <span class='ocr_line' id='line_1_8' title="bbox 435 1287 580 1359; baseline -0.007 -13"><span class='ocrx_word' id='word_1_74' title='bbox 435 1287 507 1359; x_wconf 90' lang='lat' dir='ltr'>piet,</span> <span class='ocrx_word' id='word_1_75' title='bbox 522 1293 580 1346; x_wconf 90' lang='lat' dir='ltr'>etc.</span> 
     </span>
    </p>

    <p class='ocr_par' dir='ltr' id='par_1_3' title="bbox 429 1376 1665 2709">
     <span class='ocr_line' id='line_1_9' title="bbox 469 1376 1665 1456; baseline 0.008 -22"><span class='ocrx_word' id='word_1_76' title='bbox 469 1377 550 1434; x_wconf 81' lang='lat' dir='ltr'>lllll.</span> <span class='ocrx_word' id='word_1_77' title='bbox 563 1376 769 1436; x_wconf 65' lang='lat' dir='ltr'>Ammoni-inm</span> <span class='ocrx_word' id='word_1_78' title='bbox 785 1385 931 1439; x_wconf 82' lang='lat' dir='ltr'>notorem</span> <span class='ocrx_word' id='word_1_79' title='bbox 951 1381 1038 1456; x_wconf 79' lang='lat' dir='ltr'>ceput</span> <span class='ocrx_word' id='word_1_80' title='bbox 1051 1380 1190 1454; x_wconf 77' lang='lat' dir='ltr'>wnprott</span> <span class='ocrx_word' id='word_1_81' title='bbox 1207 1379 1402 1454; x_wconf 61' lang='lat' dir='ltr'>principalin</span> <span class='ocrx_word' id='word_1_82' title='bbox 1418 1397 1465 1440; x_wconf 81' lang='lat' dir='ltr'>ex</span> <span class='ocrx_word' id='word_1_83' title='bbox 1485 1397 1554 1456; x_wconf 87' lang='lat' dir='ltr'>reg.</span> <span class='ocrx_word' id='word_1_84' title='bbox 1571 1383 1621 1447; x_wconf 81' lang='lat' dir='ltr'>lte,</span> <span class='ocrx_word' id='word_1_85' title='bbox 1664 1381 1665 1443; x_wconf 90' lang='lat' dir='ltr'>l</span> 
     </span>
     <span class='ocr_line' id='line_1_10' title="bbox 434 1465 1622 1546; baseline 0.003 -23"><span class='ocrx_word' id='word_1_86' title='bbox 434 1467 493 1540; x_wconf 69' lang='lat' dir='ltr'>fit,</span> <span class='ocrx_word' id='word_1_87' title='bbox 510 1465 559 1524; x_wconf 82' lang='lat' dir='ltr'>lt:</span> <span class='ocrx_word' id='word_1_88' title='bbox 575 1466 648 1527; x_wconf 82' lang='lat' dir='ltr'>dnm</span> <span class='ocrx_word' id='word_1_89' title='bbox 661 1467 842 1541; x_wconf 81' lang='lat' dir='ltr'>principalis</span> <span class='ocrx_word' id='word_1_90' title='bbox 864 1484 958 1530; x_wconf 82' lang='lat' dir='ltr'>conso</span> <span class='ocrx_word' id='word_1_91' title='bbox 977 1485 1038 1530; x_wconf 92' lang='lat' dir='ltr'>non</span> <span class='ocrx_word' id='word_1_92' title='bbox 1057 1471 1206 1540; x_wconf 68' lang='lat' dir='ltr'>emuniit,</span> <span class='ocrx_word' id='word_1_93' title='bbox 1228 1485 1266 1528; x_wconf 82' lang='lat' dir='ltr'>ne</span> <span class='ocrx_word' id='word_1_94' title='bbox 1283 1484 1320 1528; x_wconf 88' lang='lat' dir='ltr'>en</span> <span class='ocrx_word' id='word_1_95' title='bbox 1338 1471 1480 1544; x_wconf 62' lang='lat' dir='ltr'>onwan,</span> <span class='ocrx_word' id='word_1_96' title='bbox 1500 1485 1571 1546; x_wconf 67' lang='lat' dir='ltr'>pon</span> <span class='ocrx_word' id='word_1_97' title='bbox 1585 1485 1622 1528; x_wconf 82' lang='lat' dir='ltr'>re·</span> 
     </span>
     <span class='ocr_line' id='line_1_11' title="bbox 433 1556 1622 1635; baseline -0.001 -19"><span class='ocrx_word' id='word_1_98' title='bbox 433 1563 579 1632; x_wconf 73' lang='lat' dir='ltr'>quantur,</span> <span class='ocrx_word' id='word_1_99' title='bbox 599 1557 696 1616; x_wconf 84' lang='lat' dir='ltr'>locum</span> <span class='ocrx_word' id='word_1_100' title='bbox 709 1556 838 1630; x_wconf 78' lang='lat' dir='ltr'>habent;</span> <span class='ocrx_word' id='word_1_101' title='bbox 853 1567 882 1617; x_wconf 91' lang='lat' dir='ltr'>et</span> <span class='ocrx_word' id='word_1_102' title='bbox 905 1575 970 1634; x_wconf 87' lang='lat' dir='ltr'>reg.</span> <span class='ocrx_word' id='word_1_103' title='bbox 985 1565 1048 1630; x_wconf 80' lang='lat'>178,</span> <span class='ocrx_word' id='word_1_104' title='bbox 1064 1560 1115 1618; x_wconf 91' lang='lat' dir='ltr'>ubi</span> <span class='ocrx_word' id='word_1_105' title='bbox 1134 1561 1255 1620; x_wconf 84' lang='lat' dir='ltr'>additur</span> <span class='ocrx_word' id='word_1_106' title='bbox 1279 1559 1433 1635; x_wconf 87' lang='lat' dir='ltr'>particula</span> <span class='ocrx_word' id='word_1_107' title='bbox 1457 1561 1622 1620; x_wconf 67' lang='lat' dir='ltr'><strong>restrictiva</strong></span> 
     </span>
     <span class='ocr_line' id='line_1_12' title="bbox 429 1642 1665 1726; baseline 0.003 -20"><span class='ocrx_word' id='word_1_108' title='bbox 429 1647 607 1722; x_wconf 71' lang='lat' dir='ltr'>plerumque</span> <span class='ocrx_word' id='word_1_109' title='bbox 631 1665 642 1708; x_wconf 91' lang='lat'><em>:</em></span> <span class='ocrx_word' id='word_1_110' title='bbox 669 1649 743 1708; x_wconf 83' lang='lat' dir='ltr'>Cum</span> <span class='ocrx_word' id='word_1_111' title='bbox 764 1650 943 1724; x_wconf 73' lang='lat' dir='ltr'>pnnepane</span> <span class='ocrx_word' id='word_1_112' title='bbox 963 1665 1056 1710; x_wconf 75' lang='lat' dir='ltr'>mitro</span> <span class='ocrx_word' id='word_1_113' title='bbox 1076 1665 1138 1709; x_wconf 90' lang='lat' dir='ltr'>non</span> <span class='ocrx_word' id='word_1_114' title='bbox 1156 1651 1303 1720; x_wconf 73' lang='lat' dir='ltr'><em>consistit,</em></span> <span class='ocrx_word' id='word_1_115' title='bbox 1322 1650 1516 1726; x_wconf 69' lang='lat' dir='ltr'>pkmmqne</span> <span class='ocrx_word' id='word_1_116' title='bbox 1533 1665 1572 1710; x_wconf 87' lang='lat' dir='ltr'>ne</span> <span class='ocrx_word' id='word_1_117' title='bbox 1592 1663 1620 1705; x_wconf 78' lang='lat' dir='ltr'>rt</span> <span class='ocrx_word' id='word_1_118' title='bbox 1664 1642 1665 1695; x_wconf 87' lang='lat' dir='ltr'>l</span> 
     </span>
     <span class='ocr_line' id='line_1_13' title="bbox 430 1737 1665 1826; baseline -0.001 -30"><span class='ocrx_word' id='word_1_119' title='bbox 430 1737 550 1812; x_wconf 65' lang='lat' dir='ltr'>onmem</span> <span class='ocrx_word' id='word_1_120' title='bbox 574 1753 642 1814; x_wconf 70' lang='lat' dir='ltr'>pue</span> <span class='ocrx_word' id='word_1_121' title='bbox 660 1743 837 1813; x_wconf 52' lang='lat' dir='ltr'>canuntur,</span> <span class='ocrx_word' id='word_1_122' title='bbox 858 1739 954 1800; x_wconf 78' lang='lat' dir='ltr'>neom</span> <span class='ocrx_word' id='word_1_123' title='bbox 976 1738 1099 1799; x_wconf 75' lang='lat' dir='ltr'>butem.</span> <span class='ocrx_word' id='word_1_124' title='bbox 1119 1741 1167 1800; x_wconf 89' lang='lat' dir='ltr'>Sic</span> <span class='ocrx_word' id='word_1_125' title='bbox 1185 1740 1246 1826; x_wconf 39' lang='lat' dir='ltr'>ubi&#39;</span> <span class='ocrx_word' id='word_1_126' title='bbox 1266 1756 1327 1798; x_wconf 92' lang='lat' dir='ltr'>non</span> <span class='ocrx_word' id='word_1_127' title='bbox 1347 1741 1505 1801; x_wconf 78' lang='lat' dir='ltr'>subsistit</span> <span class='ocrx_word' id='word_1_128' title='bbox 1529 1738 1620 1799; x_wconf 88' lang='lat' dir='ltr'>matri·</span> <span class='ocrx_word' id='word_1_129' title='bbox 1664 1760 1665 1810; x_wconf 87' lang='lat' dir='ltr'>l</span> 
     </span>
     <span class='ocr_line' id='line_1_14' title="bbox 432 1815 1665 1904; baseline 0.001 -19"><span class='ocrx_word' id='word_1_130' title='bbox 432 1829 579 1900; x_wconf 90' lang='lat' dir='ltr'>monium,</span> <span class='ocrx_word' id='word_1_131' title='bbox 595 1843 651 1887; x_wconf 90' lang='lat' dir='ltr'>nec</span> <span class='ocrx_word' id='word_1_132' title='bbox 664 1826 707 1886; x_wconf 93' lang='lat' dir='ltr'>ibi</span> <span class='ocrx_word' id='word_1_133' title='bbox 722 1833 768 1887; x_wconf 92' lang='lat' dir='ltr'>est</span> <span class='ocrx_word' id='word_1_134' title='bbox 782 1829 837 1887; x_wconf 93' lang='lat' dir='ltr'>dos</span> <span class='ocrx_word' id='word_1_135' title='bbox 850 1829 887 1902; x_wconf 84' lang='lat' dir='ltr'>(c.</span> <span class='ocrx_word' id='word_1_136' title='bbox 904 1834 930 1894; x_wconf 80' lang='lat'>³,</span> <span class='ocrx_word' id='word_1_137' title='bbox 947 1829 983 1888; x_wconf 87' lang='lat' dir='ltr'>dc</span> <span class='ocrx_word' id='word_1_138' title='bbox 997 1831 1103 1889; x_wconf 86' lang='lat' dir='ltr'>lionot.</span> <span class='ocrx_word' id='word_1_139' title='bbox 1117 1829 1277 1888; x_wconf 68' lang='lat' dir='ltr'>intricat</span> <span class='ocrx_word' id='word_1_140' title='bbox 1294 1829 1416 1903; x_wconf 76' lang='lat' dir='ltr'>rosor.);</span> <span class='ocrx_word' id='word_1_141' title='bbox 1434 1833 1517 1890; x_wconf 89' lang='lat' dir='ltr'>item</span> <span class='ocrx_word' id='word_1_142' title='bbox 1531 1836 1620 1904; x_wconf 86' lang='lat' dir='ltr'>potes·</span> <span class='ocrx_word' id='word_1_143' title='bbox 1664 1815 1665 1869; x_wconf 61' lang='lat' dir='ltr'>l</span> 
     </span>
     <span class='ocr_line' id='line_1_15' title="bbox 431 1920 1619 1994; baseline -0.002 -18"><span class='ocrx_word' id='word_1_144' title='bbox 431 1924 478 1977; x_wconf 83' lang='lat' dir='ltr'>tas</span> <span class='ocrx_word' id='word_1_145' title='bbox 491 1921 665 1977; x_wconf 82' lang='lat' dir='ltr'>exsecutira</span> <span class='ocrx_word' id='word_1_146' title='bbox 679 1920 783 1992; x_wconf 78' lang='lat' dir='ltr'>gratia</span> <span class='ocrx_word' id='word_1_147' title='bbox 794 1920 887 1992; x_wconf 78' lang='lat' dir='ltr'>foetae</span> <span class='ocrx_word' id='word_1_148' title='bbox 903 1935 964 1978; x_wconf 93' lang='lat' dir='ltr'>non</span> <span class='ocrx_word' id='word_1_149' title='bbox 980 1921 1114 1994; x_wconf 82' lang='lat' dir='ltr'>exspirat</span> <span class='ocrx_word' id='word_1_150' title='bbox 1125 1925 1220 1978; x_wconf 90' lang='lat' dir='ltr'>morte</span> <span class='ocrx_word' id='word_1_151' title='bbox 1235 1921 1442 1988; x_wconf 89' lang='lat' dir='ltr'>concedentis,</span> <span class='ocrx_word' id='word_1_152' title='bbox 1462 1921 1545 1980; x_wconf 86' lang='lat' dir='ltr'>bene</span> <span class='ocrx_word' id='word_1_153' title='bbox 1560 1933 1619 1976; x_wconf 80' lang='lat' dir='ltr'>roro</span> 
     </span>
     <span class='ocr_line' id='line_1_16' title="bbox 431 2009 1619 2084; baseline -0.002 -19"><span class='ocrx_word' id='word_1_154' title='bbox 431 2009 535 2083; x_wconf 77' lang='lat' dir='ltr'>graue</span> <span class='ocrx_word' id='word_1_155' title='bbox 548 2009 709 2081; x_wconf 65' lang='lat' dir='ltr'>fmtdae,</span> <span class='ocrx_word' id='word_1_156' title='bbox 724 2009 795 2084; x_wconf 85' lang='lat' dir='ltr'>quie</span> <span class='ocrx_word' id='word_1_157' title='bbox 815 2011 847 2068; x_wconf 94' lang='lat' dir='ltr'>in</span> <span class='ocrx_word' id='word_1_158' title='bbox 861 2010 954 2083; x_wconf 86' lang='lat' dir='ltr'>priori</span> <span class='ocrx_word' id='word_1_159' title='bbox 967 2025 1039 2070; x_wconf 89' lang='lat' dir='ltr'>casu</span> <span class='ocrx_word' id='word_1_160' title='bbox 1057 2015 1191 2083; x_wconf 88' lang='lat' dir='ltr'>potestas</span> <span class='ocrx_word' id='word_1_161' title='bbox 1212 2015 1259 2068; x_wconf 90' lang='lat' dir='ltr'>est</span> <span class='ocrx_word' id='word_1_162' title='bbox 1271 2011 1458 2076; x_wconf 66' lang='lat' dir='ltr'>mcessoria,</span> <span class='ocrx_word' id='word_1_163' title='bbox 1476 2011 1512 2069; x_wconf 93' lang='lat' dir='ltr'>in</span> <span class='ocrx_word' id='word_1_164' title='bbox 1537 2011 1619 2066; x_wconf 86' lang='lat' dir='ltr'>altero</span> 
     </span>
     <span class='ocr_line' id='line_1_17' title="bbox 429 2095 1618 2172; baseline -0.004 -18"><span class='ocrx_word' id='word_1_165' title='bbox 429 2111 501 2155; x_wconf 87' lang='lat' dir='ltr'>vero</span> <span class='ocrx_word' id='word_1_166' title='bbox 512 2099 687 2172; x_wconf 88' lang='lat' dir='ltr'>principalis</span> <span class='ocrx_word' id='word_1_167' title='bbox 702 2100 739 2172; x_wconf 90' lang='lat' dir='ltr'>(c.</span> <span class='ocrx_word' id='word_1_168' title='bbox 760 2103 787 2169; x_wconf 81' lang='lat'>9,</span> <span class='ocrx_word' id='word_1_169' title='bbox 804 2098 840 2157; x_wconf 84' lang='lat' dir='ltr'>de</span> <span class='ocrx_word' id='word_1_170' title='bbox 853 2097 908 2172; x_wconf 72' lang='lat' dir='ltr'>Osi.</span> <span class='ocrx_word' id='word_1_171' title='bbox 920 2097 1026 2172; x_wconf 67' lang='lat' dir='ltr'>deleo,</span> <span class='ocrx_word' id='word_1_172' title='bbox 1040 2100 1073 2158; x_wconf 91' lang='lat' dir='ltr'>in</span> <span class='ocrx_word' id='word_1_173' title='bbox 1090 2103 1129 2169; x_wconf 79' lang='lat'>6⁰3</span> <span class='ocrx_word' id='word_1_174' title='bbox 1141 2114 1167 2157; x_wconf 92' lang='lat' dir='ltr'>c.</span> <span class='ocrx_word' id='word_1_175' title='bbox 1181 2102 1226 2167; x_wconf 86' lang='grc'>36,</span> <span class='ocrx_word' id='word_1_176' title='bbox 1239 2097 1275 2156; x_wconf 85' lang='lat' dir='ltr'>dc</span> <span class='ocrx_word' id='word_1_177' title='bbox 1288 2099 1400 2169; x_wconf 64' lang='lat' dir='ltr'>Praei,</span> <span class='ocrx_word' id='word_1_178' title='bbox 1416 2099 1450 2157; x_wconf 96' lang='lat' dir='ltr'>in</span> <span class='ocrx_word' id='word_1_179' title='bbox 1469 2100 1526 2171; x_wconf 77' lang='grc' dir='ltr'><strong>θ’).</strong></span> <span class='ocrx_word' id='word_1_180' title='bbox 1543 2095 1618 2155; x_wconf 81' lang='lat' dir='ltr'>Fallit</span> 
     </span>
     <span class='ocr_line' id='line_1_18' title="bbox 430 2186 1665 2262; baseline -0.003 -18"><span class='ocrx_word' id='word_1_181' title='bbox 430 2201 494 2260; x_wconf 88' lang='lat' dir='ltr'>reg.</span> <span class='ocrx_word' id='word_1_182' title='bbox 510 2186 541 2244; x_wconf 91' lang='lat' dir='ltr'>in</span> <span class='ocrx_word' id='word_1_183' title='bbox 555 2188 604 2246; x_wconf 92' lang='lat' dir='ltr'>bis</span> <span class='ocrx_word' id='word_1_184' title='bbox 622 2187 781 2262; x_wconf 87' lang='lat' dir='ltr'>inquibus</span> <span class='ocrx_word' id='word_1_185' title='bbox 797 2189 835 2247; x_wconf 91' lang='lat' dir='ltr'>ob</span> <span class='ocrx_word' id='word_1_186' title='bbox 850 2189 1008 2262; x_wconf 82' lang='lat' dir='ltr'>specialem</span> <span class='ocrx_word' id='word_1_187' title='bbox 1027 2189 1172 2246; x_wconf 87' lang='lat' dir='ltr'>rationem</span> <span class='ocrx_word' id='word_1_188' title='bbox 1185 2188 1265 2245; x_wconf 90' lang='lat' dir='ltr'>valet</span> <span class='ocrx_word' id='word_1_189' title='bbox 1276 2193 1305 2245; x_wconf 88' lang='lat' dir='ltr'>et</span> <span class='ocrx_word' id='word_1_190' title='bbox 1325 2189 1508 2247; x_wconf 79' lang='lat' dir='ltr'>sustinetur</span> <span class='ocrx_word' id='word_1_191' title='bbox 1524 2199 1617 2245; x_wconf 88' lang='lat' dir='ltr'>acces·</span> <span class='ocrx_word' id='word_1_192' title='bbox 1664 2222 1665 2250; x_wconf 75' lang='lat'>,</span> 
     </span>
     <span class='ocr_line' id='line_1_19' title="bbox 431 2276 1615 2351; baseline -0.004 -15"><span class='ocrx_word' id='word_1_193' title='bbox 431 2277 558 2348; x_wconf 82' lang='lat' dir='ltr'>serium,</span> <span class='ocrx_word' id='word_1_194' title='bbox 571 2277 641 2336; x_wconf 90' lang='lat' dir='ltr'>licet</span> <span class='ocrx_word' id='word_1_195' title='bbox 652 2277 771 2336; x_wconf 86' lang='lat' dir='ltr'>deliciet</span> <span class='ocrx_word' id='word_1_196' title='bbox 786 2276 951 2350; x_wconf 80' lang='lat' dir='ltr'>principale</span> <span class='ocrx_word' id='word_1_197' title='bbox 967 2295 973 2334; x_wconf 95' lang='lat'><strong>:</strong></span> <span class='ocrx_word' id='word_1_198' title='bbox 990 2283 1023 2336; x_wconf 90' lang='lat' dir='ltr'>nt</span> <span class='ocrx_word' id='word_1_199' title='bbox 1045 2278 1249 2351; x_wconf 88' lang='lat' dir='ltr'>juramentum</span> <span class='ocrx_word' id='word_1_200' title='bbox 1264 2291 1356 2351; x_wconf 90' lang='lat' dir='ltr'>super</span> <span class='ocrx_word' id='word_1_201' title='bbox 1368 2279 1483 2340; x_wconf 73' lang='lat' dir='ltr'>usums</span> <span class='ocrx_word' id='word_1_202' title='bbox 1500 2277 1615 2336; x_wconf 85' lang='lat' dir='ltr'>solven-</span> 
     </span>
     <span class='ocr_line' id='line_1_20' title="bbox 430 2363 1615 2442; baseline 0.005 -19"><span class='ocrx_word' id='word_1_203' title='bbox 430 2365 489 2435; x_wconf 88' lang='lat' dir='ltr'>dis,</span> <span class='ocrx_word' id='word_1_204' title='bbox 508 2365 721 2425; x_wconf 87' lang='lat' dir='ltr'>velalienundo</span> <span class='ocrx_word' id='word_1_205' title='bbox 736 2367 831 2426; x_wconf 83' lang='lat' dir='ltr'>londo</span> <span class='ocrx_word' id='word_1_206' title='bbox 846 2367 950 2425; x_wconf 70' lang='lat' dir='ltr'>domii.</span> <span class='ocrx_word' id='word_1_207' title='bbox 970 2369 1041 2425; x_wconf 89' lang='lat' dir='ltr'>ltem</span> <span class='ocrx_word' id='word_1_208' title='bbox 1066 2368 1258 2426; x_wconf 88' lang='lat' dir='ltr'>sustinentur</span> <span class='ocrx_word' id='word_1_209' title='bbox 1275 2366 1383 2442; x_wconf 85' lang='lat' dir='ltr'>legata,</span> <span class='ocrx_word' id='word_1_210' title='bbox 1406 2369 1546 2426; x_wconf 86' lang='lat' dir='ltr'>maxime</span> <span class='ocrx_word' id='word_1_211' title='bbox 1564 2363 1615 2438; x_wconf 67' lang='lat' dir='ltr'>pia,</span> 
     </span>
     <span class='ocr_line' id='line_1_21' title="bbox 431 2451 1613 2530; baseline -0.005 -16"><span class='ocrx_word' id='word_1_212' title='bbox 431 2455 488 2514; x_wconf 92' lang='lat' dir='ltr'>etsi</span> <span class='ocrx_word' id='word_1_213' title='bbox 504 2461 717 2514; x_wconf 85' lang='lat' dir='ltr'>testamentum</span> <span class='ocrx_word' id='word_1_214' title='bbox 733 2456 775 2514; x_wconf 94' lang='lat' dir='ltr'>sit</span> <span class='ocrx_word' id='word_1_215' title='bbox 791 2455 959 2515; x_wconf 87' lang='lat' dir='ltr'>invalidum</span> <span class='ocrx_word' id='word_1_216' title='bbox 975 2472 1012 2514; x_wconf 84' lang='lat' dir='ltr'>er</span> <span class='ocrx_word' id='word_1_217' title='bbox 1029 2471 1121 2516; x_wconf 87' lang='lat' dir='ltr'>causa</span> <span class='ocrx_word' id='word_1_218' title='bbox 1136 2457 1360 2530; x_wconf 68' lang='lat' dir='ltr'>praeteritionis</span> <span class='ocrx_word' id='word_1_219' title='bbox 1381 2462 1436 2516; x_wconf 88' lang='lat' dir='ltr'>aut</span> <span class='ocrx_word' id='word_1_220' title='bbox 1456 2451 1613 2515; x_wconf 84' lang='lat' dir='ltr'>exherede-</span> 
     </span>
     <span class='ocr_line' id='line_1_22' title="bbox 431 2539 1613 2620; baseline -0.006 -18"><span class='ocrx_word' id='word_1_221' title='bbox 431 2545 525 2603; x_wconf 90' lang='lat' dir='ltr'>tionis</span> <span class='ocrx_word' id='word_1_222' title='bbox 542 2545 622 2618; x_wconf 85' lang='lat' dir='ltr'>(nov.</span> <span class='ocrx_word' id='word_1_223' title='bbox 639 2549 699 2617; x_wconf 84' lang='lat' dir='ltr'>ll5,</span> <span class='ocrx_word' id='word_1_224' title='bbox 716 2561 743 2604; x_wconf 89' lang='lat' dir='ltr'>c.</span> <span class='ocrx_word' id='word_1_225' title='bbox 760 2551 776 2604; x_wconf 83' lang='grc'>3</span> <span class='ocrx_word' id='word_1_226' title='bbox 795 2547 827 2603; x_wconf 93' lang='lat' dir='ltr'>in</span> <span class='ocrx_word' id='word_1_227' title='bbox 843 2543 1017 2618; x_wconf 79' lang='lat' dir='ltr'>lin.,1lutlt.</span> <span class='ocrx_word' id='word_1_228' title='bbox 1033 2544 1171 2606; x_wconf 83' lang='lat' dir='ltr'>tiberide</span> <span class='ocrx_word' id='word_1_229' title='bbox 1189 2547 1279 2619; x_wconf 81' lang='lat' dir='ltr'>episc.</span> <span class='ocrx_word' id='word_1_230' title='bbox 1298 2546 1460 2620; x_wconf 67' lang='lat' dir='ltr'>audienti.</span> <span class='ocrx_word' id='word_1_231' title='bbox 1484 2543 1561 2605; x_wconf 79' lang='lat' dir='ltr'>Vide</span> <span class='ocrx_word' id='word_1_232' title='bbox 1573 2539 1613 2598; x_wconf 88' lang='lat' dir='ltr'>bic</span> 
     </span>
     <span class='ocr_line' id='line_1_23' title="bbox 432 2634 529 2709; baseline 0.01 -17"><span class='ocrx_word' id='word_1_233' title='bbox 432 2634 529 2709; x_wconf 87' lang='lat' dir='ltr'>gloss.</span> 
     </span>
    </p>

    <p class='ocr_par' dir='ltr' id='par_1_4' title="bbox 430 2725 1665 3520">
     <span class='ocr_line' id='line_1_24' title="bbox 466 2725 1610 2802; baseline 0 -18"><span class='ocrx_word' id='word_1_234' title='bbox 466 2727 559 2785; x_wconf 85' lang='lat' dir='ltr'>llllll.</span> <span class='ocrx_word' id='word_1_235' title='bbox 574 2725 632 2798; x_wconf 85' lang='lat' dir='ltr'>Qui</span> <span class='ocrx_word' id='word_1_236' title='bbox 642 2731 719 2786; x_wconf 85' lang='lat' dir='ltr'>tecet</span> <span class='ocrx_word' id='word_1_237' title='bbox 732 2727 901 2786; x_wconf 76' lang='lat' dir='ltr'>comentirc</span> <span class='ocrx_word' id='word_1_238' title='bbox 912 2726 1043 2798; x_wconf 61' lang='lat' dir='ltr'>videtum</span> <span class='ocrx_word' id='word_1_239' title='bbox 1062 2731 1092 2786; x_wconf 91' lang='lat' dir='ltr'>et</span> <span class='ocrx_word' id='word_1_240' title='bbox 1104 2728 1201 2786; x_wconf 81' lang='lat' dir='ltr'>lltlv:</span> <span class='ocrx_word' id='word_1_241' title='bbox 1211 2728 1242 2787; x_wconf 83' lang='lat' dir='ltr'>lc</span> <span class='ocrx_word' id='word_1_242' title='bbox 1256 2727 1308 2802; x_wconf 82' lang='lat' dir='ltr'>qni</span> <span class='ocrx_word' id='word_1_243' title='bbox 1317 2734 1406 2799; x_wconf 85' lang='lat' dir='ltr'>tocct,</span> <span class='ocrx_word' id='word_1_244' title='bbox 1417 2742 1485 2787; x_wconf 89' lang='lat' dir='ltr'>non</span> <span class='ocrx_word' id='word_1_245' title='bbox 1493 2725 1610 2799; x_wconf 69' lang='lat' dir='ltr'>sanim.</span> 
     </span>
     <span class='ocr_line' id='line_1_25' title="bbox 430 2811 1611 2890; baseline -0.006 -15"><span class='ocrx_word' id='word_1_246' title='bbox 430 2815 483 2876; x_wconf 84' lang='lat' dir='ltr'>scd</span> <span class='ocrx_word' id='word_1_247' title='bbox 495 2830 550 2874; x_wconf 89' lang='lat' dir='ltr'>nec</span> <span class='ocrx_word' id='word_1_248' title='bbox 563 2816 667 2890; x_wconf 84' lang='lat' dir='ltr'>ntique</span> <span class='ocrx_word' id='word_1_249' title='bbox 685 2829 797 2888; x_wconf 75' lang='lat' dir='ltr'>negare</span> <span class='ocrx_word' id='word_1_250' title='bbox 820 2815 949 2886; x_wconf 84' lang='lat' dir='ltr'>videtur,</span> <span class='ocrx_word' id='word_1_251' title='bbox 965 2830 1002 2873; x_wconf 87' lang='lat' dir='ltr'>er</span> <span class='ocrx_word' id='word_1_252' title='bbox 1021 2831 1085 2890; x_wconf 89' lang='lat' dir='ltr'>reg.</span> <span class='ocrx_word' id='word_1_253' title='bbox 1106 2819 1165 2886; x_wconf 77' lang='lat' dir='ltr'>liu,</span> <span class='ocrx_word' id='word_1_254' title='bbox 1182 2814 1236 2874; x_wconf 80' lang='lat' dir='ltr'>lu:</span> <span class='ocrx_word' id='word_1_255' title='bbox 1252 2816 1310 2887; x_wconf 82' lang='lat' dir='ltr'>Qui</span> <span class='ocrx_word' id='word_1_256' title='bbox 1324 2819 1413 2886; x_wconf 83' lang='lat' dir='ltr'>tecet,</span> <span class='ocrx_word' id='word_1_257' title='bbox 1428 2829 1497 2875; x_wconf 87' lang='lat' dir='ltr'>non</span> <span class='ocrx_word' id='word_1_258' title='bbox 1519 2811 1611 2882; x_wconf 78' lang='lat' dir='ltr'>ociore</span> 
     </span>
     <span class='ocr_line' id='line_1_26' title="bbox 430 2899 1610 2996; baseline -0.009 -30"><span class='ocrx_word' id='word_1_259' title='bbox 430 2908 557 2980; x_wconf 72' lang='lat' dir='ltr'>tutetur,</span> <span class='ocrx_word' id='word_1_260' title='bbox 571 2905 624 2965; x_wconf 82' lang='lat' dir='ltr'>red</span> <span class='ocrx_word' id='word_1_261' title='bbox 643 2912 744 2966; x_wconf 86' lang='lat' dir='ltr'>tomen</span> <span class='ocrx_word' id='word_1_262' title='bbox 761 2921 866 2965; x_wconf 83' lang='lat' dir='ltr'>oerum</span> <span class='ocrx_word' id='word_1_263' title='bbox 885 2911 930 2964; x_wconf 82' lang='lat' dir='ltr'>cet</span> <span class='ocrx_word' id='word_1_264' title='bbox 949 2921 1017 2964; x_wconf 87' lang='lat' dir='ltr'>corn</span> <span class='ocrx_word' id='word_1_265' title='bbox 1034 2921 1096 2965; x_wconf 89' lang='lat' dir='ltr'>non</span> <span class='ocrx_word' id='word_1_266' title='bbox 1114 2921 1234 2981; x_wconf 79' lang='lat' dir='ltr'>negare.</span> <span class='ocrx_word' id='word_1_267' title='bbox 1252 2910 1294 2964; x_wconf 82' lang='lat' dir='ltr'>Ex</span> <span class='ocrx_word' id='word_1_268' title='bbox 1315 2906 1409 2965; x_wconf 85' lang='lat' dir='ltr'>variis</span> <span class='ocrx_word' id='word_1_269' title='bbox 1429 2899 1610 2996; x_wconf 85' lang='lat' dir='ltr'>conciliatio·</span> 
     </span>
     <span class='ocr_line' id='line_1_27' title="bbox 431 2995 1664 3070; baseline -0.009 -15"><span class='ocrx_word' id='word_1_270' title='bbox 431 2997 523 3061; x_wconf 91' lang='lat' dir='ltr'>nibus</span> <span class='ocrx_word' id='word_1_271' title='bbox 539 2999 597 3054; x_wconf 81' lang='lat' dir='ltr'>llll.</span> <span class='ocrx_word' id='word_1_272' title='bbox 614 2996 660 3054; x_wconf 75' lang='lat' dir='ltr'>bae</span> <span class='ocrx_word' id='word_1_273' title='bbox 676 2996 775 3070; x_wconf 90' lang='lat' dir='ltr'>magis</span> <span class='ocrx_word' id='word_1_274' title='bbox 793 2995 912 3068; x_wconf 90' lang='lat' dir='ltr'>placent</span> <span class='ocrx_word' id='word_1_275' title='bbox 933 3013 940 3053; x_wconf 94' lang='lat'><strong>:</strong></span> <span class='ocrx_word' id='word_1_276' title='bbox 963 2999 992 3050; x_wconf 86' lang='lat' dir='ltr'>l·</span> <span class='ocrx_word' id='word_1_277' title='bbox 1006 2999 1118 3054; x_wconf 87' lang='lat' dir='ltr'>Tacens</span> <span class='ocrx_word' id='word_1_278' title='bbox 1135 2995 1307 3054; x_wconf 88' lang='lat' dir='ltr'>consentire</span> <span class='ocrx_word' id='word_1_279' title='bbox 1332 2995 1453 3054; x_wconf 88' lang='lat' dir='ltr'>videtur</span> <span class='ocrx_word' id='word_1_280' title='bbox 1473 2995 1508 3052; x_wconf 92' lang='lat' dir='ltr'>in</span> <span class='ocrx_word' id='word_1_281' title='bbox 1528 2999 1609 3050; x_wconf 88' lang='lat' dir='ltr'>mens</span> <span class='ocrx_word' id='word_1_282' title='bbox 1663 3009 1664 3022; x_wconf 49' lang='lat'>¹</span> 
     </span>
     <span class='ocr_line' id='line_1_28' title="bbox 432 3083 1608 3160; baseline -0.009 -16"><span class='ocrx_word' id='word_1_283' title='bbox 432 3085 646 3145; x_wconf 82' lang='lat' dir='ltr'>favorabilibus</span> <span class='ocrx_word' id='word_1_284' title='bbox 665 3099 733 3160; x_wconf 80' lang='lat' dir='ltr'>que</span> <span class='ocrx_word' id='word_1_285' title='bbox 754 3085 871 3144; x_wconf 83' lang='lat' dir='ltr'>nubum</span> <span class='ocrx_word' id='word_1_286' title='bbox 895 3099 975 3144; x_wconf 89' lang='lat' dir='ltr'>unus</span> <span class='ocrx_word' id='word_1_287' title='bbox 998 3091 1027 3143; x_wconf 90' lang='lat' dir='ltr'>et</span> <span class='ocrx_word' id='word_1_288' title='bbox 1047 3099 1207 3160; x_wconf 79' lang='lat' dir='ltr'>gravamen</span> <span class='ocrx_word' id='word_1_289' title='bbox 1231 3083 1340 3144; x_wconf 90' lang='lat' dir='ltr'>tacenti</span> <span class='ocrx_word' id='word_1_290' title='bbox 1362 3083 1499 3144; x_wconf 81' lang='lat' dir='ltr'>afferunt</span> <span class='ocrx_word' id='word_1_291' title='bbox 1519 3101 1527 3140; x_wconf 90' lang='lat'><strong>:</strong></span> <span class='ocrx_word' id='word_1_292' title='bbox 1549 3089 1608 3137; x_wconf 89' lang='lat' dir='ltr'>nam</span> 
     </span>
     <span class='ocr_line' id='line_1_29' title="bbox 431 3173 1609 3250; baseline -0.012 -16"><span class='ocrx_word' id='word_1_293' title='bbox 431 3175 561 3250; x_wconf 87' lang='lat' dir='ltr'>quisque</span> <span class='ocrx_word' id='word_1_294' title='bbox 576 3174 771 3248; x_wconf 75' lang='lat' dir='ltr'>presumitur</span> <span class='ocrx_word' id='word_1_295' title='bbox 785 3175 860 3232; x_wconf 89' lang='lat' dir='ltr'>velle</span> <span class='ocrx_word' id='word_1_296' title='bbox 870 3189 961 3232; x_wconf 91' lang='lat' dir='ltr'>suum</span> <span class='ocrx_word' id='word_1_297' title='bbox 975 3174 1099 3232; x_wconf 89' lang='lat' dir='ltr'>bonum.</span> <span class='ocrx_word' id='word_1_298' title='bbox 1115 3177 1267 3233; x_wconf 60' lang='lat' dir='ltr'>uincens</span> <span class='ocrx_word' id='word_1_299' title='bbox 1282 3187 1342 3230; x_wconf 93' lang='lat' dir='ltr'>non</span> <span class='ocrx_word' id='word_1_300' title='bbox 1353 3173 1476 3232; x_wconf 84' lang='lat' dir='ltr'>ridetur</span> <span class='ocrx_word' id='word_1_301' title='bbox 1491 3178 1609 3230; x_wconf 86' lang='lat' dir='ltr'>consen·</span> 
     </span>
     <span class='ocr_line' id='line_1_30' title="bbox 431 3258 1605 3338; baseline -0.002 -15"><span class='ocrx_word' id='word_1_302' title='bbox 431 3267 487 3324; x_wconf 89' lang='lat' dir='ltr'>tiro</span> <span class='ocrx_word' id='word_1_303' title='bbox 507 3267 539 3324; x_wconf 92' lang='lat' dir='ltr'>in</span> <span class='ocrx_word' id='word_1_304' title='bbox 558 3264 772 3324; x_wconf 79' lang='lat' dir='ltr'>favorabilibus</span> <span class='ocrx_word' id='word_1_305' title='bbox 791 3279 858 3338; x_wconf 84' lang='lat' dir='ltr'>quae</span> <span class='ocrx_word' id='word_1_306' title='bbox 883 3279 962 3323; x_wconf 89' lang='lat' dir='ltr'>onus</span> <span class='ocrx_word' id='word_1_307' title='bbox 981 3278 1131 3322; x_wconf 84' lang='lat' dir='ltr'>annexum</span> <span class='ocrx_word' id='word_1_308' title='bbox 1150 3263 1278 3334; x_wconf 88' lang='lat' dir='ltr'>habent;</span> <span class='ocrx_word' id='word_1_309' title='bbox 1299 3267 1333 3322; x_wconf 92' lang='lat' dir='ltr'>ut</span> <span class='ocrx_word' id='word_1_310' title='bbox 1352 3263 1384 3321; x_wconf 91' lang='lat' dir='ltr'>in</span> <span class='ocrx_word' id='word_1_311' title='bbox 1404 3258 1605 3336; x_wconf 75' lang='lat' dir='ltr'>sponsalibus,</span> 
     </span>
     <span class='ocr_line' id='line_1_31' title="bbox 432 3345 1605 3428; baseline -0.005 -15"><span class='ocrx_word' id='word_1_312' title='bbox 432 3355 559 3428; x_wconf 86' lang='lat' dir='ltr'>nuptiis,</span> <span class='ocrx_word' id='word_1_313' title='bbox 584 3353 800 3424; x_wconf 85' lang='lat' dir='ltr'>contractibus,</span> <span class='ocrx_word' id='word_1_314' title='bbox 823 3353 1030 3424; x_wconf 75' lang='lat' dir='ltr'>electionibus</span> <span class='ocrx_word' id='word_1_315' title='bbox 1055 3352 1282 3424; x_wconf 61' lang='lat' dir='ltr'>collationibus</span> <span class='ocrx_word' id='word_1_316' title='bbox 1309 3359 1365 3412; x_wconf 89' lang='lat' dir='ltr'>etc.</span> <span class='ocrx_word' id='word_1_317' title='bbox 1389 3345 1605 3412; x_wconf 72' lang='lat' dir='ltr'>eneconem</span> 
     </span>
     <span class='ocr_line' id='line_1_32' title="bbox 432 3433 1602 3520; baseline -0.001 -16"><span class='ocrx_word' id='word_1_318' title='bbox 432 3445 546 3505; x_wconf 89' lang='lat' dir='ltr'>odiosis</span> <span class='ocrx_word' id='word_1_319' title='bbox 560 3451 590 3503; x_wconf 91' lang='lat' dir='ltr'>et</span> <span class='ocrx_word' id='word_1_320' title='bbox 604 3445 663 3504; x_wconf 91' lang='lat' dir='ltr'>sibi</span> <span class='ocrx_word' id='word_1_321' title='bbox 678 3445 900 3519; x_wconf 81' lang='lat' dir='ltr'>praejudiciosis</span> <span class='ocrx_word' id='word_1_322' title='bbox 915 3444 1093 3519; x_wconf 83' lang='lat' dir='ltr'>regulariter</span> <span class='ocrx_word' id='word_1_323' title='bbox 1106 3458 1167 3502; x_wconf 92' lang='lat' dir='ltr'>non</span> <span class='ocrx_word' id='word_1_324' title='bbox 1183 3443 1299 3501; x_wconf 88' lang='lat' dir='ltr'>videtur</span> <span class='ocrx_word' id='word_1_325' title='bbox 1311 3445 1487 3504; x_wconf 88' lang='lat' dir='ltr'>consentire</span> <span class='ocrx_word' id='word_1_326' title='bbox 1502 3443 1531 3520; x_wconf 82' lang='lat' dir='ltr'>(l.</span> <span class='ocrx_word' id='word_1_327' title='bbox 1543 3433 1602 3502; x_wconf 68' lang='lat' dir='ltr'>llll,</span> 
     </span>
    </p>

    <p class='ocr_par' dir='ltr' id='par_1_5' title="bbox 348 3533 1665 4236">
     <span class='ocr_line' id='line_1_33' title="bbox 431 3533 1603 3608; baseline -0.007 -15"><span class='ocrx_word' id='word_1_328' title='bbox 431 3536 449 3608; x_wconf 68' lang='grc' dir='ltr'>ς</span> <span class='ocrx_word' id='word_1_329' title='bbox 465 3541 490 3606; x_wconf 92' lang='lat' dir='ltr'>l,</span> <span class='ocrx_word' id='word_1_330' title='bbox 507 3535 537 3592; x_wconf 86' lang='lat' dir='ltr'>u.</span> <span class='ocrx_word' id='word_1_331' title='bbox 558 3533 594 3594; x_wconf 85' lang='lat' dir='ltr'>de</span> <span class='ocrx_word' id='word_1_332' title='bbox 609 3535 801 3606; x_wconf 83' lang='lat' dir='ltr'>Procurator,</span> <span class='ocrx_word' id='word_1_333' title='bbox 815 3535 876 3594; x_wconf 89' lang='lat' dir='ltr'>ibi:</span> <span class='ocrx_word' id='word_1_334' title='bbox 891 3535 1023 3594; x_wconf 86' lang='lat' dir='ltr'>lnoitnm</span> <span class='ocrx_word' id='word_1_335' title='bbox 1036 3534 1171 3606; x_wconf 83' lang='lat' dir='ltr'>occipere</span> <span class='ocrx_word' id='word_1_336' title='bbox 1183 3533 1321 3592; x_wconf 80' lang='lat' dir='ltr'>delemus</span> <span class='ocrx_word' id='word_1_337' title='bbox 1335 3549 1397 3592; x_wconf 88' lang='lat' dir='ltr'>non</span> <span class='ocrx_word' id='word_1_338' title='bbox 1410 3549 1480 3594; x_wconf 86' lang='lat' dir='ltr'>eom</span> <span class='ocrx_word' id='word_1_339' title='bbox 1496 3535 1603 3594; x_wconf 81' lang='lat' dir='ltr'>tanton</span> 
     </span>
     <span class='ocr_line' id='line_1_34' title="bbox 432 3614 1601 3699; baseline -0.009 -15"><span class='ocrx_word' id='word_1_340' title='bbox 432 3625 485 3699; x_wconf 81' lang='lat' dir='ltr'>oni</span> <span class='ocrx_word' id='word_1_341' title='bbox 502 3623 695 3695; x_wconf 82' lang='lat' dir='ltr'>contradicit,</span> <span class='ocrx_word' id='word_1_342' title='bbox 717 3639 821 3683; x_wconf 85' lang='lat' dir='ltr'>rernm</span> <span class='ocrx_word' id='word_1_343' title='bbox 848 3640 915 3683; x_wconf 87' lang='lat' dir='ltr'>enm</span> <span class='ocrx_word' id='word_1_344' title='bbox 939 3637 1053 3698; x_wconf 79' lang='lat' dir='ltr'>quoqne</span> <span class='ocrx_word' id='word_1_345' title='bbox 1073 3622 1125 3697; x_wconf 81' lang='lat' dir='ltr'>qui</span> <span class='ocrx_word' id='word_1_346' title='bbox 1153 3623 1338 3682; x_wconf 77' lang='lat' dir='ltr'>concertatore</span> <span class='ocrx_word' id='word_1_347' title='bbox 1359 3638 1422 3682; x_wconf 88' lang='lat' dir='ltr'>non</span> <span class='ocrx_word' id='word_1_348' title='bbox 1440 3614 1601 3698; x_wconf 67' lang='lat' dir='ltr'>marmor).</span> 
     </span>
     <span class='ocr_line' id='line_1_35' title="bbox 431 3712 1602 3788; baseline -0.009 -15"><span class='ocrx_word' id='word_1_349' title='bbox 431 3721 461 3774; x_wconf 80' lang='lat' dir='ltr'>l⁰</span> <span class='ocrx_word' id='word_1_350' title='bbox 472 3718 586 3773; x_wconf 85' lang='lat' dir='ltr'>Taceus</span> <span class='ocrx_word' id='word_1_351' title='bbox 599 3713 631 3772; x_wconf 90' lang='lat' dir='ltr'>in</span> <span class='ocrx_word' id='word_1_352' title='bbox 647 3713 773 3784; x_wconf 89' lang='lat' dir='ltr'>odiosis,</span> <span class='ocrx_word' id='word_1_353' title='bbox 788 3713 860 3773; x_wconf 92' lang='lat' dir='ltr'>dum</span> <span class='ocrx_word' id='word_1_354' title='bbox 885 3719 984 3788; x_wconf 90' lang='lat' dir='ltr'>potest</span> <span class='ocrx_word' id='word_1_355' title='bbox 997 3719 1026 3772; x_wconf 91' lang='lat' dir='ltr'>et</span> <span class='ocrx_word' id='word_1_356' title='bbox 1039 3712 1127 3771; x_wconf 87' lang='lat' dir='ltr'>debet</span> <span class='ocrx_word' id='word_1_357' title='bbox 1140 3713 1353 3782; x_wconf 88' lang='lat' dir='ltr'>contradicere,</span> <span class='ocrx_word' id='word_1_358' title='bbox 1370 3719 1400 3771; x_wconf 91' lang='lat' dir='ltr'>et</span> <span class='ocrx_word' id='word_1_359' title='bbox 1414 3729 1477 3772; x_wconf 92' lang='lat' dir='ltr'>non</span> <span class='ocrx_word' id='word_1_360' title='bbox 1496 3714 1602 3772; x_wconf 87' lang='lat' dir='ltr'>contra·</span> 
     </span>
     <span class='ocr_line' id='line_1_36' title="bbox 432 3801 1601 3877; baseline -0.008 -14"><span class='ocrx_word' id='word_1_361' title='bbox 432 3803 514 3873; x_wconf 91' lang='lat' dir='ltr'>dicit,</span> <span class='ocrx_word' id='word_1_362' title='bbox 530 3803 656 3862; x_wconf 88' lang='lat' dir='ltr'>babetur</span> <span class='ocrx_word' id='word_1_363' title='bbox 670 3817 724 3876; x_wconf 94' lang='lat' dir='ltr'>pro</span> <span class='ocrx_word' id='word_1_364' title='bbox 743 3804 949 3862; x_wconf 86' lang='lat' dir='ltr'>consentiente</span> <span class='ocrx_word' id='word_1_365' title='bbox 973 3807 1002 3862; x_wconf 91' lang='lat' dir='ltr'>et</span> <span class='ocrx_word' id='word_1_366' title='bbox 1016 3802 1195 3861; x_wconf 82' lang='lat' dir='ltr'>confitente:</span> <span class='ocrx_word' id='word_1_367' title='bbox 1220 3807 1254 3860; x_wconf 91' lang='lat' dir='ltr'>ut</span> <span class='ocrx_word' id='word_1_368' title='bbox 1275 3802 1302 3860; x_wconf 89' lang='lat' dir='ltr'>si</span> <span class='ocrx_word' id='word_1_369' title='bbox 1319 3801 1454 3876; x_wconf 81' lang='lat' dir='ltr'>legitime</span> <span class='ocrx_word' id='word_1_370' title='bbox 1473 3803 1601 3877; x_wconf 80' lang='lat' dir='ltr'>jussusr</span> 
     </span>
     <span class='ocr_line' id='line_1_37' title="bbox 429 3885 1601 3968; baseline -0.003 -14"><span class='ocrx_word' id='word_1_371' title='bbox 429 3893 530 3968; x_wconf 84' lang='lat' dir='ltr'>judice</span> <span class='ocrx_word' id='word_1_372' title='bbox 545 3909 605 3953; x_wconf 93' lang='lat' dir='ltr'>non</span> <span class='ocrx_word' id='word_1_373' title='bbox 621 3893 801 3966; x_wconf 86' lang='lat' dir='ltr'>respoudeat</span> <span class='ocrx_word' id='word_1_374' title='bbox 814 3891 850 3966; x_wconf 85' lang='lat' dir='ltr'>(c.</span> <span class='ocrx_word' id='word_1_375' title='bbox 866 3899 894 3964; x_wconf 76' lang='lat' dir='ltr'>t,</span> <span class='ocrx_word' id='word_1_376' title='bbox 909 3908 954 3965; x_wconf 87' lang='lat' dir='ltr'>pr.</span> <span class='ocrx_word' id='word_1_377' title='bbox 979 3892 1174 3964; x_wconf 73' lang='lat' dir='ltr'>dedectens,</span> <span class='ocrx_word' id='word_1_378' title='bbox 1195 3892 1226 3950; x_wconf 91' lang='lat' dir='ltr'>in</span> <span class='ocrx_word' id='word_1_379' title='bbox 1246 3897 1292 3958; x_wconf 83' lang='lat'>6⁰;</span> <span class='ocrx_word' id='word_1_380' title='bbox 1308 3890 1328 3950; x_wconf 93' lang='lat' dir='ltr'>l.</span> <span class='ocrx_word' id='word_1_381' title='bbox 1344 3896 1367 3964; x_wconf 94' lang='lat' dir='ltr'>l,</span> <span class='ocrx_word' id='word_1_382' title='bbox 1389 3898 1405 3962; x_wconf 68' lang='grc' dir='ltr'><strong>ς</strong></span> <span class='ocrx_word' id='word_1_383' title='bbox 1426 3893 1487 3965; x_wconf 81' lang='lat' dir='ltr'>Qui</span> <span class='ocrx_word' id='word_1_384' title='bbox 1508 3885 1601 3952; x_wconf 64' lang='lat' dir='ltr'>leutii,</span> 
     </span>
     <span class='ocr_line' id='line_1_38' title="bbox 431 3975 1600 4056; baseline -0.011 -13"><span class='ocrx_word' id='word_1_385' title='bbox 431 3983 462 4043; x_wconf 87' lang='lat' dir='ltr'>tl.</span> <span class='ocrx_word' id='word_1_386' title='bbox 477 3983 512 4042; x_wconf 82' lang='lat' dir='ltr'>de</span> <span class='ocrx_word' id='word_1_387' title='bbox 527 3983 673 4056; x_wconf 80' lang='lat' dir='ltr'>lotenop.</span> <span class='ocrx_word' id='word_1_388' title='bbox 690 3983 798 4055; x_wconf 81' lang='lat' dir='ltr'>injur.</span> <span class='ocrx_word' id='word_1_389' title='bbox 812 3980 901 4055; x_wconf 73' lang='lat' dir='ltr'>soc.);</span> <span class='ocrx_word' id='word_1_390' title='bbox 917 3981 988 4040; x_wconf 91' lang='lat' dir='ltr'>item</span> <span class='ocrx_word' id='word_1_391' title='bbox 1000 3981 1027 4040; x_wconf 91' lang='lat' dir='ltr'>si</span> <span class='ocrx_word' id='word_1_392' title='bbox 1038 3981 1187 4054; x_wconf 89' lang='lat' dir='ltr'>parochus</span> <span class='ocrx_word' id='word_1_393' title='bbox 1197 3995 1332 4055; x_wconf 79' lang='lat' dir='ltr'>presens</span> <span class='ocrx_word' id='word_1_394' title='bbox 1347 3995 1410 4040; x_wconf 93' lang='lat' dir='ltr'>non</span> <span class='ocrx_word' id='word_1_395' title='bbox 1428 3975 1600 4041; x_wconf 85' lang='lat' dir='ltr'>contradicat</span> 
     </span>
     <span class='ocr_line' id='line_1_39' title="bbox 348 4064 1600 4144; baseline -0.007 -12"><span class='ocrx_word' id='word_1_396' title='bbox 348 4135 352 4143; x_wconf 68' lang='grc'><em>,</em></span> <span class='ocrx_word' id='word_1_397' title='bbox 431 4073 516 4132; x_wconf 86' lang='lat' dir='ltr'>alteri</span> <span class='ocrx_word' id='word_1_398' title='bbox 542 4072 689 4131; x_wconf 86' lang='lat' dir='ltr'>sacerdoti</span> <span class='ocrx_word' id='word_1_399' title='bbox 712 4071 823 4130; x_wconf 90' lang='lat' dir='ltr'>volenti</span> <span class='ocrx_word' id='word_1_400' title='bbox 847 4070 1005 4144; x_wconf 84' lang='lat' dir='ltr'>baptizare,</span> <span class='ocrx_word' id='word_1_401' title='bbox 1030 4072 1175 4130; x_wconf 87' lang='lat' dir='ltr'>assistere</span> <span class='ocrx_word' id='word_1_402' title='bbox 1197 4070 1411 4129; x_wconf 87' lang='lat' dir='ltr'>matrimonio:</span> <span class='ocrx_word' id='word_1_403' title='bbox 1433 4077 1508 4132; x_wconf 91' lang='lat' dir='ltr'>tunc</span> <span class='ocrx_word' id='word_1_404' title='bbox 1532 4064 1600 4127; x_wconf 80' lang='lat' dir='ltr'>enim</span> 
     </span>
     <span class='ocr_line' id='line_1_40' title="bbox 432 4155 1598 4236; baseline -0.004 -15"><span class='ocrx_word' id='word_1_405' title='bbox 432 4169 573 4222; x_wconf 92' lang='lat' dir='ltr'>censetur</span> <span class='ocrx_word' id='word_1_406' title='bbox 587 4161 756 4220; x_wconf 89' lang='lat' dir='ltr'>consentire</span> <span class='ocrx_word' id='word_1_407' title='bbox 769 4180 776 4232; x_wconf 94' lang='lat'>;</span> <span class='ocrx_word' id='word_1_408' title='bbox 790 4161 833 4219; x_wconf 91' lang='lat' dir='ltr'>uti</span> <span class='ocrx_word' id='word_1_409' title='bbox 848 4166 878 4219; x_wconf 88' lang='lat' dir='ltr'>et</span> <span class='ocrx_word' id='word_1_410' title='bbox 891 4160 1034 4233; x_wconf 86' lang='lat' dir='ltr'>praelatus</span> <span class='ocrx_word' id='word_1_411' title='bbox 1049 4160 1198 4236; x_wconf 85' lang='lat' dir='ltr'>regularis</span> <span class='ocrx_word' id='word_1_412' title='bbox 1215 4160 1246 4218; x_wconf 94' lang='lat' dir='ltr'>in</span> <span class='ocrx_word' id='word_1_413' title='bbox 1261 4159 1309 4218; x_wconf 92' lang='lat' dir='ltr'>bis</span> <span class='ocrx_word' id='word_1_414' title='bbox 1320 4174 1389 4232; x_wconf 81' lang='lat' dir='ltr'>quae</span> <span class='ocrx_word' id='word_1_415' title='bbox 1404 4161 1463 4219; x_wconf 89' lang='lat' dir='ltr'>scit</span> <span class='ocrx_word' id='word_1_416' title='bbox 1477 4167 1509 4220; x_wconf 89' lang='lat' dir='ltr'>et</span> <span class='ocrx_word' id='word_1_417' title='bbox 1522 4155 1598 4216; x_wconf 85' lang='lat' dir='ltr'>videt</span> 
     </span>
    </p>
   </div>
   <div class='ocr_carea' id='block_1_3' title="bbox 430 4248 1665 4926">
    <p class='ocr_par' dir='ltr' id='par_1_6' title="bbox 431 4248 1665 4597">
     <span class='ocr_line' id='line_1_41' title="bbox 432 4248 1665 4358; baseline -0.006 -48"><span class='ocrx_word' id='word_1_418' title='bbox 432 4257 461 4310; x_wconf 90' lang='lat' dir='ltr'>et</span> <span class='ocrx_word' id='word_1_419' title='bbox 476 4266 536 4310; x_wconf 92' lang='lat' dir='ltr'>non</span> <span class='ocrx_word' id='word_1_420' title='bbox 551 4250 739 4310; x_wconf 87' lang='lat' dir='ltr'>contradicit.</span> <span class='ocrx_word' id='word_1_421' title='bbox 754 4253 790 4308; x_wconf 77' lang='lat' dir='ltr'>nt</span> <span class='ocrx_word' id='word_1_422' title='bbox 806 4249 833 4309; x_wconf 93' lang='lat' dir='ltr'>si</span> <span class='ocrx_word' id='word_1_423' title='bbox 853 4255 971 4322; x_wconf 73' lang='lat' dir='ltr'>mouns,</span> <span class='ocrx_word' id='word_1_424' title='bbox 989 4249 1041 4324; x_wconf 91' lang='lat' dir='ltr'>qui</span> <span class='ocrx_word' id='word_1_425' title='bbox 1065 4249 1186 4308; x_wconf 88' lang='lat' dir='ltr'>deberet</span> <span class='ocrx_word' id='word_1_426' title='bbox 1209 4248 1427 4320; x_wconf 89' lang='lat' dir='ltr'>contradicere,</span> <span class='ocrx_word' id='word_1_427' title='bbox 1443 4249 1530 4309; x_wconf 89' lang='lat' dir='ltr'>lacile</span> <span class='ocrx_word' id='word_1_428' title='bbox 1549 4252 1599 4302; x_wconf 81' lang='lat' dir='ltr'>not</span> <span class='ocrx_word' id='word_1_429' title='bbox 1664 4265 1665 4358; x_wconf 46' lang='lat' dir='ltr'>p</span> 
     </span>
     <span class='ocr_line' id='line_1_42' title="bbox 432 4333 1599 4416; baseline -0.009 -14"><span class='ocrx_word' id='word_1_430' title='bbox 432 4341 698 4416; x_wconf 90' lang='lat' dir='ltr'>potestprobibere</span> <span class='ocrx_word' id='word_1_431' title='bbox 713 4345 826 4400; x_wconf 89' lang='lat' dir='ltr'>etcum</span> <span class='ocrx_word' id='word_1_432' title='bbox 842 4339 949 4398; x_wconf 88' lang='lat' dir='ltr'>ellectu</span> <span class='ocrx_word' id='word_1_433' title='bbox 965 4338 1178 4409; x_wconf 86' lang='lat' dir='ltr'>contradicere,</span> <span class='ocrx_word' id='word_1_434' title='bbox 1194 4351 1254 4395; x_wconf 94' lang='lat' dir='ltr'>non</span> <span class='ocrx_word' id='word_1_435' title='bbox 1265 4343 1409 4397; x_wconf 86' lang='lat' dir='ltr'>censetur</span> <span class='ocrx_word' id='word_1_436' title='bbox 1421 4333 1599 4399; x_wconf 81' lang='lat' dir='ltr'>consentire:</span> 
     </span>
     <span class='ocr_line' id='line_1_43' title="bbox 432 4417 1598 4506; baseline -0.011 -14"><span class='ocrx_word' id='word_1_437' title='bbox 432 4433 614 4506; x_wconf 88' lang='lat' dir='ltr'>sicutPapa,</span> <span class='ocrx_word' id='word_1_438' title='bbox 636 4431 770 4506; x_wconf 90' lang='lat' dir='ltr'>episcopi</span> <span class='ocrx_word' id='word_1_439' title='bbox 784 4417 817 4490; x_wconf 82' lang='lat' dir='ltr'>et</span> <span class='ocrx_word' id='word_1_440' title='bbox 835 4429 948 4502; x_wconf 82' lang='lat' dir='ltr'>prelati</span> <span class='ocrx_word' id='word_1_441' title='bbox 969 4427 1125 4504; x_wconf 88' lang='lat' dir='ltr'>regulares</span> <span class='ocrx_word' id='word_1_442' title='bbox 1144 4427 1238 4485; x_wconf 88' lang='lat' dir='ltr'>multe</span> <span class='ocrx_word' id='word_1_443' title='bbox 1260 4441 1314 4500; x_wconf 89' lang='lat' dir='ltr'>per</span> <span class='ocrx_word' id='word_1_444' title='bbox 1335 4427 1515 4500; x_wconf 85' lang='lat' dir='ltr'>patientiam</span> <span class='ocrx_word' id='word_1_445' title='bbox 1539 4420 1598 4482; x_wconf 84' lang='lat' dir='ltr'>tole</span> 
     </span>
     <span class='ocr_line' id='line_1_44' title="bbox 431 4519 1539 4597; baseline -0.009 -14"><span class='ocrx_word' id='word_1_446' title='bbox 431 4530 509 4595; x_wconf 89' lang='lat' dir='ltr'>rant,</span> <span class='ocrx_word' id='word_1_447' title='bbox 525 4539 562 4584; x_wconf 89' lang='lat' dir='ltr'>ne</span> <span class='ocrx_word' id='word_1_448' title='bbox 578 4523 692 4597; x_wconf 86' lang='lat' dir='ltr'>majora</span> <span class='ocrx_word' id='word_1_449' title='bbox 705 4521 783 4581; x_wconf 88' lang='lat' dir='ltr'>male</span> <span class='ocrx_word' id='word_1_450' title='bbox 797 4524 973 4596; x_wconf 84' lang='lat' dir='ltr'>sequantur,</span> <span class='ocrx_word' id='word_1_451' title='bbox 990 4524 1160 4577; x_wconf 85' lang='lat' dir='ltr'>nontamen</span> <span class='ocrx_word' id='word_1_452' title='bbox 1176 4520 1339 4576; x_wconf 88' lang='lat' dir='ltr'>censentur</span> <span class='ocrx_word' id='word_1_453' title='bbox 1355 4519 1539 4577; x_wconf 90' lang='lat' dir='ltr'>consentire.</span> 
     </span>
    </p>

    <p class='ocr_par' dir='ltr' id='par_1_7' title="bbox 430 4599 1665 4926">
     <span class='ocr_line' id='line_1_45' title="bbox 467 4599 1598 4687; baseline -0.012 -14"><span class='ocrx_word' id='word_1_454' title='bbox 467 4617 547 4672; x_wconf 86' lang='lat' dir='ltr'>llLV.</span> <span class='ocrx_word' id='word_1_455' title='bbox 559 4613 739 4687; x_wconf 82' lang='lat' dir='ltr'>inspicimus</span> <span class='ocrx_word' id='word_1_456' title='bbox 758 4613 791 4672; x_wconf 88' lang='lat' dir='ltr'>in</span> <span class='ocrx_word' id='word_1_457' title='bbox 813 4611 949 4670; x_wconf 82' lang='lat' dir='ltr'>obscuris</span> <span class='ocrx_word' id='word_1_458' title='bbox 966 4609 1045 4685; x_wconf 80' lang='lat' dir='ltr'>qood</span> <span class='ocrx_word' id='word_1_459' title='bbox 1067 4613 1112 4669; x_wconf 82' lang='lat' dir='ltr'>est</span> <span class='ocrx_word' id='word_1_460' title='bbox 1131 4607 1348 4678; x_wconf 85' lang='lat' dir='ltr'>verosimilius,</span> <span class='ocrx_word' id='word_1_461' title='bbox 1374 4607 1422 4667; x_wconf 85' lang='lat' dir='ltr'>vel</span> <span class='ocrx_word' id='word_1_462' title='bbox 1451 4607 1531 4684; x_wconf 83' lang='lat' dir='ltr'>qued</span> <span class='ocrx_word' id='word_1_463' title='bbox 1548 4599 1598 4678; x_wconf 86' lang='lat' dir='ltr'>pte-</span> 
     </span>
     <span class='ocr_line' id='line_1_46' title="bbox 430 4684 1665 4778; baseline -0.011 -14"><span class='ocrx_word' id='word_1_464' title='bbox 430 4719 558 4778; x_wconf 78' lang='lat' dir='ltr'>rumque</span> <span class='ocrx_word' id='word_1_465' title='bbox 574 4703 643 4776; x_wconf 76' lang='lat' dir='ltr'>fieri</span> <span class='ocrx_word' id='word_1_466' title='bbox 656 4702 819 4772; x_wconf 79' lang='lat' dir='ltr'>consuevit,</span> <span class='ocrx_word' id='word_1_467' title='bbox 841 4715 877 4758; x_wconf 84' lang='lat' dir='ltr'>ex</span> <span class='ocrx_word' id='word_1_468' title='bbox 890 4715 953 4773; x_wconf 87' lang='lat' dir='ltr'>reg.</span> <span class='ocrx_word' id='word_1_469' title='bbox 973 4703 1033 4771; x_wconf 85' lang='lat' dir='ltr'>til,</span> <span class='ocrx_word' id='word_1_470' title='bbox 1047 4697 1096 4758; x_wconf 82' lang='lat' dir='ltr'>lt:</span> <span class='ocrx_word' id='word_1_471' title='bbox 1110 4699 1146 4758; x_wconf 91' lang='lat' dir='ltr'>ln</span> <span class='ocrx_word' id='word_1_472' title='bbox 1167 4697 1301 4757; x_wconf 77' lang='lat' dir='ltr'>obscuris</span> <span class='ocrx_word' id='word_1_473' title='bbox 1315 4698 1428 4770; x_wconf 75' lang='lat' dir='ltr'>inspici</span> <span class='ocrx_word' id='word_1_474' title='bbox 1440 4699 1519 4760; x_wconf 82' lang='lat' dir='ltr'>solet</span> <span class='ocrx_word' id='word_1_475' title='bbox 1535 4684 1599 4772; x_wconf 80' lang='lat' dir='ltr'>qnod</span> <span class='ocrx_word' id='word_1_476' title='bbox 1664 4691 1665 4740; x_wconf 82' lang='lat' dir='ltr'>l</span> 
     </span>
     <span class='ocr_line' id='line_1_47' title="bbox 430 4787 1665 4926; baseline -0.01 -70"><span class='ocrx_word' id='word_1_477' title='bbox 430 4793 626 4856; x_wconf 72' lang='lat' dir='ltr'>terninano</span> <span class='ocrx_word' id='word_1_478' title='bbox 641 4799 698 4864; x_wconf 80' lang='lat' dir='ltr'>est,</span> <span class='ocrx_word' id='word_1_479' title='bbox 712 4797 766 4852; x_wconf 86' lang='lat' dir='ltr'>ont</span> <span class='ocrx_word' id='word_1_480' title='bbox 779 4789 857 4868; x_wconf 85' lang='lat' dir='ltr'>qnod</span> <span class='ocrx_word' id='word_1_481' title='bbox 866 4790 1043 4864; x_wconf 76' lang='lat' dir='ltr'>pleramque</span> <span class='ocrx_word' id='word_1_482' title='bbox 1054 4787 1217 4862; x_wconf 71' lang='lat' dir='ltr'>pertentet.</span> <span class='ocrx_word' id='word_1_483' title='bbox 1233 4791 1302 4847; x_wconf 87' lang='lat' dir='ltr'>llaec</span> <span class='ocrx_word' id='word_1_484' title='bbox 1310 4802 1374 4862; x_wconf 91' lang='lat' dir='ltr'>reg.</span> <span class='ocrx_word' id='word_1_485' title='bbox 1388 4790 1515 4864; x_wconf 89' lang='lat' dir='ltr'>supplet</span> <span class='ocrx_word' id='word_1_486' title='bbox 1527 4795 1597 4858; x_wconf 79' lang='lat' dir='ltr'>supt-</span> <span class='ocrx_word' id='word_1_487' title='bbox 1662 4825 1665 4926; x_wconf 32' lang='lat' dir='ltr'><em>A</em></span> 
     </span>
    </p>
   </div>
   <div class='ocr_carea' id='block_1_4' title="bbox 0 0 1698 5582">
    <p class='ocr_par' dir='ltr' id='par_1_8' title="bbox 0 0 1698 5582">
     <span class='ocr_line' id='line_1_48' title="bbox 0 0 1698 5582; baseline 0 0"><span class='ocrx_word' id='word_1_488' title='bbox 0 0 1698 5582; x_wconf 95' lang='lat' dir='ltr'> </span> 
     </span>
    </p>
   </div>
  </div>
 </body>
</html>
