3412 5570
1058 10 1100 36 ..ΓΙ
1173 16 1186 20 “
1192 17 1665 180 ’π’

1093 72 1096 84 Ι

1437 166 1449 179 ,ι

1422 265 1425 278 l

451 447 511 524 466
909 465 959 522 ttts
980 465 1160 524 oauoarcolr.

356 641 357 646 η
452 597 481 660 si
495 595 530 660 id
544 595 623 678 Joco
644 597 777 660 tantum
792 594 881 672 lacit,
899 613 969 660 non
983 593 1191 666 censeturin
1207 591 1326 660 ordine
1341 587 1531 662 ministrare
1547 619 1553 661 :
1576 588 1617 663 ila

451 723 572 770 omnes
586 704 652 768 DD.
667 741 706 754 -
719 705 813 770 Actio
828 711 970 771 externa
981 709 1157 788 reputatur
1171 705 1270 782 seria,
1284 705 1562 791 quotiescumque
1575 709 1617 772 sic

449 815 547 892 lacta,
566 814 652 880 solet
664 814 783 880 haberi
798 819 837 879 nt
850 814 926 879 talis
939 817 980 880 ab
995 816 1202 880 hominibus.

487 923 521 986 5⁰
540 922 641 987 Juxta
661 921 788 1006 plures,
812 923 896 988 duce
917 921 1076 1000 Navarra,
1100 924 1331 1007 requireretur
1350 924 1454 990 etiam
1473 933 1510 989 ut
1527 930 1614 990 actus

448 1030 576 1096 ordinis
601 1033 799 1096 exerceatur
820 1049 899 1096 cum
927 1030 1117 1096 intentione
1142 1031 1303 1096 eumdem
1327 1033 1507 1096 exercendi
1529 1053 1536 1094 :
1561 1033 1612 1104 sic,

447 1157 480 1202 v.
496 1159 530 1221 g.
548 1145 768 1206 excusaretur
781 1145 978 1206 tonsuratus
994 1141 1051 1224 qui
1067 1138 1266 1206 solemniter
1279 1146 1432 1206 cantaret
1444 1141 1614 1224 epistolam

446 1265 525 1312 cum
539 1247 724 1333 manipulo,
740 1249 768 1312 si
779 1247 865 1313 nolit
879 1249 914 1312 id
929 1249 1040 1314 lacere
1056 1275 1071 1308 «
1088 1253 1251 1332 tanquam
1261 1249 1489 1314 subdiaconus
1501 1275 1528 1325 »,
1543 1249 1614 1312 licat

446 1354 482 1420 in
495 1357 569 1422 soro
591 1361 733 1422 externo
746 1362 923 1440 putaretur
937 1357 1028 1434 talis3
1050 1376 1131 1422 nam
1153 1357 1211 1440 qui
1233 1357 1336 1422 talem
1360 1358 1551 1422 nonhabet
1571 1358 1613 1420 in-

447 1465 646 1541 tentionem,
660 1483 731 1530 non
740 1483 860 1549 reapse
874 1464 957 1528 illud
973 1469 1146 1530 exerceret
1160 1465 1320 1540 officium,
1339 1470 1557 1548 quantumex
1569 1483 1610 1538 se,

445 1587 524 1634 cum
544 1571 578 1634 in
602 1573 669 1635 ritu
693 1572 821 1637 ordinis
845 1572 1037 1656 requiratur
1058 1573 1213 1637 intentio.
1235 1572 1444 1637 Confirmant
1465 1571 1612 1655 exemplo

444 1679 682 1761 rebaptizanda
702 1681 852 1746 exterius
868 1682 940 1744 sine
958 1679 1157 1754 intentione,
1179 1679 1236 1763 qui
1251 1679 1536 1761 irregularitatem
1551 1697 1612 1756 non

443 1787 648 1866 incurreret;
674 1789 812 1855 tandem
831 1789 925 1854 nulla
944 1789 1001 1853 lex
1025 1789 1174 1854 declarat
1197 1789 1351 1854 sulficere
1370 1789 1542 1854 actionem
1562 1807 1611 1852 ax-

443 1898 587 1961 temam.

481 2005 524 2066 nt
539 2007 742 2083 communis,
758 2007 828 2070 imo
841 2007 1123 2071 communissima
1137 2005 1425 2086 sententianegat,
1442 2005 1524 2088 quia
1537 2004 1608 2068 alias

441 2109 513 2176 haec
523 2111 754 2194 irregularitas
767 2113 862 2179 lacile
879 2112 1074 2178 eluderetur
1086 2117 1253 2196 praetextu
1263 2111 1390 2176 nullius
1400 2113 1606 2184 intentionis;

441 2219 510 2283 imo
525 2220 662 2284 nonnisi
679 2221 921 2286 acrassissime
942 2220 1178 2302 ignorantibus
1204 2220 1443 2294 incurreretur,
1469 2238 1548 2284 cum
1562 2219 1607 2282 ab·

442 2327 583 2391 surdum
598 2329 652 2404 sit,
668 2333 707 2392 ut
721 2328 797 2412 quis
816 2329 938 2392 habeat
958 2329 1183 2392 intentionem
1199 2328 1379 2392 exercendi
1398 2327 1491 2410 quod
1511 2331 1561 2392 est
1578 2327 1606 2388 in

441 2453 477 2498 se
495 2435 714 2516 impossibile.
730 2437 777 2500 De
798 2435 967 2500 sententia
980 2433 1118 2500 Navarri
1137 2435 1212 2498 lusa
1237 2434 1386 2517 disputat
1402 2435 1539 2506 Suarez,
1557 2432 1604 2516 qui

439 2541 618 2625 impugnat
641 2531 809 2609 rationem
832 2543 922 2609 illius
954 2543 1119 2624 theologi,
1144 2548 1178 2607 et
1204 2542 1355 2607 ostendit
1378 2543 1547 2616 sulficere,
1570 2539 1603 2602 ad

431 2648 723 2732 irregularitatem
754 2652 1005 2729 incurrendam,
1028 2657 1067 2716 ut
1088 2652 1162 2738 quis
1192 2653 1340 2716 exterius
1361 2651 1451 2716 serio
1475 2651 1605 2732 usurpet

437 2759 666 2825 ministerium
678 2760 817 2826 ordinis.
1664 2747 1665 2772 ¹

793 2949 835 2999 111.
849 2947 940 3001 Dubia
955 2949 1087 3013 quadam
1101 2949 1259 3001 solvuntur.

478 3092 509 3158 1ο
522 3091 584 3170 An,
602 3093 646 3158 ad
668 3093 956 3175 irregularitatem
977 3096 1065 3160 hanc
1085 3095 1336 3172 incurrendam,
1354 3113 1499 3160 necesse
1521 3095 1561 3158 sit
1574 3096 1603 3154 ut
1660 3075 1661 3085 ¹

438 3201 746 3284 quisministretin
762 3203 1011 3270 ordineaacrot
1657 3211 1659 3284 j

475 3311 573 3376 Redit
587 3313 733 3377 varietas
756 3315 1002 3380 sententiarum
1020 3316 1056 3378 in
1073 3317 1123 3379 tit.
1141 3335 1214 3400 sup.
1233 3320 1536 3380 enumeraturum:
1556 3310 1600 3374 alii
1655 3343 1657 3400 q

436 3421 617 3498 alssrmant,
634 3421 713 3506 quia
736 3422 772 3486 in
787 3423 977 3488 minoribus
995 3423 1187 3488 ministrare
1203 3423 1315 3488 solent
1329 3422 1421 3496 laici;
1442 3423 1505 3488 sed
1517 3424 1601 3504 juxta

386 3593 389 3598 r
435 3545 654 3594 communem
667 3531 883 3607 sententiam,
903 3532 1027 3596 snfsscit
1040 3535 1079 3595 ut
1093 3531 1168 3616 quis
1186 3529 1385 3595 solemniter
1405 3534 1440 3594 et
1461 3529 1555 3614 quasi
1567 3543 1598 3590 er

416 3637 546 3703 ¹olllcio
563 3643 719 3703 exerceat
734 3643 847 3702 actum
862 3639 1003 3704 minoris
1027 3639 1170 3715 ordinis;
1195 3658 1276 3702 nam
1297 3641 1376 3721 jura
1398 3655 1471 3702 non
1498 3637 1599 3702 distin·

434 3749 555 3826 guunt,
565 3765 604 3810 ac
615 3745 757 3828 proinde
774 3764 837 3810 nec
851 3765 914 3810 nos
930 3746 1138 3828 distinguere
1155 3747 1329 3812 debemus.
1342 3746 1414 3810 lmo
1428 3745 1597 3812 concilium

433 3851 667 3918 Tridentinum
688 3854 838 3918 decrevit
859 3879 873 3912 «
899 3861 935 3918 ut
955 3855 991 3918 in
1010 3862 1186 3938 posterum
1205 3855 1401 3938 hujusmodi
1421 3850 1597 3918 ministeria

434 3960 604 4044 (ordinum
638 3963 734 4044 min.)
760 3963 896 4027 nonnisi
927 3981 989 4046 per
1021 3965 1224 4028 constitutos
1248 3964 1284 4026 in
1306 3963 1403 4028 dictis
1435 3961 1596 4028 ordinibus

434 4075 657 4136 exerceantur
668 4095 683 4154 a
702 4073 796 4153 (sesa.
811 4072 861 4147 93,
873 4089 902 4135 c.
915 4073 964 4147 ll,
981 4071 1022 4135 cle
1036 4071 1134 4153 Resl.
1149 4070 1393 4135 Verumtamen
1410 4090 1454 4138 ex
1468 4085 1595 4136 consue-

432 4175 550 4244 tudine
565 4180 636 4244 lere
652 4179 777 4263 ubique
794 4179 935 4260 vigenti,
952 4179 1024 4244 haec
1043 4178 1233 4244 ministeria
1247 4197 1267 4244 a
1280 4177 1374 4244 laicis
1394 4181 1592 4243 exercentur.

471 4289 505 4350 9⁰
518 4289 570 4353 dn
585 4287 869 4369 irregularitatem
882 4286 1031 4350 incurrat
1045 4285 1252 4352 laicusactus
1265 4287 1406 4362 ordinis,
1417 4283 1592 4370 prasertim

432 4397 583 4480 majoris,
602 4400 787 4461 exercens?
962 4389 963 4392 ’

470 4503 563 4568 Multi
576 4505 748 4569 alssrmant
761 4502 851 4586 apud
863 4501 1048 4584 Schmalzg.
1067 4502 1098 4586 (l.
1113 4522 1152 4580 o,
1164 4523 1198 4568 n.
1216 4503 1277 4586 ll).
1293 4501 1390 4568 Ratio
1405 4520 1525 4568 eorum
1540 4501 1589 4562 est.

431 4617 505 4676 tum
534 4614 612 4698 quia
632 4611 738 4678 laicus
759 4612 807 4676 sic
826 4611 1023 4676 ministrans
1045 4611 1183 4692 gravius
1206 4616 1334 4695 peccat,
1359 4617 1432 4676 tum
1454 4607 1589 4694 quiajos
