3508 5568
580 575 666 623 arasa
686 576 822 632 cataros
843 575 1062 622 numeranda.
1371 559 1407 624 31

242 690 333 756 istud
358 693 595 759 mathematice
621 695 889 778 computandum
914 698 987 770 est;
1011 694 1039 756 si
1067 711 1149 759 vero
1172 699 1249 778 post
1276 700 1410 780 tempus

207 841 210 848 -
242 798 351 880 legale
372 799 611 866 contrahentes
631 802 776 866 necdum
797 803 865 866 sint
887 801 1017 866 habiles
1041 801 1083 866 ad
1107 802 1353 883 generandum,
1379 809 1412 867 et

242 909 458 992 contrahant,
487 908 579 974 valet
601 910 872 986 matrimonium
901 910 1059 994 quiajos
1082 910 1117 974 in
1141 911 1206 975 hoc
1233 927 1314 975 casu
1342 929 1412 976 non

161 997 164 1006 Α
242 1016 385 1099 requirit
396 1016 584 1100 potentiam
596 1021 671 1082 actu
686 1017 891 1100 expeditam,
908 1016 968 1082 sed
978 1017 1202 1100 aptitudinem
1213 1017 1409 1098 generandi.

243 1124 339 1202 Quod
354 1127 382 1188 si
394 1143 467 1190 mas
480 1125 515 1190 in
524 1125 626 1209 plena
640 1127 817 1209 pubertate
828 1127 868 1190 18
879 1145 1048 1191 annorum
1065 1145 1230 1208 generare
1252 1133 1410 1212 nequeat,

242 1233 461 1314 presumitur
472 1218 757 1316 impedimentum
771 1238 985 1324 perpetuum,
999 1234 1131 1298 ratione
1143 1237 1252 1316 cujus,
1270 1235 1412 1300 servatis

237 1341 431 1418 servandis,
447 1340 704 1406 matrimonium
724 1340 864 1406 dissolvi
883 1347 1006 1424 potest.
1024 1341 1190 1406 Caeterum
1204 1343 1410 1425 impuberes,
1466 1347 1471 1356 '

242 1449 307 1512 nisi
323 1466 382 1513 eos
398 1451 538 1512 excuset
551 1466 654 1512 causa
665 1449 917 1529 urgentissima,
935 1449 1165 1520 contrahendo
1180 1453 1322 1532 peccant
1334 1468 1411 1530 gra-

241 1557 345 1632 viter,
366 1557 445 1641 quia
464 1555 594 1621 violant
616 1543 824 1640 praeceptum
849 1556 1003 1621 Ecclesiae
1029 1559 1063 1620 in
1084 1575 1121 1621 re
1142 1558 1253 1639 gravi;
1279 1563 1313 1622 et
1335 1558 1412 1624 ideo

241 1643 343 1730 sicit.
362 1664 428 1748 tp.
449 1665 469 1730 a
492 1665 525 1727 h.
549 1665 585 1746 t.)
601 1664 682 1729 aren
696 1683 732 1729 se
752 1665 936 1729 districtius
950 1665 1129 1748 prohibere
1148 1665 1227 1730 tura
1240 1667 1413 1731 matamo-

241 1773 307 1838 nia.

281 1881 381 1967 Resp.
403 1884 433 1946 3.
458 1883 659 1966 Dispensare
683 1884 719 1946 in
742 1887 841 1947 atate
862 1883 904 1948 ad
919 1883 1176 1948 matrimonium
1189 1889 1303 1967 potest
1320 1884 1412 1950 solus

240 1991 338 2074 Papa,
355 2009 435 2055 cum
447 1989 595 2074 episcopi
610 1992 678 2054 sint
696 1989 874 2054 inferiores
887 1993 964 2072 jure
980 1991 1166 2066 communi,
1184 2009 1247 2055 neo
1266 1993 1413 2075 reperia-

240 2104 295 2162 tur
308 2098 450 2164 facultas
464 2099 512 2162 eis
528 2117 690 2164 concessa
704 2098 747 2164 ad
761 2099 809 2164 ita
824 2098 1100 2182 dispensandum.
1113 2099 1303 2182 Dispensati
1316 2119 1410 2176 vero,

240 2209 654 2293 antequamtlanthabiles
666 2209 708 2274 ad
721 2208 968 2290 generandum,
980 2209 1173 2273 cohabitare
1189 2227 1259 2272 non
1275 2209 1410 2284 debent,

239 2322 377 2400 propter
390 2317 579 2400 periculum
593 2317 858 2382 incontinentiae.

278 2426 378 2510 Resp.
395 2427 425 2490 t.
442 2425 558 2491 Puella
569 2427 726 2510 impubes
745 2426 949 2510 desponsata
963 2426 1046 2502 viro,
1064 2425 1128 2490 etsi
1146 2427 1298 2492 traducta
1313 2427 1356 2490 sit
1376 2428 1411 2490 in

241 2535 379 2602 domum
402 2539 488 2620 ejus
512 2537 620 2620 pubes
642 2537 731 2602 iacta
753 2535 936 2600 reclamare
961 2541 1085 2618 potest,
1112 2540 1146 2598 et
1168 2536 1276 2600 audiri
1299 2534 1409 2611 debet,

241 2662 346 2728 quum
360 2645 616 2709 matrimonium
633 2649 860 2727 presumatur
875 2663 951 2708 esse
965 2642 1164 2708 invalidum.
1182 2644 1215 2707 Si
1229 2649 1343 2708 tamen
1362 2645 1414 2707 vir

239 2757 369 2817 asserat
394 2753 484 2837 quod
508 2771 584 2818 eam
608 2753 817 2834 cognoverit,
837 2753 910 2816 viro
931 2753 1045 2834 potius
1064 2751 1212 2815 creditur
1230 2751 1413 2816 affirmanti

239 2866 274 2924 et
286 2862 416 2944 juranti
432 2861 516 2943 (can.
534 2861 563 2938 3,
582 2860 624 2926 Si
636 2862 722 2944 puis,
737 2861 787 2936 33,
803 2879 834 2944 q.
849 2862 889 2942 1),
903 2860 968 2924 nisi
979 2860 1102 2923 mulier
1116 2860 1325 2924 contrarium
1338 2878 1415 2942 pro-

239 2969 297 3033 bet
309 2989 316 3031 :
327 2986 395 3052 quo
409 2987 490 3035 casu
501 2959 603 3034 etiam
619 2969 1067 3052 sponsaliainimpubertate
1080 2969 1168 3032 iacta
1181 2968 1410 3032 resolvuntur.

278 3073 376 3159 Resp.
400 3077 429 3139 5.
451 3077 667 3140 Matrimonia
688 3077 904 3159 impubemm
926 3080 1180 3158 praesumuntur
1201 3077 1272 3140 rim
1285 3076 1411 3139 habere

239 3183 459 3266 sponsalium,
491 3190 526 3248 et
547 3203 590 3248 ex
611 3182 677 3247 ittts
697 3183 805 3247 oritur
823 3182 1106 3264 impedimentum
1128 3181 1271 3266 publioae
1289 3182 1411 3246 hones-

239 3292 317 3355 tatis
330 3292 369 3374 (ο.
383 3311 441 3355 un.
456 3291 530 3367 fln,
547 3291 667 3370 §idem
682 3292 716 3354 h.
733 3294 755 3353 t.
774 3291 809 3354 in
824 3291 883 3372 6⁰);
898 3308 979 3354 nam
994 3291 1022 3354 si
1037 3291 1204 3356 octusiste
1219 3309 1289 3355 non
1304 3291 1417 3355 valuit

240 3404 277 3462 ut
291 3399 418 3474 debuit,
435 3399 527 3463 valet
541 3397 662 3462 saltem
678 3401 715 3461 ut
729 3397 840 3481 potnit
854 3417 861 3472 ;
877 3398 1025 3461 maxime
1041 3398 1069 3460 si
1085 3397 1119 3462 id
1135 3417 1178 3462 ex
1191 3399 1411 3462 circumstan-

240 3507 294 3570 tiis
318 3505 506 3587 oolligatur.
539 3506 656 3570 Cessat
681 3511 796 3571 autem
824 3505 889 3569 ista
909 3506 1142 3588 presumptio,
1166 3506 1194 3569 si
1215 3506 1410 3589 impuberes

240 3616 376 3697 nuptias
403 3614 525 3690 solum,
544 3618 578 3678 et
599 3633 669 3679 non
691 3612 862 3696 sponsalia
885 3614 1084 3678 contrahere
1110 3612 1307 3690 voluerunt,
1331 3632 1410 3678 cum

240 3729 335 3787 actus
354 3723 529 3804 agentium
549 3740 619 3787 non
637 3725 822 3805 operentur
842 3719 931 3786 ultra
944 3721 1170 3785 intentionem
1192 3739 1311 3785 eorum
1326 3723 1407 3804 (arg.

240 3829 295 3892 lib.
312 3830 396 3906 xlx,
409 3829 445 3894 ff.
461 3829 549 3894 den.
564 3827 625 3912 C.).
642 3829 748 3893 Hodie
764 3828 800 3892 in
814 3828 897 3892 loeis
911 3828 947 3890 in
962 3828 1084 3913 quibus
1095 3827 1183 3893 rrid.
1196 3828 1298 3909 viget,
1312 3847 1409 3893 casus

243 3937 297 4001 isti
311 3957 380 4002 non
395 3941 475 4004 sunt
489 3937 641 4014 timendi,
655 3938 735 4021 quia
748 3937 981 4020 impuberibus
994 3938 1161 4020 parochus
1176 3955 1245 4002 non
1261 3937 1407 4001 assistet.

340 4135 382 4184 tlt.
397 4133 438 4183 An
453 4130 637 4184 matrimonia
651 4129 911 4183 tttliorumtemiltas
927 4129 989 4183 sine
1006 4142 1145 4184 consensu
1161 4131 1312 4194 parentum

688 4213 759 4264 inita
777 4210 834 4263 sint
852 4211 962 4264 validat

281 4375 380 4461 Resp.
390 4380 420 4441 1.
432 4379 561 4442 Attirm.
572 4377 614 4441 de
622 4379 781 4459 Jurecan.
793 4375 1004 4442 Itadeflnivit
1017 4375 1103 4440 Trid.
1118 4377 1212 4458 (sess.
1227 4375 1276 4450 31,
1288 4392 1316 4439 o.
1330 4375 1345 4438 1
1358 4393 1407 4458 pr.

244 4487 284 4550 de
298 4488 373 4568 Res.
388 4489 515 4565 mata),
527 4485 581 4549 oui
594 4489 759 4550 consonat
767 4486 825 4567 jus
838 4485 1016 4568 antiquum
1027 4484 1111 4566 (can.
1124 4484 1154 4562 3,
1171 4482 1343 4565 Sufficiat,
1358 4485 1408 4558 37,

244 4597 314 4676 (pb,
331 4613 359 4658 o.
379 4595 427 4672 13,
444 4593 493 4670 rt,
510 4594 560 4670 33,
578 4594 628 4670 ab,
645 4592 863 4677 desponsat,
880 4612 908 4657 c.
926 4593 974 4670 13,
991 4593 1032 4656 de
1045 4591 1175 4674 Requi,
1191 4593 1257 4667 ai,
1273 4591 1410 4676 dehtap-

245 4705 333 4786 toa),
348 4703 519 4786 inquibus
531 4703 665 4784 juribus
681 4700 888 4766 advolarem
906 4701 1112 4766 matrimonii
1124 4700 1308 4783 requiritur
1318 4699 1412 4764 solus
