3508 5568
555 627 642 676 ttsatt
663 627 798 683 QUARTUS
820 625 1039 673 uucfflraalurt.

622 834 824 878 immittantur!
843 833 956 876 MHUS·

243 975 328 1038 Nota
342 971 530 1038 secundum
543 972 702 1056 antiquos
723 989 873 1037 canones
894 971 1026 1054 (Causa
1046 971 1096 1046 36,
1117 991 1149 1054 q.
1169 959 1184 1034 t
1208 975 1242 1035 et
1258 969 1289 1052 Ω)
1308 987 1380 1035 ma-

205 1083 403 1149 trimonium
417 1082 570 1147 absolute
586 1082 708 1147 irritari
725 1081 815 1145 inter
836 1085 1008 1167 raptorem
1027 1085 1060 1144 et
1083 1084 1226 1164 raptam,
1257 1073 1379 1146 saltem

205 1193 234 1256 si
247 1192 320 1257 haec
334 1190 539 1273 desponsata
551 1190 703 1255 nonfuit.
720 1190 764 1252 At
782 1208 844 1274 per
860 1207 889 1254 c.
907 1191 924 1252 7
942 1193 977 1253 et
989 1187 1047 1253 fin.
1065 1187 1285 1272 dellaptorib.
1303 1188 1380 1251 sub-

205 1300 294 1364 sistit
307 1298 563 1365 matrimonium
576 1298 666 1364 intcr
688 1305 860 1382 raptorem
877 1304 911 1363 et
923 1301 1065 1381 raptam,
1082 1296 1270 1361 dummodo
1294 1296 1377 1372 aaa,

207 1410 310 1474 etiam
331 1409 366 1471 in
377 1411 546 1490 potestate
561 1407 704 1490 raptoris
726 1407 921 1484 constituta,
932 1406 1038 1470 libere
1056 1403 1259 1470 consentiat.
1274 1403 1379 1468 Hodie

160 1541 162 1544 ·
206 1517 294 1582 eirea
307 1517 373 1582 hoc
386 1515 671 1599 impedimentum
685 1521 841 1582 servatur
855 1517 913 1600 jus
925 1532 1055 1581 novum
1070 1513 1217 1596 Trid'ts.
1238 1511 1288 1589 at,
1301 1531 1329 1578 c.
1347 1512 1379 1582 6.

206 1625 247 1692 de
259 1625 407 1707 Reform.
425 1626 551 1707 muta).

451 1812 514 1862 vul.
528 1809 646 1872 Quaado
663 1809 760 1875 raptus
774 1809 888 1862 dinmat
901 1807 1141 1862 matrimonium?

246 1959 346 2045 Resp.
366 1960 399 2024 Si
420 1961 472 2024 vir
488 1959 815 2026 violenterabducat
828 1960 992 2024 feminam
1007 1941 1150 2023 invitam
1173 1957 1215 2021 de
1238 1956 1314 2022 loco
1338 1956 1381 2020 ad

206 2072 330 2144 locum,
346 2069 553 2134 matrimonii
567 2068 789 2133 contrahendi
802 2086 915 2144 causa,
931 2066 1121 2131 invalidum
1144 2069 1196 2129 est
1208 2065 1383 2130 matrimo-

206 2178 303 2243 nium
330 2178 421 2241 inter
433 2181 605 2260 raptorem
625 2181 659 2242 et
675 2181 817 2272 raptam,
832 2175 981 2261 quandiu
994 2180 1091 2259 rapta
1101 2177 1153 2239 est
1167 2173 1202 2237 in
1213 2176 1382 2258 potestate

207 2287 362 2370 raptoris,
381 2286 444 2352 etsi
459 2285 516 2351 illa
536 2292 614 2370 post
627 2290 764 2370 raptum
785 2285 1009 2350 commissum
1032 2287 1153 2367 sponte
1173 2281 1384 2348 consentiret

207 2396 243 2460 in
257 2399 448 2479 raptorem:
465 2395 512 2459 ita
526 2393 628 2471 trid,
644 2395 719 2460 loco
731 2393 800 2471 cit,
811 2398 846 2457 et
857 2393 936 2478 quia
945 2391 991 2455 ibi
1000 2390 1209 2473 generaliter
1218 2388 1380 2473 loquitur,

208 2503 533 2584 nondistinguendo
548 2501 823 2579 intermulieres,
841 2501 901 2566 sed
920 2499 1067 2566 libertati
1087 2499 1383 2564 matrimoniorum

208 2609 428 2686 consulendo,
460 2612 614 2694 sequitur
638 2610 704 2675 hoc
725 2609 1011 2693 impedimentum
1034 2607 1118 2683 dari,
1145 2607 1209 2670 etsi
1233 2605 1384 2690 rapiatur

207 2719 336 2784 femina
359 2718 538 2782 inhoneste
562 2717 699 2793 vivens,
724 2721 783 2782 aut
808 2716 945 2801 propria
972 2733 1112 2799 sponsa,
1138 2712 1329 2798 praesertim
1355 2712 1384 2775 si

208 2827 333 2892 babeat
354 2843 494 2891 causam
518 2826 703 2892 resiliendi.
728 2827 853 2898 Praeter
877 2825 1068 2891 nullitatem
1088 2822 1296 2889 matrimonii
1318 2825 1385 2885 sta-

209 2934 316 2998 tuitur
335 2934 456 3017 triplex
470 2953 572 3018 poena
584 2935 637 2998 his
653 2935 765 3000 verbis
790 2956 797 2997 :
820 2931 1077 2999 «Nihilominus
1098 2937 1213 3015 raptor
1233 2931 1322 3014 ipse,
1346 2947 1384 2994 ac

209 3061 328 3109 omnes
342 3041 390 3105 illi
404 3042 594 3118 consilinm,
613 3043 777 3107 auxilium
792 3047 826 3108 et
839 3043 992 3107 favorem
1004 3042 1207 3125 praebentes,
1220 3039 1289 3103 sint
1309 3039 1383 3122 ipso

208 3154 285 3234 jure
296 3149 592 3227 excommunicati,
609 3167 647 3214 ac
660 3154 826 3233 perpetuo
836 3151 992 3226 infames,
1004 3150 1227 3232 omniumque
1243 3145 1385 3228 dignita-

209 3263 283 3322 tum
296 3258 486 3340 incapaces,
504 3261 539 3320 et
558 3259 586 3320 si
603 3256 715 3322 alerici
729 3258 866 3334 tuerint,
884 3257 926 3322 de
941 3257 1079 3340 proprio
1092 3255 1201 3338 gradu
1216 3252 1382 3318 decidant.

119 3403 124 3411 ·
209 3367 377 3432 Teneatur
391 3371 557 3450 praeterea
570 3370 686 3450 raptor
700 3365 881 3429 mulierem
895 3369 1038 3447 raptam,
1057 3365 1129 3428 sive
1145 3382 1221 3427 eam
1243 3381 1386 3427 uxorem

212 3476 356 3551 duxerit,
383 3474 454 3557 sive
470 3492 539 3540 non
554 3473 699 3550 duxerit,
726 3472 887 3538 decenter
909 3472 1048 3538 arbitrio
1069 3470 1194 3555 judicis
1222 3470 1349 3535 datam
1368 3495 1384 3527 a

212 3583 327 3648 Cessat
340 3584 404 3648 boc
418 3581 712 3665 impedimentum,
739 3581 769 3644 l⁰
790 3581 818 3644 si
842 3585 939 3664 rapta
958 3579 1193 3646 constitutam
1211 3579 1286 3644 loco
1312 3581 1385 3644 tuto

212 3696 308 3757 extra
329 3693 534 3775 potestatem
558 3691 701 3774 raptoris
728 3693 850 3773 sponte
872 3688 907 3752 in
930 3688 1026 3754 illum
1052 3689 1244 3753 consentiat
1264 3687 1384 3770 (ibid.);

211 3802 281 3865 bai
296 3818 365 3884 non
381 3800 446 3864 fuit
459 3799 577 3875 invita,
595 3798 654 3864 sed
670 3803 792 3882 sponte
808 3799 984 3863 consensit
997 3799 1032 3862 in
1056 3798 1108 3862 sui
1134 3795 1384 3870 abductionem,

214 3909 316 3974 etiam
325 3907 572 3988 ignorantibus,
590 3907 646 3972 vel
658 3887 773 3970 invitis
788 3907 1002 3990 parentibus;
1019 3907 1098 3990 quia
1113 3906 1161 3970 sic
1174 3904 1304 3970 volanti
1317 3921 1387 3970 non

213 4019 252 4081 tit
275 4017 420 4100 injuria,
457 4035 569 4100 neque
599 4015 737 4080 libertas
772 4015 995 4080 contrahendi
1020 4015 1200 4079 minuitur.
1227 4011 1264 4076 ln
1291 4011 1388 4095 praxi

215 4129 329 4190 tamen
356 4127 495 4207 propter
523 4123 713 4188 sedendum
742 4124 959 4199 scandalum,
991 4123 1141 4190 maxime
1173 4122 1201 4185 si
1229 4121 1388 4203 parentes
1476 4166 1478 4175 ,

215 4239 295 4297 sunt
317 4232 431 4309 inviti,
463 4232 549 4297 solet
575 4237 671 4316 rapta
693 4234 843 4315 separari
874 4237 909 4298 et
933 4233 1056 4316 deponi
1078 4233 1114 4295 in
1138 4230 1212 4295 looo
1238 4231 1327 4302 tuto,
1351 4229 1389 4290 ut

214 4347 347 4408 constet
370 4342 412 4407 de
434 4341 540 4407 libero
562 4360 733 4407 consensu
753 4343 803 4424 (t).
831 4344 863 4406 3⁰
884 4341 1094 4406 probabilius
1117 4338 1306 4404 cessathoc
1329 4335 1389 4398 im·
1466 4369 1468 4374 ·

214 4449 460 4534 pedimentum‚
488 4449 516 4514 si
543 4451 672 4514 femina
698 4449 809 4533 rapiat·
830 4450 943 4514 virum
966 4469 973 4510 :
997 4453 1070 4512 tum
1099 4447 1178 4531 quia
1213 4441 1389 4528 dispositio

248 4669 283 4734 (t)
298 4669 405 4722 Factum
425 4672 515 4736 raptus
531 4669 564 4720 da
578 4683 606 4722 so
618 4669 721 4722 inducit
733 4666 1048 4736 praeumptionemjarir
1063 4669 1087 4718 et
1102 4662 1215 4732 dejure,
1230 4677 1261 4715 ac
1277 4659 1390 4728 proinde

217 4758 272 4799 non
286 4746 433 4802 artmtttitur
447 4746 568 4812 probatio
582 4745 682 4798 directa
696 4746 723 4798 in
737 4745 908 4800 eontrarium.
