3412 5570
354 619 414 688 lbd
813 641 864 692 rua
885 639 1064 688 cruorum.

356 768 408 826 tes
422 762 458 826 in
472 761 661 826 minoribus
674 761 850 826 ordinibus
864 754 1082 836 constitutos,
1104 759 1186 825 dum
1208 759 1359 824 cilicium
1378 757 1533 824 divinum

356 870 505 946 turbant,
521 868 640 934 leviter
658 871 849 954 percutiant
862 870 900 953 (o.
925 869 965 935 tl
984 886 1087 953 supra
1106 869 1175 946 cit,
1199 873 1233 934 et
1253 887 1281 934 c.
1299 867 1349 944 td,
1372 867 1414 932 dc
1435 867 1529 934 Serri.

357 996 496 1054 ereum,
520 979 608 1056 etc).

396 1088 430 1152 3⁰
441 1087 589 1152 Possunt
597 1087 727 1172 praelati
738 1087 1050 1165 ecclesiastici,tum
1062 1088 1251 1164 saeculares,
1262 1091 1336 1151 tum
1344 1087 1530 1169 regulares,

358 1195 542 1281 discipline
556 1215 669 1273 causa,
684 1197 860 1264 moderate
873 1203 1050 1282 percutere
1064 1197 1204 1264 clericos
1222 1202 1256 1262 et
1276 1195 1455 1279 religiosos
1470 1195 1532 1260 sibi

360 1305 513 1371 subditos
537 1306 572 1368 in
599 1306 790 1370 minoribus
817 1305 993 1371 ordinibus
1013 1306 1226 1383 constitutos,
1248 1305 1350 1369 etiam
1370 1321 1432 1388 pro
1454 1303 1534 1368 levi-

360 1414 424 1479 bus
442 1413 561 1498 culpis,
577 1415 613 1478 in
628 1414 817 1498 majoribus
834 1418 950 1479 autem
975 1419 1107 1479 tantum
1129 1433 1191 1498 pro
1214 1414 1376 1496 gravibus
1395 1413 1482 1495 (can.
1500 1411 1532 1486 8,

361 1523 438 1588 dist.
459 1523 518 1601 453
542 1541 615 1588 can.
637 1524 687 1600 ab,
709 1523 785 1588 dist.
806 1525 868 1606 86).
889 1523 956 1589 Sed
978 1531 1094 1589 utrum
1109 1523 1239 1608 praelati
1253 1523 1387 1606 possint
1401 1521 1536 1605 propria

360 1651 465 1698 mauu
482 1633 529 1696 sic
544 1635 745 1716 percuteret
759 1632 997 1716 Respondetur
1010 1631 1264 1714 distinguendo.
1281 1631 1465 1716 Episcopus
1479 1649 1537 1696 ne

362 1741 435 1825 quit
457 1740 594 1824 propria
612 1759 717 1804 manu
731 1745 926 1823 percutere,
944 1745 982 1804 ut
1000 1744 1134 1806 constat
1153 1759 1196 1804 ex
1215 1757 1289 1804 can.
1310 1739 1365 1814 95,
1387 1738 1464 1803 dist.
1483 1737 1535 1814 86,

361 1849 427 1912 nisi
448 1847 553 1912 alium
574 1848 735 1913 clericum
749 1849 806 1932 qui
825 1848 860 1912 id
883 1849 994 1926 iaciat,
1015 1849 1163 1932 reperire
1183 1865 1253 1912 non
1273 1847 1397 1930 possit;
1416 1863 1538 1909 verum

360 1956 425 2020 hoc
447 1955 644 2020 demandari
663 1973 733 2020 non
747 1959 861 2038 potest
878 1955 976 2020 alicui
994 1955 1096 2034 laico,
1113 1955 1263 2038 alioquin
1286 1959 1355 2019 tam
1368 1953 1537 2019 mandans

361 2081 465 2148 quam
478 2065 663 2129 verberans
678 2065 866 2129 incurreret
881 2065 1280 2140 excommunicationem,
1300 2067 1442 2146 excepto
1456 2079 1538 2126 casu

361 2191 429 2256 quo
457 2173 598 2238 clericus
623 2175 760 2257 penitus
786 2179 877 2238 esset
901 2173 1148 2256 incorrigibilis.
1176 2173 1226 2238 Ita
1248 2190 1369 2238 omnes
1391 2171 1470 2247 bb,
1494 2189 1538 2236 ex

361 2297 436 2346 can.
450 2280 501 2357 at,
521 2281 572 2357 33,
590 2281 631 2345 de
646 2281 741 2347 Serri.
758 2301 919 2347 excomm.
945 2283 1012 2348 Sed
1024 2281 1080 2346 alii
1094 2280 1225 2367 praelati
1241 2283 1387 2364 possunt
1403 2278 1539 2363 propria

240 2455 243 2460 ,
361 2406 467 2453 manu
487 2390 667 2454 verberare
682 2391 822 2456 clericos
839 2391 902 2455 sibi
917 2391 1082 2456 subditos.

403 2497 596 2562 Notandum
620 2503 818 2575 esttamen,
845 2499 937 2582 quod
951 2497 993 2564 de
1014 2497 1273 2574 consuetudine,
1295 2486 1538 2581 tam'episcopi

365 2623 469 2689 quam
482 2607 596 2670 caeteri
610 2605 740 2688 praelati
755 2612 902 2689 possunt
914 2625 1044 2684 curare,
1067 2610 1105 2670 ut
1123 2623 1185 2690 per
1198 2605 1302 2670 laicos
1316 2604 1540 2669 verberentur

364 2713 477 2778 clerici
490 2711 737 2797 delinquentes,
748 2731 827 2779 cum
841 2713 975 2780 diisscile
992 2715 1036 2779 sit
1046 2714 1195 2798 reperire
1209 2713 1350 2778 clericos
1366 2711 1424 2796 qui
1433 2710 1540 2775 velint

365 2821 401 2884 in
420 2839 457 2884 se
482 2820 653 2903 suscipere
678 2839 805 2884 munus
827 2821 997 2904 capiendi,
1023 2820 1254 2886 incarcerandi
1281 2825 1315 2885 et
1337 2817 1539 2884 verberandi

365 2927 449 2993 alios
472 2926 710 3012 delinquentes
728 2929 883 3004 clericos;
906 2928 1040 3004 deinde,
1064 2927 1139 2992 talis
1158 2927 1346 3011 punitionis
1366 2924 1539 2990 exsecutio

364 3036 479 3100 nunus
495 3035 592 3100 decet
609 3053 792 3118 personam
808 3035 1080 3102 ecclesiasticam.
1110 3035 1217 3118 Igitur
1234 3036 1307 3100 haec
1328 3032 1539 3100 consuetudo

366 3149 419 3208 est
431 3143 652 3218 rationabilis,
669 3163 708 3209 ac
721 3143 1030 3227 proindelegitima
1043 3145 1100 3210 ubi
1115 3143 1268 3208 invaluit.

405 3253 433 3336 c)
452 3253 567 3318 Poensc
585 3253 696 3316 clerici
706 3253 922 3336 percussoris.
945 3251 992 3316 Ex
1016 3271 1088 3336 cap.
1108 3255 1125 3316 l
1145 3253 1248 3337 hujus
1274 3250 1373 3328 tituli,
1399 3249 1541 3315 clericus

366 3359 479 3425 illicite
505 3360 716 3445 percutiens,
741 3361 852 3442 primo
874 3361 995 3444 corripi
1023 3360 1123 3427 debet
1148 3379 1211 3444 pro
1242 3379 1385 3426 excessu
1407 3377 1541 3442 percus·

367 3469 473 3536 sionis
496 3473 530 3533 et
552 3467 713 3551 qualitate
735 3466 847 3531 delicti
864 3485 903 3532 ac
928 3467 1167 3553 delinquentis,
1186 3469 1229 3534 ad
1248 3469 1425 3533 arbitrium
1445 3484 1541 3548 supe-

367 3577 485 3641 rioris:
502 3575 530 3638 si
545 3578 720 3657 correptus
736 3593 805 3638 non
819 3575 1034 3658 resipiscerit,
1053 3576 1176 3660 deponi
1194 3575 1305 3640 debet.
1321 3575 1428 3658 Igitur
1444 3574 1542 3656 depo·

368 3685 445 3749 sitio
459 3701 529 3748 non
542 3687 655 3767 potest
668 3683 743 3747 iteri
756 3688 896 3767 propter
910 3685 1046 3749 unicam
1061 3689 1121 3750 aut
1133 3685 1275 3750 alteram
1287 3683 1542 3767 percussionem

369 3790 568 3874 simplicem,
581 3792 739 3876 quianon
756 3792 946 3875 deponitur,
962 3794 1028 3857 nisi
1038 3799 1214 3878 correptus
1228 3793 1285 3878 qui
1296 3811 1332 3856 se
1343 3809 1413 3856 non
1430 3807 1543 3854 emen-

369 3899 509 3964 daverit.
531 3898 718 3962 Devenitur
732 3899 875 3981 proinde
895 3899 939 3964 ad
959 3899 1219 3982 depositionem,
1245 3899 1381 3985 quando
1403 3897 1543 3962 clericus

369 4005 653 4071 consuetudinem
667 4005 770 4070 habet
783 3993 1004 4090 percutiendi,
1017 4007 1065 4072 ita
1078 4012 1116 4072 ut
1127 4008 1225 4073 facile
1239 4007 1402 4090 procedat
1415 4004 1457 4070 ad
1469 4021 1543 4068 ver-

370 4114 462 4190 bera,
480 4113 583 4178 etlam
595 4131 657 4196 pro
672 4113 824 4176 minimis
837 4115 952 4191 rebus,
968 4115 1158 4198 praesertim
1171 4117 1291 4198 Juncto
1307 4112 1477 4179 scandalo.

410 4222 563 4286 Diximus
576 4244 584 4286 :
596 4225 734 4305 propter
743 4223 998 4305 percussionem
1009 4248 1025 4282 «
1035 4223 1223 4306 simplicem
1235 4249 1260 4298 ι»,
1272 4241 1353 4288 nam
1366 4220 1544 4287 siclericus

370 4329 516 4394 letaliter
538 4329 594 4394 vel
614 4329 801 4394 enormiter
820 4332 1055 4414 percussisset,
1079 4331 1144 4396 etsi
1163 4336 1296 4396 tantum
1320 4331 1427 4396 semel
1448 4329 1546 4394 iecis-

371 4443 434 4514 set,
451 4437 674 4522 deponendus
689 4444 751 4516 est,
766 4441 869 4506 etiam
878 4443 1005 4526 absque
1016 4441 1084 4506 ulla
1097 4441 1298 4518 monitione,
1309 4445 1349 4505 ut
1361 4441 1490 4505 eruitur
1502 4457 1546 4503 ex

371 4566 400 4612 c.
416 4549 436 4611 b
450 4548 521 4629 huJ.
544 4547 609 4623 tit,
634 4551 667 4613 et
682 4567 725 4612 ex
745 4549 887 4627 ratione,
908 4570 986 4615 cum
1000 4549 1058 4614 illa
1073 4551 1247 4634 percussio
1271 4551 1471 4633 gravissime
1488 4549 1547 4614 ad-

372 4659 529 4722 versetur
543 4657 656 4733 statui,
671 4655 848 4726 modestiae
863 4665 897 4724 et
908 4657 1040 4728 lenitati
1052 4657 1207 4724 clericali.
