3388 5582
545 628 640 707 araca.
655 631 783 685 oscarus
804 631 1027 678 oacaarscrou.
1321 617 1377 682 ool

207 741 251 812 ne
266 744 309 812 ad
322 744 535 821 mandantes,
552 746 781 825 consulentes,
797 767 857 813 seu
874 747 1064 830 generatim
1079 754 1329 833 cooperatores,
1354 755 1382 818 si

209 875 253 920 ex
267 855 302 920 vi
315 851 477 928 mandati,
494 852 637 932 consilii,
653 856 779 921 favoris
793 857 850 922 vel
863 858 1053 937 generatim
1069 857 1185 922 auxilii
1200 860 1382 925 subsecuta

207 963 250 1026 sit
272 961 467 1044 percussio?
481 959 568 1023 Olim
585 967 678 1028 certo
692 963 1079 1049 comprehendebantur,
1102 984 1146 1029 cx
1161 984 1189 1030 c.
1204 967 1234 1044 6,
1250 967 1290 1030 47
1304 967 1338 1030 h.
1355 971 1380 1032 t.

209 1075 244 1136 et
260 1069 300 1132 23
318 1069 352 1134 h.
371 1073 394 1131 t.
411 1068 447 1130 in
466 1069 508 1132 6⁰.
526 1068 591 1134 Sed
613 1071 649 1134 in
669 1075 777 1135 const.
794 1070 945 1158 Apostol.
965 1072 1064 1137 Sedis
1083 1074 1177 1140 nulla
1194 1074 1234 1137 tlt
1252 1076 1382 1141 mentio

207 1196 338 1254 eorum,
354 1177 419 1242 nisi
435 1183 496 1243 art.
515 1179 545 1242 a.
563 1177 690 1244 Tamen
705 1197 784 1243 cum
797 1180 1103 1246 excommunicatio
1115 1180 1246 1246 billius
1261 1184 1383 1248 consti-

207 1286 347 1350 tutionis
362 1290 495 1350 oonstet
508 1286 687 1368 ipsissimis
701 1287 814 1352 verbis
834 1305 907 1351 can.
925 1286 968 1353 Si
980 1288 1055 1370 quis
1076 1287 1252 1368 suadente,
1267 1296 1384 1373 posset

207 1392 441 1458 eodemmodo
452 1393 594 1474 intelligi
608 1413 615 1456 :
630 1398 837 1478 quapropter
845 1393 1065 1478 probabiliter
1077 1397 1382 1463 excommunicatio

207 1498 402 1567 extenditur
411 1500 454 1565 ad
464 1519 584 1566 omnes
598 1501 655 1584 qui
666 1501 804 1584 physice
815 1501 870 1565 vel
882 1501 1057 1566 moraliter
1071 1501 1114 1566 ad
1126 1502 1382 1585 percussionem

206 1606 318 1672 clerici
336 1611 552 1674 concurrunt.
572 1608 635 1684 oui
654 1611 776 1692 putant
797 1607 891 1672 illam
911 1609 1300 1674 excommunicationem
1312 1628 1383 1674 non

207 1733 244 1779 se
260 1713 444 1780 extendere
465 1715 508 1779 ad
524 1715 738 1792 mandantes,
754 1713 983 1791 consulentes,
1004 1720 1080 1792 etc,
1098 1715 1292 1780 innituntur
1310 1720 1383 1781 tum

207 1841 311 1906 scopo
329 1824 384 1888 cit.
401 1827 508 1888 const.
528 1827 601 1887 tum
622 1823 738 1888 stricta
755 1824 1034 1907 interpretatione
1049 1825 1243 1894 verborum.
1259 1824 1383 1888 Consu·

206 1931 317 1996 lentes
336 1948 406 1995 non
428 1931 557 1995 evitant
578 1949 716 2014 paenam
734 1931 951 1996 revocatione
971 1930 1117 2006 consilii,
1138 1931 1166 1995 si
1188 1931 1261 1996 haec
1286 1949 1384 1997 revo-

208 2039 295 2105 catio
312 2057 382 2103 non
400 2037 504 2102 fuerit
522 2037 656 2116 efilcax,
672 2056 734 2102 seu
752 2038 1014 2104 non'sustulerit
1033 2043 1143 2103 totum
1162 2038 1330 2103 influxum
1346 2039 1383 2103 in

208 2148 388 2212 actionem.
566 2224 569 2232 Ι
631 2141 638 2152 “

247 2255 279 2319 2⁰
294 2257 356 2333 Qui
380 2260 490 2322 ratam
507 2257 627 2321 habuit
643 2258 911 2340 percussionem,
928 2258 1070 2322 incurrit
1088 2257 1307 2342 probabiliter
1325 2276 1384 2321 ex·

208 2365 564 2440 communicationem,
581 2366 609 2428 si
624 2366 798 2448 percussio
813 2366 950 2431 nomine
963 2366 1054 2430 illius
1067 2365 1157 2430 iacta
1167 2366 1242 2442 init,
1258 2365 1384 2431 sifacta

208 2477 262 2539 est
277 2472 334 2538 illo
349 2478 502 2557 tempore
518 2491 585 2556 quo
597 2477 714 2556 posset
727 2473 820 2538 ibam
834 2471 1009 2549 mandare,
1025 2479 1059 2537 et
1080 2473 1219 2538 tandem
1231 2473 1259 2536 si
1274 2477 1384 2537 ratam

206 2581 325 2646 habuit
340 2600 400 2664 per
411 2579 549 2664 aliquod
568 2580 704 2661 signum
719 2583 911 2645 externum.
925 2579 969 2643 lt
982 2580 1097 2663 pluras
1110 2581 1226 2644 verius
1240 2583 1380 2662 negant.
1471 2630 1473 2640 .

249 2689 302 2752 lll.
320 2688 494 2771 licqaisita
509 2694 656 2771 exparte
670 2687 792 2750 delicti.
803 2722 842 2732 —
853 2687 886 2769 a)
896 2686 944 2749 Ex
956 2690 1051 2768 parte
1062 2687 1205 2751 actionis
1220 2687 1255 2751 in
1270 2704 1378 2751 sessu

209 2798 376 2880 objectiva
388 2798 557 2879 spectata,
573 2794 756 2878 requiritur
770 2798 809 2858 ut
821 2793 864 2857 sit
878 2811 1044 2857 manuam
1063 2794 1209 2875 injectio.
1228 2794 1294 2858 Sed
1307 2795 1380 2860 hec

208 2905 323 2980 verba,
343 2902 423 2967 licet
445 2902 478 2966 io
502 2903 644 2966 materia
665 2901 783 2967 odiosa
806 2919 866 2965 seu
888 2901 924 2964 in
945 2919 981 2964 re
1006 2900 1145 2983 poenali‚
1164 2919 1300 2984 semper
1319 2903 1383 2966 sibi

209 3011 425 3077 vindicarunt
450 3009 554 3075 latam
580 3009 916 3093 interpretationem,
942 3007 1021 3092 quia
1047 3009 1224 3073 continent
1248 3008 1383 3092 insigne

209 3120 425 3204 privilegium
440 3121 704 3186 ecclesiasticum
718 3120 762 3202 (S.
776 3119 860 3202 big,
877 3119 898 3183 l.
916 3118 982 3199 Vll,
1002 3139 1035 3183 u.
1059 3119 1141 3201 9¹13).
1158 3117 1242 3182 Hinc
1256 3119 1385 3201 signifi-

210 3233 289 3294 cant
303 3247 552 3313 quamcumque
568 3229 728 3311 injuriam
741 3232 929 3304 externam,
946 3245 1089 3310 gravem
1104 3233 1138 3292 et
1152 3225 1291 3308 realem,
1309 3247 1384 3312 quae

210 3336 540 3420 cadatinpersonam
552 3333 875 3400 ecclesiasticamvel
885 3335 921 3398 in
930 3352 1003 3398 rem
1015 3333 1127 3398 eidem
1139 3334 1381 3412 adherentem,

210 3447 456 3509 nocumentum
474 3441 650 3507 atl'erendo
665 3441 721 3506 vel
740 3442 880 3526 corpori,
898 3438 954 3505 vel
969 3440 1126 3516 libertati,
1149 3441 1206 3507 vel
1223 3443 1388 3525 dignitati

212 3549 908 3636 ejusdempersonaeprivilegiate.Tsmen
919 3549 1307 3615 excommunicationem
1315 3570 1385 3616 non

211 3660 353 3725 incurrit
369 3659 426 3742 qui
446 3658 559 3724 solum
573 3659 686 3724 verbis
700 3656 956 3723 contumeliosis
974 3656 1135 3722 clericum
1158 3657 1278 3735 aisscit3
1300 3660 1385 3724 item

212 3769 270 3853 qui
282 3768 394 3832 vibrat
406 3767 576 3842 baculum,
593 3765 757 3849 gladium,
781 3763 903 3829 volens
920 3770 1109 3848 percutere,
1132 3769 1167 3830 et
1184 3783 1254 3830 non
1269 3769 1385 3832 tamen

211 3875 366 3958 percutit,
383 3874 463 3958 quia
477 3893 509 3937 v.
525 3893 558 3956 g.
574 3873 715 3938 clericus
728 3874 835 3937 ictum
848 3870 1040 3936 declinavit.
1061 3872 1125 3936 Sed
1142 3890 1206 3955 per
1218 3891 1385 3938 manuum

212 3982 442 4064 injectionem,
458 3981 659 4062 intelligitur
672 3982 759 4045 actio
773 3979 924 4044 violenta
937 3998 1006 4044 uon
1018 3979 1122 4045 modo
1138 3981 1173 4042 in
1189 3999 1384 4063 personam,

213 4090 273 4154 sed
294 4091 330 4152 in
352 4089 560 4154 adhaerentia
572 4107 738 4171 personae,
763 4092 802 4151 ut
817 4087 845 4150 si
859 4106 920 4170 per
934 4088 1105 4170 injuriam,
1125 4087 1312 4170 pulverem,
1337 4106 1387 4153 sa-

213 4198 327 4274 livam,
344 4215 468 4281 aquam
487 4197 522 4259 in
537 4196 697 4260 clericum
714 4195 889 4278 projiciam
906 4194 934 4258 si
954 4195 996 4259 ad
1010 4196 1126 4259 frenos
1147 4197 1224 4278 equi
1246 4214 1388 4261 manum

213 4306 386 4382 adhibeas,
404 4306 431 4371 si
446 4307 651 4370 vestimenta
673 4305 813 4388 arripias
832 4305 935 4369 etiam
956 4305 1028 4369 sine
1047 4303 1198 4383 lesione,
1217 4306 1245 4368 si
1266 4310 1387 4388 potum

214 4434 348 4480 veneno
368 4415 532 4480 iniectum
550 4416 715 4498 porrigas,
733 4413 853 4477 saltem
869 4413 896 4478 si
912 4431 1086 4478 venenum
1103 4420 1226 4478 noceat
1239 4414 1284 4496 (L.
1299 4411 1383 4496 Lig,

215 4524 236 4587 t.
249 4541 289 4600 c.‚
302 4541 335 4586 n.
352 4523 434 4606 280),
451 4523 506 4588 vel
526 4539 710 4606 personam
723 4537 825 4602 cogas
841 4539 878 4585 sa
892 4520 1102 4605 praecipitare
1116 4521 1304 4599 indumen,
1321 4526 1384 4586 etc.

215 4632 264 4697 lta
278 4633 506 4697 communiter
519 4631 585 4694 bb.

254 4739 361 4805 Debet
373 4758 449 4805 esse
464 4741 537 4804 baec
550 4756 717 4804 manuum
731 4737 870 4821 injectio
891 4737 1051 4815 violenta,
1068 4755 1130 4802 seu
1147 4738 1332 4822 requiritur
1350 4742 1389 4802 ut
