3418 5566
524 531 611 582 mem
631 531 758 590 omerus
777 533 995 582 occurremur.
1290 511 1351 582 365

222 640 253 706 l⁰
266 641 334 708 Hac
346 643 592 728 irregularitate
610 645 761 729 ligantur
777 647 885 731 judex
899 643 1105 710 sententiam
1118 645 1296 728 proterens
1316 649 1352 712 et

181 763 372 815 assessores
388 753 473 834 eJus,
490 758 666 820 accusator
678 754 734 820 vel
753 753 971 820 denuntiator
987 751 1030 817 ad
1044 752 1229 818 vindiciam
1241 752 1351 837 puhli-

182 874 276 924 cam:
291 876 389 925 secus
404 861 432 924 ei
445 866 578 927 tanturn
586 863 752 928 interesse
767 879 867 927 suum
882 857 1053 943 privatum
1066 865 1349 945 prosequeretur;
1427 935 1430 951 ,

183 964 367 1033 advocatus
390 969 606 1048 accusatoris,
627 974 732 1037 testes
756 970 968 1055 deponentes
989 974 1107 1034 contra
1125 986 1235 1046 reum,
1256 973 1352 1035 ncta·

183 1073 254 1138 rius
269 1078 474 1142 sententiam
491 1077 669 1164 capitalem
687 1079 847 1155 senhcns,
870 1077 1016 1142 ministri
1032 1083 1259 1162 exsequentes
1276 1095 1352 1143 sen·
1433 1088 1438 1100 ’
1468 1127 1470 1132 .

142 1171 146 1180 ’
186 1183 337 1259 tentiam,
354 1188 388 1248 et
409 1203 529 1251 omnes
547 1186 603 1252 alii
625 1188 683 1271 qui
709 1187 909 1252 auctoritate
934 1186 1067 1269 publica
1084 1190 1292 1252 concurrunt
1308 1186 1353 1253 ad

184 1289 409 1371 prolationem
423 1293 479 1358 vel
490 1295 745 1359 exsecutionem
760 1295 953 1370 sententiae;
970 1293 1030 1360 sed
1046 1298 1193 1372 econtra,

104 1461 109 1472 ,
201 1485 204 1490 ¹
225 1398 258 1461 θ’
272 1399 339 1465 iiac
354 1401 600 1484 irregularitate
614 1401 711 1467 liberi
722 1407 823 1467 sunt:
840 1403 939 1487 Papa,
948 1405 1006 1487 qui
1014 1403 1085 1467 suis
1093 1403 1226 1485 legibus
1241 1401 1354 1488 quoad

186 1523 304 1589 poenas
319 1513 353 1571 et
367 1506 593 1575 inhabilitates
610 1528 680 1575 non
693 1509 832 1592 ligatum
857 1511 1077 1594 inquisitores
1093 1510 1260 1576 haereticae
1278 1527 1354 1594 pra·

186 1613 311 1691 vitatis,
324 1633 510 1700 eorumque
524 1617 695 1692 officiales,
707 1636 751 1682 ex
759 1617 941 1699 privilegiis
954 1617 1048 1683 Pauli
1061 1618 1102 1681 lv
1114 1622 1149 1682 et
1162 1618 1210 1682 Pii
1218 1618 1256 1695 V;
1269 1637 1355 1702 prae-

185 1719 557 1805 latusjurtsdictionem
564 1725 735 1810 politicam
744 1725 878 1809 imperii
887 1744 981 1792 mere
992 1725 1154 1808 delegans
1165 1727 1204 1808 (c.
1217 1727 1288 1804 ssn.,
1303 1726 1354 1796 Ne

186 1828 274 1908 cleri,
286 1831 322 1894 in
333 1831 377 1915 δ’)
386 1831 441 1898 vel
450 1832 609 1898 clericum
620 1833 843 1916 degradatum
851 1834 987 1900 tradens
1001 1835 1103 1899 curiae
1112 1833 1265 1900 saeculan'
1276 1852 1354 1899 cunr

186 1937 286 2004 solita
297 1942 552 2024 protestatione,
566 1961 610 2007 ne
625 1942 769 2007 traditus
779 1946 889 2008 morte
903 1942 1088 2018 alliciatur,
1108 1940 1291 2007 advocatus
1305 1942 1355 2008 rei

186 2050 222 2112 et
243 2053 346 2115 testes
369 2068 431 2132 pro
457 2069 498 2118 ec
522 2051 746 2136 deponentem
772 2051 879 2117 multo
900 2053 1010 2136 magis
1031 2053 1089 2136 qui
1107 2051 1202 2118 valde
1224 2055 1355 2116 remote

185 2162 392 2223 concurmnt
417 2159 461 2225 ad
490 2159 824 2238 condemnationem,
860 2161 900 2224 ut
924 2160 1081 2244 princeps
1104 2159 1255 2226 condens
1276 2161 1356 2243 jura

186 2265 382 2346 criminalia,
399 2267 517 2334 doctor
539 2268 594 2334 vel
607 2270 835 2336 confessarius
848 2269 889 2335 de
902 2268 969 2332 illis
983 2267 1204 2352 respondens.

324 2452 368 2504 ΠΙ.
384 2454 424 2506 De
438 2453 644 2520 irregularitate
659 2465 722 2519 oure
742 2465 774 2506 er
788 2451 940 2507 homlcldlo
956 2451 1063 2518 injusto
1075 2448 1214 2517 proventt.

226 2599 259 2682 c)
272 2596 478 2680 irregulares
498 2616 541 2664 ex
560 2597 681 2664 delicto
699 2597 872 2664 homicidii
896 2597 984 2661 liunt
1009 2595 1205 2680 omnesqui
1225 2593 1356 2661 occide·

186 2711 268 2772 runt
279 2706 474 2790 proximum
495 2707 567 2774 sive
584 2707 733 2792 physice,
747 2708 787 2770 ut
798 2705 1029 2789 percutiendo,
1045 2721 1218 2769 venenum
1234 2702 1358 2780 dando,
1412 2746 1415 2751 -

188 2816 259 2882 sive
271 2816 446 2881 moraliter
458 2814 702 2894 concurrendo,
718 2819 757 2879 ut
769 2813 982 2890 mandantes,
997 2813 1263 2888 consentientes,
1279 2828 1358 2876 con-

188 2921 339 2988 sulentes
354 2924 534 2989 efficaciter
548 2941 608 2988 seu
622 2921 763 2988 consilio
777 2939 839 2989 suo
851 2921 1034 2986 influentes
1055 2919 1179 2985 directe
1195 2918 1251 2984 vel
1273 2916 1360 2982 indi-

188 3035 279 3096 recte
302 3031 338 3094 in
357 3029 588 3108 homicidium,
602 3048 672 3095 non
691 3028 928 3114 impedientes,
949 3028 1007 3113 qui
1028 3027 1150 3093 saltem
1169 3044 1213 3092 ex
1225 3025 1358 3109 Justitia

188 3138 352 3223 impedire
367 3122 570 3203 tenebantur
588 3138 627 3220 (c.
644 3139 673 3213 l,
692 3121 768 3201 dist}
779 3138 829 3214 50,
848 3155 877 3201 c.
893 3137 952 3200 fin.
968 3137 1040 3219 huj.
1057 3138 1080 3199 t.
1097 3135 1134 3199 in
1147 3135 1210 3218 6·);
1226 3151 1297 3199 non
1311 3137 1358 3198 ta·

188 3265 269 3312 men
290 3250 403 3312 ratum
418 3245 582 3310 hebentes
599 3242 819 3311 homicidium
836 3261 898 3307 suo
913 3241 1051 3308 nomine
1069 3241 1208 3316 lactum,
1226 3240 1305 3324 quia
1322 3240 1358 3304 hi

188 3355 324 3439 proprie
339 3343 409 3419 non
430 3353 578 3417 influunt
598 3352 634 3416 in
652 3349 889 3426 homicidium;
914 3348 1035 3414 deinde
1053 3347 1111 3414 tali
1129 3345 1358 3413 ratihabitioni

188 3461 283 3529 nullo
294 3465 371 3547 jure
386 3477 520 3527 annexa
534 3464 586 3526 est
604 3457 848 3541 irregularitas,
874 3476 986 3542 neque
1003 3455 1096 3523 valet
1116 3458 1358 3538 argumentum

188 3572 293 3656 aperi
306 3569 342 3636 in
355 3571 408 3636 his
419 3570 620 3656 penalibus.
958 3649 962 3656 Ι

228 3680 258 3763 d)
274 3679 435 3745 Mandane
450 3678 598 3762 aliquem
610 3678 739 3761 injuste
752 3674 934 3752 verberari,
956 3673 985 3738 si
999 3672 1241 3750 mandatarius,
1262 3691 1358 3738 exce·

95 3851 100 3862 .
190 3790 274 3857 dens
287 3790 374 3855 fines
387 3787 549 3863 mandati,
564 3786 741 3852 hominem
751 3783 891 3862 occidat,
908 3779 964 3847 vel
978 3783 1020 3847 ab
1034 3783 1108 3866 ipso
1124 3780 1305 3858 occidetur,
1320 3782 1360 3845 fit

189 3897 383 3980 irregularis
402 3897 440 3979 (c.
456 3896 516 3960 fin.
533 3895 604 3977 huj.
622 3895 672 3958 tit.
689 3894 725 3958 in
737 3893 790 3976 δ’).
800 3891 897 3956 Ratio
911 3895 964 3957 est
977 3891 1056 3974 quia
1068 3889 1235 3955 mandans
1249 3887 1359 3972 culpa·

190 4005 301 4070 biliter
313 4005 427 4090 posuit
440 4019 578 4068 causam
592 4001 779 4066 occisionis.
797 3999 839 4062 At
853 4001 885 4062 1ο
900 3999 928 4063 si
943 3999 1018 4082 quie
1029 4001 1133 4081 juste,
1153 4017 1186 4062 v.
1201 4015 1234 4078 g.
1249 4000 1356 4080 pater,

190 4114 364 4196 magister,
382 4115 478 4176 curet
497 4110 645 4193 aliquem
658 4106 841 4184 verberari,
862 4109 1011 4171 cessaret
1031 4107 1097 4171 ista
1116 4103 1356 4185 irregularitas.

190 4223 223 4288 2⁰
251 4221 285 4286 Si
311 4220 477 4286 mandans
501 4216 673 4283 revocavit
696 4213 907 4291 mandatum,
934 4216 1076 4297 ejusque
1105 4211 1359 4277 revocationem

190 4328 361 4394 intimavit
369 4325 591 4402 mandatario,
600 4342 637 4390 re
647 4321 757 4388 adhuc
764 4321 908 4403 integra,
924 4322 989 4387 hoc
1003 4325 1065 4397 est,
1079 4323 1157 4384 ante
1168 4317 1357 4383 exsecutio·

192 4454 283 4513 nem,
299 4455 369 4502 non
377 4433 518 4500 incurrit
530 4429 827 4514 irregularitatem,
842 4429 871 4494 ei
884 4428 1115 4494 mandatarius
1126 4425 1360 4510 expertinecia

192 4563 255 4610 sua
272 4543 402 4612 occidat
426 4541 601 4608 hominem
621 4559 629 4600 ε
653 4536 852 4602 mandatum
875 4540 1073 4602 revocatum
1095 4552 1166 4599 non
1187 4533 1297 4598 influit
1323 4533 1359 4598 in

193 4651 406 4724 occisionem.
437 4648 501 4716 Sed
525 4648 554 4712 si
577 4643 808 4714 mandatarius
834 4661 904 4710 non
931 4640 1082 4725 percepit
1105 4638 1357 4708 revocationem
