3482 5560
549 593 634 637 urano
656 593 783 646 ocrnrus
804 593 1024 640 anonumum.
1205 567 1206 575 '
1316 578 1373 643 281

201 713 266 778 sim
284 713 320 778 in
334 713 477 778 materia
490 712 699 789 beneficiali;
717 712 796 797 quia
809 714 955 778 retentio
966 715 1140 778 fructuum
1153 719 1245 779 esset
1258 719 1376 780 contm

197 822 377 904 justitiam,
393 839 473 886 cum
488 821 561 884 sine
573 820 643 884 ullo
659 821 757 885 titulo
774 819 904 885 fmctus
920 822 1161 886 retinerentur.
1185 821 1260 886 Non
1282 827 1376 886 tene-

201 938 257 999 tur
266 938 382 998 tamen
396 932 576 995 restituere
591 931 722 996 fructus
738 931 844 1008 stolae,
862 931 920 1014 qui
933 950 1050 1014 presse
1066 950 1137 996 non
1152 935 1232 996 sunt
1245 933 1376 996 fructus

200 1041 368 1117 beneficii,
385 1038 445 1104 sed
460 1039 627 1122 stipendia
641 1039 755 1104 oflicii.

238 1149 271 1212 4ο
286 1148 336 1212 lta
346 1147 514 1231 provisus,
523 1146 1376 1230 juxtoplures,fieretinhabilisadidembenetlcium

199 1275 261 1340 pro
276 1256 339 1320 hac
354 1259 488 1319 tantum
502 1255 590 1330 vice;
614 1253 675 1318 sed
691 1259 770 1338 post
790 1255 925 1319 constit.
949 1255 1035 1319 Cum
1047 1258 1199 1341 primum
1213 1258 1260 1321 Pii
1270 1259 1307 1335 V,
1325 1265 1378 1324 est

199 1369 365 1449 perpetuo
373 1360 530 1428 inhabilis
539 1361 581 1427 ad
589 1363 654 1427 boc
663 1362 979 1441 idambenedcium
996 1365 1130 1429 etiamsi
1140 1384 1182 1430 eo
1195 1366 1376 1448 ignorante

200 1473 347 1537 simonia
358 1471 541 1536 commissa
553 1471 596 1534 sit
603 1472 641 1552 (c.
655 1471 692 1534 17
701 1470 734 1532 b.
748 1470 797 1534 tit.
810 1475 845 1535 et
855 1489 883 1535 c.
894 1471 945 1548 59,
956 1471 997 1536 de
1004 1471 1136 1556 Eleos),
1146 1474 1273 1540 Tamen
1281 1476 1378 1559 siper

198 1579 438 1644 intermediam
453 1577 765 1661 personamvitium
780 1579 933 1642 simoniae
945 1579 1144 1644 infraudem
1158 1587 1374 1664 purgaretur,

200 1688 377 1754 tolleretur
388 1687 461 1751 haec
475 1687 688 1762 inhabilitos;
705 1687 827 1752 deinde
844 1687 872 1750 si
888 1693 980 1752 esset
1001 1689 1207 1774 beneficium
1220 1691 1375 1774 simplex,

201 1797 378 1881 episcopus
404 1800 521 1879 posset
542 1813 621 1860 cum
647 1796 767 1877 ignaro
798 1796 1010 1879 dispensare,
1036 1800 1136 1880 juxta
1157 1816 1378 1864 communem

199 1905 415 1971 sententiam.
441 1903 475 1968 Si
494 1922 578 1969 vero
599 1887 693 1969 'esset
716 1905 853 1988 duplerr,
872 1910 907 1970 ct
925 1905 1059 1970 collatio
1082 1924 1152 1971 non
1173 1907 1294 1972 fuisset
1316 1927 1378 1992 per

199 2012 404 2079 sententiam
423 2010 548 2095 judicis
573 2012 744 2076 declarata
763 2013 901 2090 vitiosa,
924 2014 1104 2096 episcopus
1126 2019 1244 2098 posset
1272 2016 1377 2080 etiam

199 2121 415 2204 dispensare;
432 2124 467 2184 at
479 2138 549 2183 non
563 2119 694 2183 valeret
709 2118 828 2184 tollere
842 2119 931 2184 banc
948 2120 1206 2196 inhabilitatem,
1233 2124 1261 2186 si
1276 2124 1377 2187 bene·

199 2229 347 2293 boiarios
362 2246 433 2293 non
448 2227 570 2291 luisset
583 2227 723 2308 ignarus
743 2229 909 2305 simoniae,
936 2229 1070 2293 etiamsi
1093 2248 1192 2295 casus
1207 2231 1250 2294 sit
1269 2231 1378 2296 occul-

199 2335 254 2394 tus
269 2351 277 2393 :
294 2331 340 2395 ita
354 2329 386 2394 S.
402 2327 523 2410 Congr.
539 2329 651 2407 Cone,
666 2332 766 2412 juxta
779 2329 935 2405 Palavic,
953 2329 994 2410 de
1009 2329 1153 2407 Simon,
1170 2352 1203 2415 p.
1219 2333 1269 2409 98,
1289 2352 1322 2396 n.
1344 2335 1374 2396 3.

238 2433 387 2502 Tandem
403 2437 637 2503 adnotandum
658 2436 821 2520 estquod
843 2437 1000 2515 simonia,
1021 2439 1202 2519 ignorante
1225 2442 1374 2523 proviso,

200 2548 384 2612 commissa
400 2547 437 2612 in
453 2546 610 2612 fraudem
630 2549 717 2630 ejus,
734 2551 773 2623 ut
796 2546 925 2611 scilicet
945 2549 1096 2631 provisio
1117 2552 1191 2631 eJ'us
1210 2556 1375 2626 cessetur,

200 2657 230 2728 ei
247 2675 317 2722 non
333 2658 448 2732 obest;
467 2657 536 2720 imo
553 2656 600 2720 sio
614 2657 771 2740 provisus
786 2656 866 2720 iacit
885 2657 1016 2721 tructus
1039 2675 1131 2734 suos,
1158 2659 1266 2724 donec
1286 2659 1378 2724 bona

198 2764 284 2830 fides
299 2765 493 2830 resolvatur
507 2783 569 2849 por
579 2765 736 2829 notitiam
747 2765 912 2830 simonias.
929 2765 1001 2830 Imo
1013 2765 1041 2828 si
1051 2767 1375 2843 commissaiuissct,

198 2892 269 2938 non
287 2873 425 2958 quidem
439 2874 475 2937 in
489 2874 645 2938 fraudem
658 2874 860 2950 beneficiati,
881 2874 941 2939 sed
955 2892 997 2939 eo
1011 2875 1204 2956 ignorante,
1221 2876 1276 2940 bic
1288 2876 1376 2940 fruc-

198 2985 253 3044 tus
270 2979 462 3046 lucraretur
474 2980 625 3064 quandiu
640 2981 676 3044 in
688 2981 780 3045 bona
799 2981 866 3045 fide
887 2987 1024 3057 manet;
1048 2987 1222 3064 teneretur
1242 2987 1376 3046 tentum

198 3089 378 3153 restituere
391 3089 520 3153 fructus
536 3089 593 3172 qui
614 3092 751 3153 exstant
770 3093 923 3173 tempore
945 3107 1012 3174 quo
1035 3095 1148 3155 cessat
1169 3091 1373 3172 ignorantia,

201 3197 281 3282 quia
302 3215 372 3261 non
395 3201 514 3280 pactus
534 3201 586 3260 est
600 3197 666 3260 nisi
682 3197 873 3261 dominium
895 3199 1069 3262 fructuum
1088 3197 1290 3274 revocabile,
1312 3198 1377 3264 sal·

200 3313 270 3372 tem
285 3313 469 3391 antequam
483 3307 656 3390 pertingat
665 3307 708 3371 ad
722 3309 977 3390 possessionem
990 3307 1204 3374 triennalem.

240 3417 274 3498 d)
288 3415 401 3480 Poeure
411 3416 563 3480 simoniae
578 3415 826 3497 confidentibus
840 3425 919 3480 som
928 3437 940 3480 .·

240 3527 271 3588 1⁰
286 3525 599 3589 Excommunicatio
613 3524 690 3590 latae
707 3525 886 3590 sententiae
910 3526 1065 3590 Romano
1092 3527 1245 3592 Pontissci
1268 3546 1375 3593 rescr-

198 3638 284 3710 vata,
303 3651 346 3697 ex
365 3637 473 3697 const.
488 3631 688 3717 Apostolicre
704 3633 812 3710 Sedis,
830 3653 863 3697 n.
877 3634 907 3710 9,
924 3639 1012 3717 post.
1026 3638 1133 3700 const.
1148 3635 1376 3702 Intolerabilis

200 3741 232 3805 S.
250 3741 297 3805 Pii
313 3741 348 3817 V,
364 3746 427 3805 etc
445 3739 510 3806 Sed
524 3742 597 3806 baec
614 3761 717 3824 poena
730 3760 801 3806 non
814 3742 1010 3807 extenditur
1029 3743 1071 3808 ad
1090 3743 1297 3810 mediatores
1313 3765 1375 3809 seu

197 3853 434 3932 procuratores
451 3851 604 3915 simoniae
619 3850 878 3924 conlidentialis,
904 3870 983 3914 cum
1004 3870 1074 3916 non
1091 3854 1325 3935 exprimantur
1339 3851 1374 3918 in

194 3961 271 4041 jure
281 3957 486 4044 antiquovel
497 3976 604 4034 nov03
616 3977 715 4023 secus
726 3959 754 4022 si
764 3964 982 4023 concurreret
992 3959 1094 4024 simul
1106 3961 1371 4037 simoniarealis,

198 4066 277 4131 dato
292 4071 328 4130 et
340 4070 478 4149 accepto
492 4065 671 4148 complete.

235 4175 268 4238 Ψ
285 4173 371 4237 Olim
387 4191 430 4236 ex
445 4173 518 4236 ead.
536 4181 642 4236 const.
658 4173 705 4236 Pii
720 4173 757 4248 V,
772 4173 902 4256 praelati
913 4175 1180 4257 subjiciebantur
1193 4178 1373 4243 interdicto

197 4283 239 4346 ab
257 4282 415 4362 ingressu
441 4279 613 4362 ecclcsiae;
635 4279 695 4344 sed
717 4281 790 4346 baee
804 4299 907 4364 poena
931 4299 1001 4346 non
1023 4283 1192 4366 reperitur
1212 4286 1370 4351 inconst.

195 4389 395 4472 Apostolirre
405 4387 514 4453 Sedis.

235 4497 268 4560 3ο
282 4495 429 4560 Privatio
444 4495 599 4559 omnium
615 4495 822 4578 pensionum
839 4501 873 4560 et
885 4497 1130 4562 beneficiorum
1144 4501 1238 4584 prius
1255 4503 1371 4568 obten-

196 4607 320 4674 torum.
337 4601 413 4666 Haeo
439 4621 552 4685 poena,
582 4620 661 4666 oum
688 4604 731 4667 sit
756 4603 971 4677 vindicativa,
995 4621 1064 4668 non
1090 4607 1274 4674 incurritur
1296 4610 1371 4694 ipso

195 4711 295 4787 lacto,
306 4709 366 4774 sed
380 4709 523 4793 requirit
535 4711 739 4776 sententiam
757 4710 1013 4778 declaratoriam
1027 4714 1188 4780 criminis.
