3508 5568
381 575 421 636 XX
841 593 894 638 rus
915 591 1095 638 enuourouu.

418 710 505 768 Dices
526 715 632 768 contra
646 712 851 784 superiorem:
876 716 903 766 l⁰
924 709 1048 783 Nuptias
1065 721 1125 766 non
1144 705 1342 778 concubitus,
1363 707 1415 766 sed
1437 721 1560 770 consen

382 814 436 860 sus
452 799 523 858 lacit
544 799 605 872 (lib.
623 801 737 870 LXXXI,
753 799 784 856 u.
800 800 835 858 dc
848 801 882 860 ll.
896 800 946 872 1.),
962 799 1043 872 quod
1057 799 1147 856 etiarn
1160 797 1285 854 docets.
1297 799 1424 872 August.
1438 797 1498 866 (lib.
1512 803 1559 872 ltl,

382 887 418 948 de
430 889 511 948 Bono
525 889 729 963 conjup.,cap.
741 889 767 964 3)
776 895 804 947 et
815 889 866 947 alii
880 892 929 948 SS.
946 892 1001 947 ΡΡ.
1019 893 1049 946 2·
1060 892 1091 946 ln
1102 887 1171 946 aliis
1183 885 1275 966 rebus
1287 887 1455 948 dominium
1464 889 1559 948 direc-

383 985 447 1037 tum
463 977 628 1052 separabile
643 983 690 1037 est
704 979 742 1038 ab
756 977 841 1050 utili;
859 993 931 1054 ergo
946 978 1036 1036 etiarn
1051 979 1083 1036 in
1099 977 1290 1036 matrimonio
1312 981 1412 1050 potest
1429 978 1494 1036 dari
1509 993 1561 1054 po-

383 1075 477 1128 testas
494 1069 606 1127 directa
628 1069 694 1128 sine
715 1073 863 1142 potestate
892 1069 996 1127 utendi
1019 1067 1206 1142 corporibus.
1230 1071 1259 1124 3⁰
1283 1067 1399 1126 Sufficit
1422 1069 1502 1141 quod
1524 1083 1560 1127 ex

383 1165 466 1232 parte
481 1163 653 1216 contractus
668 1157 875 1216 consentiatur
889 1157 1033 1232 implicite
1047 1158 1077 1215 in
1098 1157 1246 1230 copulam,
1266 1157 1336 1214 licat
1353 1170 1415 1214 non
1429 1171 1466 1215 ex
1478 1163 1560 1230 parte

384 1248 635 1307 contrabentium.
651 1252 679 1304 l·
702 1248 826 1306 Videtur
849 1248 961 1322 requiri
982 1262 1154 1307 consensus
1175 1259 1340 1320 expressus
1354 1247 1386 1306 in
1408 1249 1558 1320 copulam,

384 1339 456 1412 quia
470 1353 521 1411 per
535 1337 758 1396 matrimonium
773 1342 846 1396 sunt
859 1337 920 1396 duo
932 1338 963 1396 in
978 1352 1161 1396 carneuna:
1175 1337 1255 1396 unde
1265 1352 1333 1396 can.
1350 1341 1382 1396 ld
1394 1343 1423 1396 et
1438 1353 1501 1412 seq.
1513 1343 1559 1410 tt,

385 1444 414 1501 q.
425 1429 453 1500 i,
469 1427 597 1486 dicitur:
613 1449 628 1478 «
640 1429 702 1484 Non
716 1433 763 1484 est
775 1426 902 1486 dubium
912 1427 996 1485 illam
1010 1427 1166 1486 mulierem
1181 1442 1242 1485 non
1250 1427 1399 1500 pertinere
1415 1428 1452 1486 ad
1464 1428 1562 1486 matri·

385 1517 532 1586 monium,
548 1531 616 1574 cum
630 1531 691 1589 qua
706 1516 879 1575 commixtio
901 1531 993 1575 sexus
1015 1531 1075 1574 non
1097 1516 1221 1574 docetur
1235 1515 1340 1574 tuisse.
1352 1537 1366 1566 a
1380 1519 1469 1589 Resp.
1485 1517 1522 1575 ad
1536 1522 1560 1574 l.

385 1609 558 1665 consensus
574 1606 640 1674 ista,
656 1621 710 1666 seu
722 1606 894 1680 conjunctio
909 1607 1091 1677 animorum,
1107 1621 1167 1665 non
1183 1611 1229 1664 est
1249 1604 1490 1679 qualiscumque,
1508 1605 1561 1666 sed

385 1695 586 1754 essentialiter
596 1694 753 1753 ordinatus
771 1694 808 1752 ad
822 1700 908 1754 actus
924 1696 1111 1770 conjugales,
1127 1696 1179 1769 qui
1195 1695 1300 1754 saltem
1311 1694 1455 1769 implicite
1468 1697 1562 1755 conti-

384 1791 495 1845 nentur
509 1786 539 1843 in
549 1786 617 1858 iure
631 1783 769 1842 maritali.
786 1783 828 1842 Ad
850 1788 964 1860 alleg.
987 1800 1110 1860 conseq.
1124 1805 1131 1856 3
1149 1800 1218 1844 nam
1234 1785 1413 1856 dominium,
1437 1801 1491 1844 seu
1509 1787 1561 1860 jus

385 1876 518 1934 maritale
534 1889 587 1947 per
601 1889 633 1932 se
646 1877 691 1933 est
713 1878 846 1946 potestas
871 1875 974 1934 utendi
996 1875 1186 1948 corporibus
1211 1875 1352 1950 sineque
1376 1875 1467 1934 nullae
1490 1881 1563 1934 sunt

385 1965 513 2038 nuptiae3
539 1968 660 2022 econtra
681 1963 848 2022 dominium
868 1964 995 2023 aliarum
1021 1979 1121 2024 rerum
1144 1979 1197 2038 per
1220 1979 1333 2024 senon
1356 1969 1404 2022 ost
1427 1968 1562 2036 potestas

385 2054 499 2124 utendi,
513 2060 542 2112 et
556 2055 622 2112 ideo
635 2053 666 2111 in
685 2052 752 2112 aliis
768 2054 859 2113 rebus
872 2054 1041 2113 dominium
1058 2055 1131 2114 utile
1147 2054 1280 2128 separari
1295 2057 1423 2127 potesta
1438 2053 1562 2112 directo.

385 2145 427 2202 Ad
443 2149 469 2201 3.
486 2143 641 2202 subtilitas
656 2144 715 2202 ista
729 2143 846 2202 ridetur
860 2145 1119 2218 inconceptibilis3
1135 2147 1161 2204 si
1177 2146 1258 2204 enirn
1280 2149 1413 2219 exparte
1428 2148 1562 2202 contrac-

385 2238 436 2292 tus
451 2234 639 2293 consentitur
652 2235 683 2292 iu
698 2234 847 2306 copulam,
859 2237 1030 2296 necessario
1042 2237 1132 2294 etiam
1140 2237 1328 2296 consentitur
1342 2253 1378 2294 er
1393 2241 1476 2310 parte
1491 2251 1562 2294 con-

386 2323 577 2394 trahentium,
593 2323 644 2395 qui
660 2329 845 2381 contractum
860 2323 985 2382 iaciunt.
1000 2325 1043 2383 Ad
1059 2327 1086 2383 l.
1104 2328 1181 2400 Neg.
1192 2325 1326 2384 anteced.
1342 2325 1379 2384 ad
1394 2341 1438 2398 pr.
1455 2325 1516 2384 duo
1531 2323 1562 2382 iu

387 2427 475 2470 carne
490 2428 551 2471 una
566 2413 707 2471 dicuntur
720 2428 773 2486 per
786 2415 843 2472 boc
858 2415 939 2486 quod
954 2415 1027 2473 alter
1039 2415 1163 2475 alterium
1183 2421 1360 2489 potestatem
1374 2415 1490 2474 habeat.
1514 2417 1564 2472 Ca·

387 2517 482 2560 nones
498 2502 627 2576 allegati,
641 2507 743 2576 utpote
758 2502 987 2576 depravationi
1004 2505 1182 2564 insontibus
1197 2518 1259 2563 non
1274 2504 1475 2577 reperiuntur,
1488 2501 1562 2560 nihil

386 2591 527 2664 probant,
551 2592 610 2649 nisi
637 2607 690 2665 per
715 2591 957 2650 commixtionem
983 2608 1075 2652 serus
1104 2594 1290 2669 intelligatur
1309 2593 1483 2653 commixtio
1509 2607 1561 2652 seu

386 2681 453 2754 conj
459 2681 559 2738 unctio
575 2680 629 2739 viri
645 2681 816 2740 etmulieris
831 2681 862 2740 in
877 2686 1056 2754 potestatem
1068 2683 1235 2742 maritalem
1248 2683 1512 2742 consentientium.

426 2865 525 2947 Resp.
548 2865 577 2928 3.
605 2865 798 2929 Consensus
822 2866 987 2930 maritalis
1011 2866 1113 2932 debet
1126 2885 1202 2932 esse
1220 2888 1227 2932 :
1248 2869 1281 2931 1ο
1295 2887 1393 2932 verus
1412 2867 1486 2933 aine
1505 2869 1563 2932 ilc·

389 2974 501 3039 tione:
527 2973 678 3058 alioquin
701 2975 959 3040 matrimonium
981 2975 1180 3041 simulatum
1202 2977 1275 3040 sine
1296 2976 1410 3040 animo
1431 2981 1564 3040 contra-

387 3081 501 3158 hendi,
516 3101 631 3148 eoram
645 3083 716 3147 Deo
732 3087 785 3147 est
794 3083 927 3148 nullum
936 3085 1018 3167 (cap.
1035 3085 1117 3148 ach.
1134 3084 1182 3165 t),
1197 3089 1231 3147 et
1241 3085 1318 3148 flete
1330 3085 1560 3159 consentiens,

388 3195 506 3274 utpote
532 3191 674 3256 alteram
701 3197 834 3274 partem
862 3193 990 3275 injuste
1018 3193 1251 3268 damnificans
1282 3197 1418 3256 tenetur
1439 3191 1564 3256 damna

388 3298 481 3363 illata
494 3300 667 3374 resarcire,
686 3299 777 3382 quod
790 3300 848 3363 vix
863 3301 928 3365 alio
943 3300 1045 3365 modo
1065 3301 1139 3364 fieri
1151 3304 1275 3383 potest,
1289 3299 1355 3363 nisi
1369 3299 1563 3383 praestando

388 3424 595 3471 consensum
623 3425 762 3482 verum3
789 3407 891 3472 modo
915 3426 985 3472 non
1011 3409 1100 3473 obsit
1118 3407 1255 3491 aliquod
1279 3406 1563 3490 impedimentum

389 3513 563 3592 dirimens3
578 3514 610 3577 9⁰
624 3523 773 3590 mertuos,
790 3533 851 3579 seu
865 3516 1069 3598 reciprocus,
1093 3533 1160 3598 quo
1176 3513 1374 3579 alteralteri
1389 3514 1510 3591 uacat,
1528 3517 1564 3577 et

389 3622 765 3706 acceptetoorpuslcap.
776 3623 806 3696 l,
823 3621 864 3686 dc
878 3621 1011 3706 Sponsa
1019 3620 1139 3703 dacor.);
1156 3622 1279 3686 3⁰lider
1293 3623 1509 3698 acoaotione,
1529 3626 1563 3685 et

389 3733 481 3793 metu
498 3730 592 3820 gravi
617 3731 744 3814 inJ'usto
760 3731 843 3812 (cap.
871 3729 917 3807 lt,
941 3731 980 3794 29
1000 3731 1033 3792 h.
1057 3731 1105 3812 t.);
1129 3729 1161 3794 4·
1180 3731 1415 3806 simultatione,
1442 3730 1564 3795 saltem

389 3839 573 3914 moraliter,
594 3859 637 3904 ue
656 3841 794 3904 iuterim
818 3845 970 3924 tempore
992 3840 1196 3905 intermedio
1219 3842 1261 3906 ab
1281 3859 1350 3906 uno
1365 3845 1562 3914 revocetur;

388 3949 421 4012 iit
449 3967 622 4032 cupressus
644 3950 686 4013 ab
710 3950 792 4031 ipsis
817 3950 1095 4014 contrahentibus
1119 3969 1126 4012 :
1148 3954 1183 4013 et
1200 3949 1277 4014 ideo
1292 3951 1464 4032 parentes,
1486 3946 1566 4011 licet

388 4073 448 4139 pro
463 4057 578 4121 liberis
592 4058 662 4120 suis
673 4058 871 4122 contrahere
882 4057 1014 4139 possint
1030 4057 1217 4140 sponsalia,
1236 4075 1306 4121 uon
1319 4059 1436 4121 tamen
1448 4057 1565 4120 matri-

389 4165 554 4241 monium,
576 4166 668 4248 quod
690 4166 866 4230 fortiorem
888 4165 1144 4247 obligationem,
1163 4169 1197 4228 et
1221 4167 1353 4248 majora
1365 4164 1566 4246 gravamina

389 4278 467 4356 post
475 4292 511 4338 se
524 4275 641 4350 trahit;
654 4278 691 4337 ut
699 4273 841 4358 proinde
855 4275 1030 4358 dispositio
1042 4293 1114 4357 cap.
1128 4273 1231 4350 unio,
1242 4279 1258 4352 ξ
1268 4275 1340 4350 flu,
1351 4272 1392 4336 de
1402 4272 1562 4357 Despons.

391 4382 529 4465 impul),
548 4387 666 4464 utpote
680 4381 883 4446 correctoria
904 4381 991 4464 juris
1012 4380 1187 4456 naturalis,
1204 4399 1274 4445 non
1291 4381 1336 4444 sit
1349 4378 1567 4446 extendenda

391 4489 435 4553 ad
469 4484 735 4555 matrimonium.
765 4490 798 4553 6⁰
833 4489 1026 4554 consensus
1060 4489 1321 4554 matrimonialis
1355 4487 1457 4553 debet
1489 4505 1564 4552 esse

393 4597 510 4672 verbo,
537 4595 593 4660 vel
617 4595 683 4661 alio
706 4598 804 4679 signo
827 4598 1064 4681 aequivalente,
1091 4597 1273 4661 extrinsece
1296 4597 1564 4678 manifestatus:

395 4707 466 4766 tum
492 4705 571 4786 quia
592 4706 848 4770 matrimonium
863 4709 915 4770 est
938 4709 1131 4771 contractus
1153 4704 1336 4780 humanus,
1355 4703 1413 4785 qui
1437 4700 1563 4772 verbis,
