3388 5582
383 569 467 618 suuis
486 570 674 617 apostolice:
694 570 828 616 nucum
849 569 887 616 AG
910 567 1163 615 DECLAMTlONES·
1306 533 1362 616 Bal

185 690 288 749 cendae
302 691 435 749 veritatis
451 691 626 762 obstrictus,
639 692 822 764 respondere
837 689 935 749 debet.
959 691 1086 748 cavetur
1102 688 1311 759 solertissime,
1326 703 1364 748 ne

185 779 428 838 denuntiantium
443 780 567 838 nomina
581 794 632 839 reo
650 779 879 839 manifestentur
895 784 925 838 et
939 792 977 838 ne
996 777 1212 838 sacramentale
1229 777 1365 854 sigillum

185 868 399 942 quoquomodo
414 869 552 928 violetur.

222 962 265 1016 tn.
292 958 416 1032 Quando
445 963 599 1031 perspecta
625 959 752 1017 evaserit
784 958 892 1032 patrati
916 957 1053 1018 criminis
1078 957 1209 1028 veritas,
1241 972 1293 1016 reo
1327 957 1366 1017 sd
1409 953 1412 960 '

185 1047 399 1116 defensionem,
416 1054 505 1120 prout
517 1048 586 1120 jura
600 1056 778 1121 exposcunt,
794 1048 941 1118 admisso,
957 1047 1174 1108 deveniendum
1194 1048 1251 1106 erit
1270 1047 1306 1106 ad
1322 1045 1367 1106 illi

186 1137 426 1195 interdicendum
452 1136 482 1194 in
508 1143 684 1209 perpetuum
709 1153 747 1195 ne
768 1137 978 1196 confessiones
1004 1137 1142 1209 excipiat,
1163 1136 1367 1196 subtrahendo

187 1241 293 1286 omnes
305 1233 335 1284 et
350 1241 558 1299 quascumque
575 1227 732 1286 facultates
749 1227 784 1285 ad
802 1227 832 1286 id
848 1241 961 1286 munus
978 1226 1074 1285 eidem
1089 1227 1179 1286 etiam
1195 1240 1248 1298 per
1265 1225 1363 1299 quod·

186 1331 316 1390 cumque
325 1315 516 1391 privilegium
527 1316 573 1374 vel
585 1317 623 1376 ab
633 1317 698 1390 ipsa
713 1320 821 1376 Sancta
833 1317 907 1376 Sede
917 1316 1094 1390 impertitae.
1105 1316 1284 1389 Huiusmodi
1297 1330 1365 1374 san-

187 1405 310 1464 tentiam
327 1405 489 1479 episcopus
510 1405 587 1476 ipse,
609 1410 638 1462 et
653 1419 713 1462 non
733 1404 812 1462 alius
825 1404 862 1462 ab
878 1419 913 1462 eo
928 1404 1095 1479 delegatos,
1109 1403 1253 1476 proferat;
1269 1409 1298 1462 et
1312 1417 1367 1477 pro

187 1494 275 1552 modo
294 1492 401 1570 culpe,
416 1498 506 1566 atque
525 1493 667 1553 omnibus
692 1494 813 1552 attentis
829 1493 1077 1564 circumstantiis,
1098 1498 1222 1556 cataras
1245 1508 1365 1568 quoqne

187 1599 353 1658 pocnasreo
366 1585 487 1658 irroget,
496 1599 564 1658 quae
579 1585 610 1642 in
621 1585 802 1658 supradictis
814 1583 976 1657 pontificiis
986 1583 1253 1642 constitutionibus
1263 1583 1365 1643 decer·

186 1679 311 1733 nontur.
323 1677 480 1742 Praeterea,
495 1674 521 1733 sl
534 1688 604 1732 reus
617 1673 771 1746 injudicio
786 1673 899 1731 crimen
915 1671 1076 1732 confessus
1088 1671 1188 1742 fuerit,
1202 1685 1368 1746 congruam

186 1762 275 1821 debet
289 1763 422 1820 emittere
442 1763 670 1836 abjurationem,
688 1768 720 1820 ut
744 1777 777 1822 se
801 1762 843 1820 ita
862 1766 971 1837 purget
994 1761 1031 1820 ab
1046 1777 1091 1832 aa,
1112 1775 1204 1835 quam
1228 1761 1368 1834 incurrit,

186 1851 310 1911 haeresis
325 1851 497 1923 suspicione
516 1871 523 1910 :
543 1857 572 1910 et
588 1852 643 1910 bac
662 1867 784 1926 quoque
798 1865 888 1925 poena
901 1852 933 1909 in
950 1851 1018 1924 ipse
1031 1851 1180 1910 sententia
1194 1851 1364 1932 mulctetur.

187 1941 355 1999 uoundum
370 1945 427 2011 esi,
440 1955 547 2014 poenas
568 1942 743 2014 hujusmodi
759 1957 864 2002 omnes
884 1947 913 2000 et
926 1942 1021 2015 ipsam
1037 1941 1254 2001 inhabilitatem
1269 1941 1307 2002 ad
1321 1957 1367 2003 sa·

188 2036 377 2090 crosanctum
393 2031 496 2090 misse
512 2031 694 2092 sacrificium
709 2032 933 2103 celebrandum,
948 2033 979 2089 in
994 2032 1114 2091 decreto
1128 2033 1279 2092 Benedicti
1294 2035 1366 2104 xlv,

188 2118 236 2177 die
254 2125 269 2176 5
284 2121 416 2196 augusti,
433 2136 514 2179 anno
530 2125 609 2192 titt,
624 2122 830 2196 praescriptam
845 2135 911 2182 esse
925 2121 1185 2195 tantumfereadae
1198 2122 1365 2182 sententiar.

187 2209 405 2269 Abstinendum
419 2217 515 2269 umen
526 2211 582 2270 erit
594 2210 632 2270 ab
642 2211 1067 2286 infligendadegradatiotteet
1076 2211 1235 2270 traditione
1246 2210 1368 2269 brachio

188 2300 336 2358 saeculari.
363 2299 393 2358 ld
418 2301 561 2359 nimirum
589 2316 607 2360 a
635 2303 779 2376 Gregorio
805 2304 854 2361 XV
881 2306 1028 2361 statutum
1053 2301 1138 2360 luit:
1163 2306 1304 2360 caeterum
1329 2301 1369 2360 ac
1462 2300 1467 2311 '

189 2395 335 2448 terrorem
359 2389 462 2461 potius
487 2389 662 2462 impositum
684 2391 787 2450 baberi
808 2390 896 2450 debet
914 2405 1005 2466 quam
1026 2396 1060 2449 ut
1080 2390 1268 2450 exsecutioni
1282 2405 1368 2451 man·

187 2477 275 2536 detur
289 2477 339 2552 (l).

225 2571 267 2625 l3.
282 2569 337 2637 Qui
354 2568 447 2628 nullis
463 2568 587 2626 omnino
599 2584 691 2641 super
705 2570 762 2628 boc
777 2570 904 2630 crimine
917 2571 1061 2644 praeventi
1073 2569 1366 2641 denuntiationibus,

187 2657 373 2716 couscientia
396 2657 477 2728 victi,
497 2658 648 2718 ordinario
669 2657 727 2718 loci
753 2659 855 2732 ejusve
875 2659 1011 2734 delegato
1028 2676 1061 2720 se
1078 2661 1202 2732 sistunt,
1222 2665 1369 2733 patratae

187 2761 221 2805 se
235 2746 455 2806 sollicitationis
482 2747 594 2821 flagitia
622 2755 729 2820 sponte
744 2749 925 2808 confitentur
940 2756 969 2808 et
988 2750 1104 2809 veniam
1125 2756 1241 2823 petunt,
1257 2749 1367 2808 dimitti
1436 2749 1441 2756 '

187 2837 297 2895 debent
314 2851 382 2896 curn
401 2853 535 2911 congrua
556 2836 743 2911 obturatione
757 2847 786 2898 et
803 2840 989 2913 prenitentiis
1004 2840 1151 2899 duntaxat
1169 2841 1364 2911 salutaribus,

187 2925 304 2998 adjecto
319 2927 447 2984 consilio
460 2927 508 2986 vel
528 2933 686 3002 praecepto,
702 2935 736 2988 ut
756 2929 793 2988 ab
808 2931 993 3002 excipiendis
1008 2944 1207 3004 personarum
1223 2931 1366 2990 sollicita·

188 3021 284 3073 tarum
312 3017 407 3074 sacris
423 3017 668 3076 confessionibus
689 3032 721 3077 se
739 3018 919 3091 abstineant,
942 3035 998 3078 nec
1021 3021 1138 3079 caetcris
1160 3021 1259 3093 peanis
1280 3027 1368 3080 antea

188 3105 295 3175 dictis,
319 3105 532 3166 accedentibus
555 3107 624 3166 licet
650 3111 839 3181 postmodum
867 3110 1158 3183 denuntiationibus,
1187 3111 1366 3172 alliciantur.

189 3195 244 3264 Qui
258 3210 330 3254 vero
344 3196 505 3268 judiciaria
519 3196 614 3256 forma
626 3199 688 3272 jam
704 3201 857 3272 preventi,
873 3201 925 3260 sed
940 3202 1075 3260 nondum
1088 3203 1181 3273 citati,
1197 3217 1253 3262 sua
1261 3208 1369 3275 sponte

188 3300 220 3344 se
236 3286 359 3356 sistunt,
381 3291 411 3343 et
422 3286 444 3344 ii
457 3287 568 3358 pariter
581 3301 659 3360 quos
675 3289 825 3348 t·eritatem
840 3305 901 3349 non
916 3292 1063 3365 integram
1080 3291 1132 3351 sed
1145 3291 1324 3350 diminutum
1336 3293 1368 3350 in

188 3377 353 3445 spontanea
366 3373 552 3447 apparitione
565 3376 722 3436 confessos
735 3393 804 3437 esse
817 3379 989 3438 ordinarius
1005 3378 1062 3438 loci
1077 3386 1108 3438 et
1116 3381 1246 3454 acceptis
1263 3388 1368 3454 postea

188 3462 483 3532 denuntiationibus,
507 3462 746 3536 deprehenderit,
772 3466 918 3526 beneflcio
941 3467 1130 3540 impunitatis
1147 3483 1210 3528 non
1225 3470 1368 3544 gaudent,

189 3557 393 3610 verumtamen
405 3565 459 3624 pro
477 3551 574 3624 ipsius
586 3551 729 3610 ordinarii
741 3553 901 3626 prudentia
914 3555 1020 3614 mitius
1037 3555 1211 3629 puniantur.

225 3645 268 3698 ll.
293 3640 375 3710 Quod
395 3639 425 3697 in
444 3639 528 3698 bisce
543 3641 645 3700 causis
659 3641 705 3701 uel
718 3657 754 3700 ex
767 3643 981 3704 commissione
1002 3639 1168 3718 apostoliea
1181 3645 1227 3706 vel
1245 3661 1282 3706 ex
1299 3647 1368 3719 jure

189 3730 401 3803 episcoporum
415 3729 536 3812 proprio
552 3731 726 3803 tractandis,
737 3732 880 3806 majorem
890 3734 922 3792 in
937 3733 1059 3792 modum
1070 3733 1169 3794 curari
1178 3739 1207 3794 et
1215 3734 1366 3796 observari

189 3818 285 3888 debet,
298 3817 371 3874 illud
380 3821 436 3887 est,
449 3821 482 3874 ut
492 3817 602 3876 eaedem
613 3833 714 3878 causa
727 3827 829 3893 utpote
841 3821 877 3879 ad
889 3821 978 3881 iidem
991 3823 1153 3882 attinentes
1163 3823 1367 3883 secretissime

188 3912 379 3981 peragantur,
402 3911 429 3963 et
451 3912 611 3980 postquam
633 3909 747 3968 luerint
767 3909 898 3970 delinita
913 3918 943 3971 et
959 3913 1146 3988 exsecutioni
1159 3912 1221 3986 jam
1241 3913 1366 3986 traditae,

179 4004 333 4070 ‚perpetuo
348 3995 469 4056 silentio
484 3997 608 4056 omnino
622 4006 806 4072 premantur.
822 4002 932 4061 Omnes
947 4003 1039 4061 curiae
1053 4001 1266 4062 ecclesiastica
1277 4002 1369 4062 admi·

190 4087 288 4150 nisui,
311 4085 543 4159 etquicunque
565 4087 615 4145 alii
637 4089 673 4148 ad
696 4090 752 4149 bas
770 4093 995 4163 pertractandas
1012 4093 1058 4152 vel
1072 4093 1190 4168 patroni
1207 4093 1244 4150 ad
1264 4093 1368 4152 defan-

189 4175 303 4234 dendas
320 4187 430 4233 causas
444 4184 654 4248 assumuntur,
667 4177 883 4253 jusjurandum
901 4181 938 4239 de
954 4186 1070 4240 secreto
1092 4181 1240 4240 servando
1261 4180 1371 4240 debent

189 4266 342 4333 emittere,
367 4270 396 4322 et
417 4264 475 4336 ipsi
498 4266 630 4341 episcopi
655 4268 767 4344 aliique
789 4270 922 4329 locorum
953 4271 1096 4330 ordinarii
1124 4271 1161 4331 ad
1186 4273 1369 4332 servandum

190 4361 338 4414 secretum
361 4355 605 4430 obstringuntur,
625 4364 715 4432 prout
737 4359 849 4433 injure
863 4366 986 4420 cautum
999 4367 1045 4420 est
1060 4363 1136 4436 (cap.
1151 4362 1289 4431 Statutc;
1302 4363 1369 4434 lim,

188 4444 352 4515 deficeret..
365 4446 397 4502 in
414 4446 452 4517 θ’,
466 4453 495 4506 et
509 4448 540 4504 in
550 4446 734 4506 clementina
748 4447 917 4517 licitomtm,
930 4455 946 4518 ξ
960 4451 1064 4522 Porro,
1079 4449 1114 4509 dc
1126 4449 1299 4522 fleretictbl.
1313 4451 1370 4519 Qui
1386 4521 1391 4530 ¹

188 4548 260 4596 vero
274 4535 514 4597 denuntiationis
529 4536 614 4594 oneri
628 4537 829 4610 satisfaciunt,
844 4539 957 4613 quique
970 4539 1003 4598 in
1017 4539 1101 4598 bisce
1120 4540 1223 4598 causis
1238 4540 1370 4599 examini

224 4660 257 4722 (l)
270 4659 350 4724 altit,
364 4675 407 4728 op.
421 4664 474 4724 cit,
487 4676 545 4727 cap.
561 4673 607 4723 xv,
619 4675 647 4714 n.
663 4664 740 4723 1³,et
752 4663 852 4714 bened.
867 4663 933 4726 xlv,
943 4665 972 4716 in
984 4665 1089 4728 privata
1103 4663 1215 4730 epistola
1228 4665 1271 4717 die
1282 4669 1310 4718 tt
1322 4679 1371 4718 nu·

190 4731 293 4784 vembri
302 4745 374 4786 anno
387 4737 447 4786 litt
459 4735 520 4787 data
532 4733 566 4785 ed
578 4732 782 4786 Emmanuelem
795 4735 829 4787 de
842 4736 963 4792 litavedo
978 4735 1006 4788 S.
1019 4735 1043 4790 J.
1055 4735 1250 4809 presbyterum.
