3508 5568
365 569 385 633 6
824 587 876 634 rus
897 585 1076 634 canonieus.

406 703 445 768 lit
458 703 595 790 quidem
611 706 643 767 i⁰
658 705 772 782 verba,
791 723 865 788 quae
888 711 968 770 sunt
989 706 1087 786 signa
1111 705 1288 782 nobiliora,
1317 681 1538 786 intelligenda

367 817 448 878 sunt
474 813 662 877 secundum
681 829 900 876 communem
925 813 1220 895 significationem,
1246 817 1305 878 aut
1325 830 1458 878 morem
1481 829 1538 894 pa-

367 921 458 994 triae;
482 921 529 984 ita
543 925 581 984 ut
601 923 734 984 constet
759 937 800 984 ea
821 919 914 1012 serio¹
934 915 1065 1003 prolata
1089 939 1165 985 esse
1181 920 1295 985 animo
1315 918 1537 985 contrahendi

368 1028 547 1111 sponsalia.
573 1028 649 1090 llaec
664 1027 768 1091 verba
782 1047 789 1088 ε
804 1027 935 1092 Nullam
952 1028 1084 1104 ducam,
1100 1028 1166 1094 nisi
1189 1033 1233 1105 te,
1260 1047 1321 1112 per
1345 1047 1382 1092 se
1410 1028 1538 1110 signiti-

366 1141 445 1202 cant
459 1137 531 1202 sola
545 1136 715 1218 sponsalia
738 1136 969 1202 conditionata
985 1157 992 1200 :
1010 1137 1043 1200 Si
1059 1155 1162 1221 quam
1184 1137 1326 1212 duxero,
1342 1136 1443 1201 aliam
1465 1155 1534 1200 non

368 1247 499 1322 ducam,
517 1249 638 1328 preter
653 1253 705 1322 te;
729 1264 809 1311 nam
824 1246 859 1308 in
875 1263 978 1309 sensu
999 1246 1087 1328 juris
1100 1244 1265 1328 particula
1278 1246 1353 1321 nisi,
1375 1243 1481 1308 relata
1495 1245 1537 1308 ad

367 1357 530 1430 futurum,
547 1355 635 1437 parii
649 1355 761 1419 solum
775 1355 1037 1418 affirmationem
1051 1354 1318 1418 conditionatum
1328 1352 1360 1434 (l.
1378 1352 1460 1428 lllll,
1476 1357 1492 1430 ς
1505 1355 1535 1428 6,

366 1464 401 1528 il.
413 1463 536 1528 deAct.
551 1473 665 1550 empt,
680 1464 702 1527 l.
715 1465 777 1540 llL,
789 1465 842 1544 §2
856 1465 891 1527 ff.
905 1463 945 1527 de
961 1463 1066 1528 Conci.
1083 1472 1115 1528 et
1128 1464 1333 1544 demonstat,
1346 1462 1539 1526 licetrelata

367 1573 410 1640 ad
423 1574 642 1657 praeten'tum,
659 1573 715 1636 vel
738 1590 900 1656 praesens,
920 1591 961 1635 ex
990 1573 1150 1653 negativa
1174 1571 1274 1636 iaciat
1299 1570 1539 1636 affirmativam

365 1680 571 1756 absolutam;
586 1699 618 1743 v.
635 1699 668 1761 g.
687 1680 759 1744 Non
774 1680 939 1744 habemus
955 1697 1084 1760 regem,
1103 1679 1168 1742 nisi
1190 1678 1367 1753 Caesarem,
1390 1677 1454 1742 hoc
1475 1681 1536 1754 est,

364 1789 475 1854 (msar
490 1795 542 1854 est
564 1793 681 1852 noster
694 1807 756 1852 rex
771 1793 805 1852 et
820 1806 889 1853 non
904 1786 1000 1852 alius.
1026 1787 1103 1850 llaec
1125 1792 1240 1853 autem
1255 1787 1359 1851 verba
1375 1807 1382 1848 ε
1407 1787 1489 1850 Volo
1508 1791 1539 1850 te

366 1899 491 1964 habere
516 1900 552 1963 in
574 1901 769 1980 conjugem,
795 1902 875 1961 sunt
897 1898 1057 1978 ambigua
1074 1916 1118 1962 an
1142 1895 1322 1979 sponsalia,
1351 1913 1395 1960 an
1424 1896 1539 1959 matri-

363 2007 518 2072 monium
540 2005 741 2088 signiiicent.
769 2005 875 2070 ilodie
896 2006 931 2068 in
950 2004 1032 2069 locis
1054 2005 1112 2068 ubi
1130 2004 1217 2068 Trid.
1236 2001 1339 2084 viget,
1362 2004 1541 2088 quaestioni

364 2116 442 2182 huic
459 2116 518 2179 vix
534 2121 586 2180 est
609 2115 714 2191 locus,
732 2116 812 2199 quia
827 2115 1083 2180 matrimonium
1107 2114 1318 2178 contrahitur
1341 2130 1457 2177 coram
1486 2131 1542 2195 pa·

364 2225 467 2288 rocho
482 2241 561 2286 oum
577 2221 686 2287 solitis
700 2224 813 2286 verbis
829 2227 864 2286 et
878 2223 1103 2286 caeremoniis.

404 2332 435 2394 ii⁰
450 2331 575 2394 Annuli
591 2331 736 2406 traditio,
754 2332 920 2414 porrectio
936 2347 1111 2405 manuum,
1130 2334 1164 2393 et
1177 2328 1300 2394 similia
1319 2329 1426 2409 signa,
1448 2327 1488 2391 de
1504 2345 1539 2390 se

366 2457 435 2503 non
453 2439 753 2503 suntsuitioienter
777 2438 1029 2502 maniiestantia
1052 2453 1262 2500 consensum
1288 2435 1537 2519 sponsalitium,

366 2549 445 2631 quia
456 2549 528 2612 lieri
544 2552 689 2632 possunt
702 2568 746 2612 ex
759 2548 825 2614 alio
840 2550 920 2624 line,
937 2569 969 2612 v.
986 2569 1019 2630 g.
1035 2549 1202 2622 amicitiae,
1217 2548 1421 2622 valameris,
1437 2549 1540 2612 etiam

364 2657 470 2738 pravi,
485 2655 550 2719 nisi
565 2673 640 2720 mos
654 2657 782 2738 patriae,
800 2655 856 2720 vel
870 2656 943 2720 aliae
959 2655 1224 2721 circumstantiae
1238 2654 1296 2719 illa
1311 2655 1540 2719 determinent

367 2763 409 2827 ad
434 2763 657 2845 significanda
680 2763 869 2847 sponsalia;
890 2768 929 2827 ut
950 2765 978 2826 si
1000 2767 1163 2828 tractetur
1188 2763 1229 2827 de
1257 2762 1483 2845 sponsalibus,
1507 2769 1541 2827 et

367 2870 514 2954 desuper
529 2875 691 2955 sequatur
704 2871 838 2936 traditio
854 2871 1072 2950 annulorum,
1089 2875 1152 2935 etc.

406 2979 438 3042 3⁰
453 2979 685 3056 Taciturnitas,
711 3000 744 3044 v.
769 2999 803 3062 g.
829 2981 982 3056 iemime,
1006 2981 1090 3044 dum
1104 2981 1158 3044 vir
1180 2981 1211 3045 ei
1232 2981 1401 3064 promittit
1425 2980 1540 3044 matri-

365 3089 530 3164 monium,
548 3107 617 3153 non
644 3095 696 3151 est
720 3089 858 3170 signum
882 3087 1054 3152 suissciens
1080 3087 1302 3171 sponsalium,
1324 3089 1403 3172 quia
1426 3089 1461 3152 in
1487 3088 1539 3163 bis

367 3197 575 3278 obligatoriis
595 3203 710 3261 tacens
732 3216 802 3263 non
824 3199 970 3262 babetur
992 3215 1053 3280 pro
1068 3197 1315 3274 consentiente,
1333 3198 1397 3262 etsi
1423 3199 1538 3262 iorsan

368 3305 499 3370 interne
519 3308 727 3371 consentiret
749 3328 755 3370 :
779 3307 948 3391 siquidem
976 3325 1164 3372 consensus
1187 3305 1222 3370 in
1247 3311 1362 3370 mente
1384 3309 1537 3372 retentus

367 3412 450 3476 nibil
464 3419 624 3496 operatur
637 3416 672 3479 in
687 3416 914 3481 contractibus
929 3415 1099 3480 humanis.

404 3521 437 3584 4⁰
450 3523 483 3586 Si
497 3528 655 3605 parentes
669 3524 844 3608 utriusque
860 3543 962 3588 sexus
976 3542 1037 3607 pro
1060 3524 1175 3588 liberis
1199 3524 1384 3607 puberibus
1405 3530 1536 3589 eontra-

364 3633 450 3694 buni
475 3630 656 3713 sponsalia,
681 3632 754 3696 baec
776 3637 1031 3714 presumuntur
1052 3631 1165 3696 valida
1189 3651 1232 3696 ex
1253 3632 1326 3697 solo
1350 3632 1535 3698 liberorum

364 3738 591 3802 taciturnitate
605 3758 611 3799 :
626 3740 674 3803 iia
687 3739 775 3802 clare
786 3739 952 3803 deciditur
965 3757 993 3803 c.
1011 3758 1082 3814 un,
1094 3740 1189 3818 §tin.,
1204 3741 1245 3804 de
1259 3740 1379 3824 Speos.
1393 3743 1533 3826 impuli,

364 3849 400 3910 in
413 3847 443 3910 6.
461 3845 556 3910 Ratio
571 3846 674 3928 hujus
689 3845 843 3928 specialis
859 3846 1038 3912 decisionis
1052 3851 1114 3924 est,
1138 3850 1217 3932 quio
1234 3853 1359 3927 moena,
1383 3851 1486 3916 etiam
1500 3851 1535 3916 in

365 3954 620 4038 praejudiciosis,
638 3959 718 4018 tuno
732 3953 875 4018 babetur
893 3974 954 4037 pro
974 3957 1219 4032 consentiente,
1243 3958 1379 4041 quando
1401 3963 1537 4023 tenetur

366 4069 400 4127 et
414 4067 526 4145 potest
538 4061 779 4140 contradicere,
795 4081 858 4126 nec
873 4068 988 4127 tamen
1001 4065 1199 4130 contradicit
1214 4087 1221 4128 :
1239 4084 1306 4149 quo
1327 4085 1430 4130 sensu
1445 4073 1535 4131 recte

365 4169 566 4251 intelligitur
580 4188 651 4251 reg.
669 4189 751 4244 nnn,
770 4172 826 4254 qui
841 4173 929 4236 tacet
943 4171 977 4235 in
990 4173 1019 4235 6.
1035 4171 1099 4236 Sed
1114 4172 1198 4240 dum
1212 4179 1371 4257 parentes
1384 4193 1446 4257 pro
1459 4175 1537 4239 bbe-

365 4277 411 4342 ris
426 4279 632 4342 contrahunt
647 4278 826 4361 sponsalia,
845 4280 912 4356 isti,
929 4280 958 4342 si
971 4279 1081 4344 nolint
1094 4298 1136 4344 ea
1149 4281 1233 4357 lieri,
1246 4285 1405 4346 tenentur
1415 4287 1450 4346 et
1460 4285 1536 4365 po's·

366 4391 446 4450 sunt
459 4385 700 4462 contradicere,
716 4391 936 4470 mentemque
952 4405 1049 4453 suam
1064 4389 1194 4470 operire
1210 4409 1217 4463 ;
1236 4409 1278 4452 ne
1293 4389 1444 4472 alioquin
1460 4409 1536 4472 pec-

366 4572 462 4634 valido,
484 4571 532 4623 etsi
554 4573 686 4638 sponsalia
709 4572 873 4624 clandestina
892 4574 919 4624 in
939 4575 995 4624 loro
1014 4578 1124 4626 esterno
1150 4589 1205 4627 non
1226 4575 1408 4639 attendantur,
1429 4581 1536 4641 propter

367 4647 498 4775 ῗεῐὲῧωω
510 4649 693 4740 probationis.
711 4649 776 4702 Vide
789 4649 887 4703 Bened.
908 4649 972 4714 xlii,
988 4649 1050 4704 insi.
1065 4649 1123 4700 eccl.
1141 4653 1196 4716 tro,
1214 4665 1240 4704 n.
1261 4655 1304 4712 ¹23
1325 4651 1434 4717 synod..
1454 4652 1535 4715 dioc„

381 4763 386 4774 .
450 4739 493 4786 ,c
508 4743 532 4776 o.
