3412 5570
540 546 641 608 ,usas
662 546 790 600 ourxrus
811 544 1031 592 nuenarxuuu.
1325 526 1385 592 tce
1506 567 1510 574 ·

249 669 282 730 7⁰
298 665 433 731 Crimen
451 663 654 746 effrenationis
668 671 732 742 est,
757 665 875 730 duma
901 665 1033 730 iuribus
1061 663 1152 728 iores
1179 669 1215 726 et
1236 662 1384 746 parietes

208 773 377 840 violenter
394 774 652 857 perfringuntur
670 773 849 856 diripiendi
868 791 980 837 causa.
1001 771 1135 835 Crimen
1158 757 1383 855 eupilntmnie,

210 880 299 966 quod
310 881 469 947 estvalde
483 883 585 946 afssne
596 881 727 947 crimini
739 881 956 954 effractionis,
969 879 1193 945 committitur
1208 879 1290 943 dum
1300 897 1384 960 prae-

209 991 326 1066 dones,
341 990 468 1055 alienas
482 991 573 1055 aedes
592 996 652 1055 aut
664 989 760 1055 villas
776 994 1023 1074 expugnantes,
1040 987 1197 1071 spoliant.
1218 986 1383 1070 Expilatic

208 1104 261 1164 est
281 1097 450 1182 completa
472 1099 682 1182 exspoliatio.
700 1099 910 1183 Expilatores
934 1103 968 1164 et
988 1097 1196 1170 effractores,
1214 1114 1293 1161 eum
1315 1094 1383 1159 sint

206 1209 300 1272 iures
320 1207 514 1283 atrociores,
530 1209 669 1289 gravius
683 1209 882 1290 puniuntur.
982 1275 985 1281 ,

248 1313 371 1378 Contra
391 1314 586 1380 effractores
604 1320 638 1379 et
653 1315 857 1396 expilatores
878 1315 981 1386 variae
998 1319 1096 1380 erant
1118 1331 1229 1397 poenae
1248 1312 1284 1376 in
1303 1315 1382 1394 jure

206 1421 317 1498 Rom,
332 1439 393 1504 pro
408 1421 569 1504 qualitate
584 1422 707 1512 delicti,
726 1422 918 1503 generatim
933 1422 1092 1486 ultimum
1112 1421 1325 1504 supplicium.
1343 1419 1382 1485 ln

202 1529 280 1611 jure
296 1528 377 1594 Gall.
397 1531 470 1610 (art.
486 1530 556 1608 381,
572 1531 643 1606 391,
659 1531 718 1594 391
738 1529 816 1595 God.
833 1534 951 1618 poen),
974 1531 1103 1596 crimen
1118 1529 1326 1594 attractionis
1346 1534 1380 1592 et

206 1636 430 1720 expilationis,
447 1637 529 1702 dum
542 1637 640 1702 scalis
653 1655 816 1702 aecensus
830 1642 991 1714 tentetur,
1008 1637 1150 1720 punitur
1169 1654 1272 1720 poena
1286 1637 1382 1700 trire-

205 1745 314 1808 mium
335 1744 377 1808 ad
402 1749 547 1828 tempus,
568 1748 668 1829 juxta
682 1747 887 1827 gravitatem
907 1744 1029 1809 delicti.
1054 1743 1197 1808 Gravius
1215 1744 1308 1808 enim
1327 1743 1381 1808 vel

205 1851 315 1916 levius
331 1857 385 1918 est
396 1853 525 1918 crimen
539 1872 602 1937 pro
617 1858 739 1919 natura
752 1853 907 1920 locorum
922 1871 997 1937 quae
1012 1852 1232 1930 invaduntur,
1246 1856 1280 1917 et
1293 1850 1382 1917 clau·

206 1977 294 2025 surae
310 1979 386 2044 quae
402 1961 603 2043 astringitur.

188 2077 193 2086 '
243 2069 277 2132 8⁰
293 2068 428 2134 Crimen
442 2070 599 2157 expilatae
614 2070 822 2136 hereditatis
835 2075 897 2146 est,
915 2070 998 2134 dum
1014 2073 1200 2136 extraneus
1215 2069 1381 2154 quasdam

206 2196 260 2242 res
274 2178 418 2244 mobiles
435 2179 577 2264 subripit
590 2199 633 2244 ex
646 2179 844 2246 haereditate
856 2181 1003 2262 J'acente,
1025 2197 1087 2242 seu
1107 2182 1293 2260 antequam
1312 2177 1382 2240 hae·

206 2286 304 2350 redes
320 2288 577 2370 apprehendant
589 2289 854 2372 possessionem.
865 2287 1066 2368 Theologioe
1077 2291 1130 2350 est
1145 2286 1285 2361 turtum,
1302 2284 1381 2350 licet

205 2393 241 2456 in
254 2394 366 2475 rigore
374 2395 462 2477 juris
477 2413 548 2459 non
561 2395 605 2458 eit
618 2397 759 2472 furtum,
773 2413 853 2459 cum
865 2395 996 2459 turtum
1010 2411 1081 2458 non
1092 2392 1209 2456 sitnisi
1226 2392 1381 2456 derebus

202 2504 274 2584 jam
285 2503 468 2585 possessis3
483 2503 544 2568 sed
556 2508 633 2587 jure
647 2503 737 2569 civili
752 2501 1174 2586 puniebaturgravissimis
1186 2501 1308 2584 pesnis,
1324 2519 1381 2582 ge-

204 2611 350 2676 neratim
365 2609 487 2694 laquei.
499 2611 536 2676 ln
548 2614 626 2695 jure
636 2612 717 2677 Gall.
730 2611 824 2677 nulla
837 2612 1030 2676 decernitur
1039 2628 1143 2694 poena
1154 2608 1377 2693 particularis.

205 2723 240 2782 ct
264 2717 341 2782 ideo
366 2719 449 2783 illud
469 2720 598 2785 crimen
617 2721 758 2803 punitur
783 2726 821 2783 ut
841 2721 980 2795 turtum,
1002 2720 1103 2801 juxta
1123 2717 1321 2803 qualitatem
1347 2721 1383 2781 et

204 2826 474 2892 circumstantias
489 2826 611 2893 delicti.
628 2828 662 2893 si
675 2828 841 2912 expilator
855 2833 948 2892 esset
960 2828 1032 2909 ipse
1046 2827 1167 2902 haeres,
1185 2829 1383 2890 censeretur

181 2987 185 2994 .
204 2935 317 3017 potius
329 2952 404 2998 rem
416 2952 513 2999 suam
529 2952 631 3018 quam
646 2934 794 3001 alienam
807 2934 1037 3010 submovisse,
1053 2937 1087 2998 et
1098 2933 1190 2997 idem
1200 2933 1383 2998 dicendum

205 3040 247 3104 de
262 3059 380 3106 uxore.

244 3149 276 3213 9ο
293 3148 428 3214 Crimen
442 3151 581 3214 termini
583 3153 678 3240 ¹moti
689 3157 752 3227 est,
765 3151 848 3214 dum
861 3151 936 3236 quis
953 3149 1069 3215 dolose
1085 3149 1250 3213 terminos
1270 3167 1331 3212 seu
1344 3147 1383 3211 li-

204 3257 305 3321 mites
319 3258 504 3323 fundorum
518 3263 639 3336 mutat,
656 3260 712 3324 vel
729 3265 767 3324 ut
784 3260 925 3343 praecise
946 3259 1043 3324 alteri
1063 3262 1185 3323 noceat
1200 3257 1255 3321 vel
1271 3261 1309 3320 ut
1324 3255 1383 3320 ali-

206 3365 287 3449 quid
306 3365 348 3430 de
362 3367 468 3432 fundo
486 3367 597 3432 alieno
613 3368 802 3433 detractum
822 3387 884 3433 suo
900 3367 1012 3432 addat.
1029 3367 1136 3432 Variae
1156 3369 1253 3430 erant
1272 3381 1382 3447 poeuae

206 3473 331 3556 injure
347 3473 443 3540 Rom.
458 3495 465 3552 ;
481 3494 573 3540 nunc
594 3476 721 3560 injure
745 3476 868 3542 Gallico
890 3481 963 3558 (art.
984 3475 1139 3540 389001.
1162 3474 1280 3557 pern),
1300 3471 1383 3536 illud

205 3582 334 3646 crimen
349 3601 451 3665 poena
465 3584 664 3650 reclusionis
679 3586 846 3670 plectitur.

134 3745 136 3748 .
247 3690 297 3754 111ο
315 3689 450 3755 Crimen
464 3693 741 3777 repetundarum,
755 3698 838 3778 puta
850 3693 1087 3776 pecuniarum,
1103 3691 1247 3757 estdum
1260 3689 1383 3770 magis-

207 3801 314 3861 tratus
329 3797 384 3864 vel
399 3799 550 3864 officialis
565 3800 720 3884 publicus
729 3801 864 3865 sordide
878 3799 1219 3884 accipitpeeuniasob
1229 3799 1385 3882 judican-

206 3903 287 3968 dum
302 3905 358 3970 vel
371 3906 634 3986 decernendum,
651 3913 687 3973 et
704 3907 909 3991 generaliter
926 3909 969 3972 ob
991 3907 1223 3991 praestandum
1244 3906 1279 3970 id
1293 3907 1383 3990 quod

207 4030 249 4074 ex
263 4014 373 4078 ofttcio
389 4033 451 4080 suo
464 4005 625 4098 praestare
645 4016 755 4081 debet.
770 4017 818 4080 Ex
834 4022 899 4082 art.
917 4017 974 4080 171
993 4015 1071 4081 Cod.
1089 4013 1245 4099 poenalis,
1260 4014 1384 4078 officia-

205 4119 247 4183 lis
262 4121 416 4202 publicus
431 4123 478 4188 sic
491 4125 653 4206 pecunias
667 4125 835 4209 accipiens
853 4125 994 4209 punitur
1017 4123 1258 4206 degradatione
1278 4122 1385 4188 civica

207 4233 241 4291 et
258 4229 475 4294 restitutione
491 4231 526 4294 in
543 4230 695 4315 duplum.

247 4337 298 4400 11ο
309 4336 444 4402 Crimen
450 4341 639 4423 peculatus,
648 4344 1017 4426 juxtsjusRomenum,
1031 4341 1220 4406 estturtum
1230 4339 1382 4424 pecuniae

205 4443 349 4527 publicae
357 4464 417 4508 seu
427 4446 707 4513 fiscalis.Furtum
714 4451 763 4513 rei
773 4450 1017 4534 sauraepmprie
1029 4449 1150 4515 dicitur
1156 4445 1381 4527 sacnlegium,

207 4556 242 4615 et
253 4570 324 4618 non
338 4552 483 4636 simplex
497 4556 684 4638 peculatus,
701 4558 780 4623 licet
794 4577 848 4622 res
864 4576 969 4634 sacra,
985 4563 1024 4622 ut
1034 4575 1139 4632 sacra,
1151 4557 1195 4634 sit
1207 4556 1310 4620 etiam
1324 4575 1383 4638 pu-

207 4659 303 4725 blice.
321 4660 549 4729 committitur
566 4666 669 4730 etiarn
682 4667 908 4750 sacrilegium,
926 4667 1062 4750 quando
1078 4683 1216 4731 resnou
1232 4682 1327 4729 sacra
1342 4664 1383 4728 de
