3514 5564
484 615 488 622 '
545 623 630 668 arnan
651 625 785 679 auinaue
805 626 1023 675 nacnnrnnrutt.
1145 657 1148 667 .
1314 617 1369 682 lul

207 799 226 848 1.
244 795 321 860 Quis,
338 807 394 862 qua
408 797 507 860 torma,
522 797 551 850 et
566 797 596 852 ln
611 809 668 864 qua
686 811 716 854 re
730 800 817 866 possit
830 800 926 854 dotem
937 801 1101 866 promittere
1116 803 1166 857 aut
1179 805 1373 890 constituere?

242 923 331 996 Resp.
347 927 373 980 l.
391 925 489 981 l⁰llon
503 927 620 982 tanturn
632 924 739 983 mulier
752 941 805 999 pro
816 941 849 984 se
860 926 936 999 ipsa,
949 927 1002 985 sed
1017 928 1200 1004 quicumque
1212 931 1289 992 alius
1304 933 1374 992 libe

206 1025 269 1068 ram
285 1025 383 1070 rerum
399 1025 524 1072 suarum
543 1013 828 1074 administrationem
850 1015 974 1087 habena,
991 1023 1089 1090 potest
1105 1033 1158 1092 pro
1178 1022 1301 1080 muliere
1321 1024 1372 1082 do-

207 1103 265 1157 tem
275 1100 455 1160 constituere
462 1102 685 1176 velpromittere
697 1103 727 1178 (l.
740 1107 808 1174 llll,
822 1104 852 1162 ll.
865 1103 900 1163 de
912 1105 984 1164 lare
994 1106 1067 1178 dot,
1083 1108 1102 1165 l.
1116 1107 1181 1180 iin.,
1194 1125 1220 1168 c.
1234 1110 1279 1170 Ad
1292 1111 1323 1171 S.
1340 1114 1370 1172 C.

209 1188 333 1263 Vellei),
348 1205 418 1249 narn
431 1191 608 1253 beneficium
623 1194 706 1253 alteri
721 1200 862 1268 prestere
876 1210 964 1254 nemo
979 1197 1162 1270 prohibetur.
1180 1205 1209 1257 2⁰
1226 1204 1295 1273 lpse
1305 1216 1373 1261 mu-

206 1279 261 1338 lier
276 1295 334 1338 non
348 1286 465 1341 tenetur
480 1298 513 1342 se
527 1285 624 1358 ipsam
637 1285 748 1349 dotare,
758 1301 826 1344 curn
841 1286 1064 1346 matrimonium
1077 1286 1213 1347 absolute
1227 1291 1294 1349 sine
1305 1292 1373 1351 dote

207 1369 373 1429 consistere
381 1373 477 1445 possit
491 1372 521 1447 (l.
531 1373 631 1446 fin.,r.
643 1375 727 1434 Sicut
739 1380 851 1446 acum,
866 1391 892 1433 c.
903 1375 938 1434 de
952 1375 1138 1436 coactante
1148 1379 1255 1451 nupt),
1266 1385 1296 1438 et
1306 1381 1373 1440 ideo

207 1459 233 1516 si
248 1459 355 1518 mulier
365 1461 516 1533 permittat
529 1463 669 1522 mariturn
684 1463 775 1522 rebus
790 1464 856 1522 suis
868 1464 912 1521 uti
926 1465 1040 1538 absque
1050 1465 1268 1526 ullamcntione
1283 1469 1371 1536 dotis,

206 1561 266 1606 non
281 1551 473 1620 presumitur
485 1567 537 1610 eas
551 1553 582 1610 in
598 1553 696 1611 dotem
712 1553 841 1622 dedisse,
858 1553 911 1612 sed
924 1559 957 1612 ut
967 1555 1192 1628 paraphernalia
1202 1557 1371 1618 tradidisse.

207 1642 236 1696 3·
253 1642 330 1697 lnter
347 1655 399 1698 eos
420 1656 489 1699 uero
511 1642 564 1715 qui
586 1641 759 1718 obligantur
782 1644 937 1702 mulierem
956 1643 1069 1716 dotare,
1091 1652 1137 1704 est
1155 1647 1252 1718 primo
1270 1655 1372 1720 peter3

206 1729 276 1802 quia
290 1732 430 1803 «paterni
457 1733 547 1791 cilicii
571 1738 618 1792 est
631 1734 742 1804 dotem,
757 1735 803 1793 vel
825 1735 1015 1793 donationem
1034 1742 1154 1808 propter
1178 1738 1298 1810 nuptias
1319 1754 1373 1810 pro

206 1834 263 1878 sue
276 1819 346 1878 dare
358 1824 500 1897 progenie
514 1823 572 1898 »(1.
587 1823 651 1895 tin,
661 1839 688 1882 c,
699 1824 734 1882 da
751 1825 831 1884 botis
839 1825 992 1897 pronae,
1005 1825 1025 1882 l.
1039 1827 1109 1895 lllll,
1126 1824 1156 1883 il.
1172 1825 1287 1886 dellito
1298 1841 1375 1901 oop-

208 1909 300 1980 ticr.),
316 1910 373 1968 etsi
388 1910 449 1969 iilia
461 1911 502 1969 sit
512 1911 607 1984 dives,
621 1913 665 1971 vel
678 1913 817 1986 nupserit
829 1913 943 1986 absque
953 1914 1207 1986 mentionedotis;
1223 1917 1295 1988 quia
1305 1917 1375 1989 jura

208 1998 559 2074 indistincteloquuntur.
569 2002 856 2075 indelectumpatris
871 2003 1021 2077 obligatur
1035 2019 1109 2063 avus
1124 2010 1265 2077 paternus
1280 2005 1309 2078 (l.
1325 2009 1373 2076 Vl,

207 2089 237 2146 ll.
252 2089 422 2162 deodati,
431 2095 493 2162 tum
505 2090 636 2160 materll.
655 2095 724 2158 xlv,
742 2092 777 2151 de
787 2093 859 2152 lare
869 2091 953 2164 dot),
969 2097 998 2151 et
1012 2093 1202 2166 probabiliter
1217 2095 1306 2152 irater
1319 2108 1374 2166 pro

205 2193 456 2253 sororegermana
466 2182 758 2255 autconsanguinee,
766 2182 871 2240 saltem
881 2181 917 2240 de
929 2182 1084 2241 honestate
1094 2183 1193 2242 dotem
1205 2182 1275 2242 dare
1288 2183 1374 2242 debet

204 2271 277 2343 (arg.
297 2271 316 2328 l.
332 2272 390 2341 llll,
412 2271 471 2344 53,
492 2271 522 2328 ll.
547 2270 582 2330 de
601 2270 719 2330 Admtc.
740 2271 819 2344 tot).
840 2273 880 2329 lle
898 2270 965 2344 jnre
988 2285 1054 2328 can.
1078 2271 1236 2330 defloratur
1256 2277 1375 2331 tenetm

205 2357 376 2417 defloratam
391 2359 508 2424 ducere,
523 2361 569 2420 val
584 2375 649 2420 eam
662 2362 764 2420 dotare
779 2363 839 2435 (al
856 2366 886 2418 et
900 2365 917 2416 i
931 2358 1103 2432 deridete).

241 2451 328 2520 llesp.
343 2453 370 2506 a.
389 2449 551 2508 Promissio
570 2449 617 2508 vel
636 2450 811 2508 constitutio
833 2449 912 2507 dotis
932 2447 965 2505 lit
985 2461 1037 2520 per
1047 2453 1138 2520 pocta
1160 2447 1284 2520 dotalia,
1307 2463 1373 2520 quae

205 2546 276 2598 sunt
289 2539 444 2600 conventio
458 2555 548 2614 super
559 2541 628 2599 dote
642 2541 750 2613 danda,
765 2539 970 2599 conservanda
983 2537 1028 2596 rel
1041 2537 1205 2605 retinenda,
1220 2539 1267 2596 vel
1282 2553 1373 2612 super

205 2629 291 2688 bonis
302 2629 598 2704 ceterisstmpttcta,
608 2629 833 2703 quaefiuntactu
845 2630 922 2688 inter
935 2629 1031 2698 vivos,
1048 2643 1101 2686 seu
1112 2643 1194 2688 mero
1206 2635 1372 2700 contractu,

204 2719 240 2778 de
251 2721 318 2792 jure
329 2735 436 2779 comm.
452 2722 561 2793 valent,
576 2737 631 2780 nec
645 2727 738 2781 testes
748 2722 951 2794 requiruntur,
963 2720 1023 2779 nisi
1034 2720 1093 2779 duo
1105 2722 1141 2779 ad
1156 2719 1371 2794 probationem,

204 2814 334 2884 suntque
349 2823 401 2882 per
414 2825 446 2868 se
471 2809 675 2870 irrevocabilia
691 2811 720 2882 (l.
737 2814 771 2881 ll,
786 2813 857 2881 lllV,
872 2809 903 2868 ff.
919 2811 1043 2870 dePcct.
1060 2809 1372 2884 mactandumque

204 2905 360 2959 transeunt
378 2899 409 2957 in
432 2900 567 2958 ultimam
582 2901 765 2958 voluntatem
783 2905 811 2958 et
827 2900 957 2958 futuram
973 2899 1137 2974 conjugum
1147 2900 1372 2958 successionem

204 2989 366 3058 continent,
383 2987 605 3064 reprobantura
616 2991 685 3060 jure
700 3003 808 3047 comm.
824 2989 854 3062 (l.
871 2992 940 3058 V,c.
956 2988 990 3047 dc
1002 2989 1083 3047 Poct.
1100 2988 1257 3061 maneat),
1273 2989 1325 3047 sed
1336 3005 1372 3047 ex

204 3077 422 3138 consuetudine
443 3078 641 3148 sustinentur,
664 3077 825 3137 dummodo
848 3078 1053 3138 solemnitates
1077 3079 1189 3137 ultimae
1210 3078 1372 3138 voluntatis

203 3169 341 3228 habeant.

240 3262 368 3330 Respa.
384 3261 416 3316 ln
428 3258 527 3316 dotem
542 3257 605 3316 dari
622 3261 721 3330 potest
734 3271 784 3316 res
798 3269 996 3330 quecumque
1010 3254 1130 3338 mobilis
1140 3257 1186 3314 vel
1200 3256 1371 3328 immobilis,

205 3349 371 3422 corporalis
385 3348 431 3406 vel
447 3348 654 3420 incorporalis,
670 3349 866 3409 ususfructus
883 3348 929 3405 vel
940 3347 1107 3420 proprietas
1121 3346 1150 3419 (l.
1165 3349 1201 3406 lV
1215 3350 1244 3404 et
1257 3361 1333 3419 seq,
1344 3353 1374 3404 et

204 3444 223 3500 l.
237 3445 285 3501 Vll
296 3449 357 3501 etc.
374 3441 405 3500 il.
417 3441 621 3514 delorem),
635 3442 695 3500 imo
706 3448 735 3499 et
749 3441 882 3510 seudum,
894 3445 1024 3500 attamen
1043 3439 1157 3514 absque
1175 3440 1372 3500 estimatione

204 3547 257 3606 per
271 3531 393 3590 modum
407 3531 590 3592 venditionis
599 3533 628 3606 (l.
644 3536 678 3603 ll,
695 3535 737 3603 l,
753 3533 798 3590 tit.
814 3549 877 3603 arn,
893 3548 952 3589 run
966 3537 996 3588 et
1008 3547 1053 3601 cv,
1070 3531 1136 3604 pn).
1149 3531 1179 3590 Si
1195 3531 1295 3591 omnia
1306 3547 1371 3592 mu·
1387 3585 1390 3591 .

169 3677 170 3683 ,
204 3622 285 3681 lieris
300 3620 378 3680 bona
392 3621 422 3678 in
438 3621 536 3680 dotem
550 3622 618 3681 dala
628 3628 708 3687 sunt,
725 3623 750 3680 ei
766 3621 845 3680 laasae
856 3619 1042 3680 succurritur
1052 3616 1072 3678 l.
1084 3623 1129 3692 lv,
1142 3637 1167 3680 c.
1182 3621 1216 3680 de
1229 3621 1294 3682 dar.
1311 3623 1370 3684 dot.

205 3713 234 3770 Si
249 3725 319 3770 uero
333 3725 382 3770 res
397 3711 494 3770 aliena
506 3711 583 3770 bona
598 3711 655 3770 fide
670 3712 739 3771 data
756 3718 812 3781 est,
827 3711 1007 3770 transfertur
1025 3712 1056 3769 in
1075 3713 1214 3770 maritum
1240 3713 1371 3772 conditio

204 3800 399 3873 usucapiendi
414 3815 449 3858 en
461 3800 505 3858 tit.
520 3801 551 3858 il.
566 3801 623 3860 Pro
637 3801 713 3860 dcte.
733 3801 763 3860 Si
777 3802 896 3858 tandem
910 3801 1063 3874 proprium
1078 3800 1211 3860 debitum
1227 3801 1324 3859 mariti
1340 3802 1371 3859 in

205 3891 302 3948 dotem
318 3890 419 3949 datum
434 3895 491 3961 est,
502 3890 529 3948 is
538 3889 680 3950 liberatur
693 3891 871 3949 asolvendis
882 3891 1002 3961 usuris;
1018 3891 1150 3965 alioquin
1165 3891 1281 3949 nullum
1295 3891 1372 3949 fruo-

205 3985 268 4038 tum
283 3995 319 4038 ex
329 3980 397 4038 dote
410 3979 532 4038 haberet
549 3980 577 4049 (l.
592 3983 708 4052 lllllvl,
723 3979 754 4037 ff.
770 3979 805 4038 da
818 3981 891 4040 aare
902 3979 983 4052 dot).

241 4073 329 4142 llesp.
343 4073 370 4128 t.
385 4071 415 4127 1⁰
428 4069 556 4128 lillectus
569 4067 646 4128 dotto
653 4071 811 4142 promissa
822 4085 859 4128 en
872 4075 954 4142 parte
966 4069 1165 4142 promittentis
1176 4075 1222 4129 est
1229 4069 1372 4146 obligatio

206 4177 270 4222 cam
286 4161 487 4220 constituendi
503 4177 557 4220 seu
573 4161 718 4232 tradendi,
733 4167 807 4220 etex
821 4166 905 4234 parte
919 4161 1105 4234 promissarii
1121 4167 1168 4219 est
1183 4161 1235 4233 jns
1248 4165 1277 4218 et
1296 4159 1373 4218 actio

206 4269 241 4311 ox
262 4252 404 4325 stipulata
424 4251 461 4310 ad
475 4251 568 4321 illam,
589 4251 847 4324 secutisnuptiis,
867 4251 1045 4325 exigendam
1067 4250 1093 4318 tl.
1116 4249 1218 4322 un.‚§
1241 4255 1264 4314 l,
1288 4263 1314 4306 c.
1339 4249 1374 4307 de

207 4343 258 4404 Rei
271 4355 358 4400 ocor.
374 4347 433 4401 oct.
450 4347 482 4398 2⁰
496 4341 624 4400 Ellectus
648 4342 725 4401 dotis
744 4343 914 4402 constitutae
935 4355 989 4398 sou
1017 4341 1137 4400 tradita
1153 4345 1201 4398 est
1220 4341 1251 4398 in
1270 4341 1376 4398 marito

206 4431 371 4492 dominium
387 4429 472 4488 civile
495 4429 643 4489 bonorum
658 4431 812 4501 dotalium,
827 4431 868 4489 ite
882 4435 914 4489 ut
928 4431 1042 4489 fructus
1062 4430 1213 4502 percipere
1233 4435 1272 4500 et,
1301 4445 1374 4488 con·

207 4529 305 4582 stante
319 4521 520 4592 matrimonio,
538 4535 594 4580 suo
609 4522 729 4580 nomine
755 4537 809 4594 pro
824 4521 913 4580 bonis
932 4520 998 4578 istis
1016 4535 1104 4593 agere
1118 4517 1224 4592 possit,
1243 4523 1272 4576 et
1289 4532 1375 4577 econ-

209 4619 254 4670 tra
277 4609 426 4685 obligetur
444 4610 480 4668 ad
502 4624 593 4668 onera
622 4611 801 4668 matrimonii
822 4610 999 4669 sustinenda
1020 4607 1079 4682 (lib.
1107 4611 1164 4678 Vll,
1192 4607 1222 4666 tl.
1249 4607 1285 4666 de
1304 4607 1376 4666 dure

209 4701 290 4773 dot).
320 4703 353 4758 lit
371 4701 491 4774 quidem
521 4701 546 4761 si
566 4702 597 4759 in
626 4701 724 4759 dotem
756 4701 831 4760 data
864 4703 935 4758 sunt
961 4713 1009 4757 res
1035 4697 1159 4756 mobiles
1185 4696 1231 4754 vel
1257 4696 1375 4770 quanti-

210 4795 285 4849 tates
305 4791 473 4850 immobiles
499 4811 514 4844 a
542 4791 696 4852 estimatae
722 4805 774 4866 per
796 4791 916 4850 modurn
940 4787 1173 4858 venditionis»,
1196 4787 1321 4848 maritus
1345 4787 1375 4844 lit
