3482 5560
390 637 450 700 aaa
575 721 582 737 Ι
848 657 901 704 aus
922 657 1102 705 arsenicon.

390 772 451 835 tati
465 772 758 839 conscientiarum
767 774 981 850 consulatum
1007 781 1079 838 tum
1100 775 1179 858 quia
1193 775 1228 838 in
1246 773 1303 840 tali
1322 793 1402 840 casu
1422 775 1478 838 vel
1497 773 1564 836 dis-

390 883 510 962 pensat
528 879 626 962 Pape‚
657 886 692 944 et
712 885 790 946 tune
810 883 895 946 ratio
916 883 1045 948 motiva
1068 883 1109 946 ab
1132 900 1172 946 eo
1198 883 1333 962 cognita
1357 881 1564 946 sufficienter

390 987 524 1051 induxit
540 986 636 1051 illum
657 983 700 1053 ad
720 989 1014 1071 dispensandum„
1033 995 1071 1066 ut
1089 990 1230 1073 proinde
1260 991 1430 1053 defectum
1452 1007 1562 1052 causae

391 1094 548 1178 suppleat
571 1098 646 1177 ejus
668 1095 847 1172 voluntas;
873 1098 928 1162 vel
948 1117 990 1162 ex
1009 1099 1249 1162 commissione
1274 1098 1371 1181 Papae
1392 1097 1565 1180 dispensat

392 1209 586 1280 exsecutor,
609 1209 644 1268 et
663 1210 742 1270 tune
762 1206 851 1290 Papa
869 1212 904 1270 et
924 1207 1071 1271 Ecclesia
1094 1213 1207 1271 ratum
1228 1208 1330 1271 habet
1358 1205 1521 1290 quidquid
1544 1223 1564 1268 a

392 1311 547 1392 delegato
569 1313 659 1376 hona
684 1312 750 1376 ssde
780 1318 814 1377 et
835 1313 1080 1378 rationabiliter
1105 1319 1242 1396 gestum
1271 1319 1303 1378 et
1331 1313 1565 1396 dispensatum

391 1419 509 1494 fuerit;
525 1439 568 1483 ne
584 1419 733 1503 alioquin
750 1427 845 1485 actus
863 1421 1081 1505 praelatorum
1096 1422 1330 1496 discutiantur,
1355 1425 1389 1485 et
1402 1423 1564 1486 continuo

391 1527 524 1591 subsint
551 1528 716 1604 nullitati;
748 1535 849 1614 atque
880 1531 927 1595 ita
949 1531 1095 1596 Ecclesia
1128 1531 1261 1614 supplet
1289 1530 1565 1594 insufficientiam

390 1653 500 1700 causae
526 1636 561 1698 in
573 1637 637 1699 hoc
649 1637 787 1718 negotio
803 1637 920 1716 arduo,
942 1637 977 1700 in
991 1655 1057 1721 quo
1082 1638 1205 1702 durum
1221 1643 1273 1702 est
1293 1637 1446 1719 ,iudicare
1460 1637 1501 1700 de
1517 1635 1564 1700 le·

391 1743 571 1824 gilimitate
584 1761 706 1807 eausae.
725 1744 802 1808 Haec
821 1744 974 1809 doctrina
992 1751 1085 1809 certa
1106 1746 1187 1809 mihi
1208 1745 1342 1808 videtur
1365 1745 1400 1809 in
1423 1762 1463 1808 eo
1486 1762 1566 1808 casu

393 1871 460 1934 quo
472 1851 703 1916 eademeausa
714 1853 916 1934 proponitur
927 1871 1041 1917 coram
1051 1853 1141 1937 Papa
1153 1859 1188 1917 et
1203 1857 1401 1917 exsecutore
1420 1872 1427 1914 ε
1445 1870 1524 1915 nam
1538 1851 1567 1913 si

392 1977 495 2024 causa
508 1959 574 2022 ista
584 1977 724 2028 movere
744 1961 854 2042 potuit
867 1960 990 2044 Papam
1005 1961 1047 2025 ad
1063 1961 1212 2026 dandum
1228 1960 1428 2026 mandatum
1444 1960 1485 2023 de
1502 1958 1567 2022 dis-

393 2068 580 2150 pensando,
597 2068 700 2131 etiam
718 2073 954 2134 exsecutorem
966 2071 1055 2134 bona
1070 2071 1136 2133 ilde
1151 2076 1185 2133 et
1196 2071 1438 2152 circumspecte
1452 2084 1568 2151 proce-

394 2174 532 2240 dentem
548 2195 688 2241 movere
703 2181 816 2260 potest
832 2177 873 2240 ad
886 2178 1076 2242 faciendam
1095 2177 1395 2261 dispensationem.

429 2355 515 2414 Dices
532 2375 539 2413 ε
558 2363 584 2414 l⁰
604 2360 692 2415 Error
710 2373 770 2415 non
786 2357 872 2416 debet
893 2357 1035 2430 prodesse
1060 2357 1192 2427 aetihus3
1223 2371 1312 2414 secus
1331 2355 1463 2414 validum
1488 2359 1568 2414 esset

394 2445 616 2504 matrimonium
637 2447 716 2520 quod
731 2447 809 2506 hona
823 2448 880 2505 tide
896 2447 1158 2505 contrahiturcum
1170 2446 1382 2518 impedimento
1401 2445 1567 2502 dirimente.

394 2541 424 2593 ⁴2⁰
438 2537 494 2604 Qui
509 2537 640 2610 allegant
654 2538 840 2610 superiorem
855 2538 920 2596 sine
932 2537 1065 2612 legitima
1081 2551 1173 2593 eausa
1188 2537 1396 2608 dispensasse,
1406 2535 1570 2592 audiuntur

395 2624 425 2682 ia
441 2625 529 2684 Curia
539 2629 680 2684 lfomana.
692 2627 824 2699 Hespad
838 2633 862 2684 t.
875 2631 963 2685 Error
974 2627 1004 2683 in
1016 2627 1070 2684 hoe
1082 2632 1149 2684 actu
1160 2626 1378 2697 circumspecte
1388 2625 1569 2683 commissus

395 2729 413 2771 a
427 2715 548 2787 prefato
561 2716 717 2788 suppletur
731 2717 768 2774 ah
781 2717 914 2774 Ecclesia
927 2717 965 2774 cb
976 2717 1107 2774 rationes
1121 2715 1225 2784 datas;
1250 2729 1311 2772 non
1325 2729 1396 2772 vero
1416 2729 1499 2772 error
1513 2713 1570 2786 pri-

396 2811 531 2863 vatorum
547 2806 576 2863 in
592 2806 782 2864 matrimonio
793 2805 995 2864 contrahendo
1006 2805 1203 2864 intercedens.
1216 2805 1258 2863 Ad
1275 2811 1301 2864 2.
1315 2805 1486 2862 audiuntur
1505 2803 1568 2876 qui-

397 2894 474 2964 dem,
493 2895 545 2954 sed
566 2895 672 2952 exalia
694 2909 802 2962 causa,
820 2897 892 2966 quia
910 2896 1012 2952 forsan
1032 2895 1157 2952 dubium
1178 2901 1223 2952 est
1242 2910 1280 2952 an
1295 2895 1476 2966 dispensans
1494 2898 1570 2951 recte

398 2984 577 3055 processerit
595 3000 663 3042 cum
679 2985 789 3056 praevia
807 2991 835 3042 et
852 2985 1070 3056 circumspecta
1091 2984 1262 3058 cognitione
1278 2997 1392 3053 causae3
1417 2983 1478 3041 imo
1501 2983 1570 3040 alla·

398 3073 533 3147 gationes
549 3074 613 3134 istae
628 3075 803 3148 plerumque
819 3089 879 3132 non
894 3074 930 3132 de
946 3075 1124 3142 necessitate
1142 3074 1342 3145 sustinentur,
1359 3073 1412 3132 sed
1429 3074 1464 3131 ad
1481 3073 1570 3147 majo

397 3182 459 3226 rem
473 3169 663 3226 securitatem
678 3168 835 3226 hominum
847 3167 1106 3240 scrupuloscrum.

436 3365 536 3450 Resp,
556 3367 585 3429 3.
610 3365 643 3428 si
665 3365 872 3448 dispensatio
897 3369 949 3428 est
968 3366 1087 3447 pretia
1109 3367 1223 3446 secta,
1247 3383 1350 3429 causa
1369 3369 1449 3428 tune
1473 3366 1572 3428 dehet

398 3463 472 3536 esse
497 3492 587 3548 vera,
616 3472 751 3556 quando
776 3473 866 3554 Papa
883 3471 999 3536 Romae
1020 3472 1202 3554 dispensat,
1229 3473 1278 3535 uti
1300 3473 1403 3536 fiebat
1422 3472 1463 3536 de
1486 3472 1571 3556 stylo

397 3583 503 3646 veteri
517 3587 554 3661 (e.
565 3583 615 3658 ld,
625 3581 808 3662 dedecent,
823 3599 901 3644 nam
919 3581 1126 3663 dispensatio
1141 3581 1206 3644 ista
1220 3581 1375 3644 innititur
1388 3581 1571 3648 conditioni

397 3709 528 3754 eausae:
556 3715 570 3748 a
587 3689 763 3771 Dispens0‚
791 3689 819 3752 si
839 3707 942 3753 eausa
968 3688 1113 3770 allegata
1134 3695 1187 3751 est
1209 3679 1300 3763 ¹vera,
1315 3713 1330 3756 e
1355 3707 1447 3770 ergo.
1476 3691 1516 3752 st
1531 3689 1572 3752 de

397 3799 562 3863 hodierno
578 3798 665 3880 stylo
677 3817 747 3862 non
760 3797 872 3862 solent
886 3799 1157 3881 dispensationes
1173 3797 1312 3862 concedi
1327 3797 1361 3860 in
1374 3798 1485 3862 forma
1494 3817 1571 3882 pre-

399 3909 579 3988 tiaseetre,
599 3906 658 3970 sed
674 3907 708 3970 in
729 3907 840 3970 forma
866 3907 987 3990 pratia
1003 3906 1184 3986 faciendae,
1205 3907 1270 3969 lioc
1293 3911 1354 3980 est,
1376 3905 1465 3988 l’apa
1486 3923 1575 3970 com-

398 4017 502 4078 mittit
518 4033 578 4079 seu
602 4016 659 4080 dat
680 4014 881 4079 mandatum
896 4002 1099 4088 exsecutori,
1122 4019 1162 4076 ut
1184 4015 1224 4089 is,
1247 4013 1274 4076 si
1295 4031 1433 4077 eausam
1450 4013 1574 4094 allega-

400 4129 468 4188 tam
494 4124 694 4206 eognoverit
728 4141 803 4187 esse
824 4141 958 4198 veram,
988 4121 1278 4206 dispensationem
1312 4121 1452 4185 nomine
1477 4121 1573 4202 Papae

399 4233 622 4314 impertiatur.
1579 4283 1581 4286 .

439 4341 538 4422 Resp.
556 4339 586 4401 l.
612 4338 653 4401 Ut
673 4337 880 4420 dispensatio
902 4337 937 4400 in
960 4338 1070 4402 forma
1088 4340 1209 4420 pratia
1230 4337 1398 4420 faciendae
1419 4335 1577 4420 expedita

401 4449 444 4512 sit
470 4445 592 4520 valida,
614 4446 798 4529 requiritur
820 4449 854 4508 et
879 4445 1003 4519 suffieit
1027 4445 1146 4509 adesse
1172 4464 1289 4510 veram
1317 4464 1456 4510 causam
1483 4450 1574 4518 tune,

401 4555 537 4640 quando
560 4559 774 4618 exsecutore
791 4553 879 4634 Papa
899 4551 1076 4633 delegatus
1098 4559 1172 4617 actu
1190 4553 1365 4636 dispensat
1381 4574 1389 4615 :
1405 4555 1454 4616 ita
1475 4551 1576 4616 hodie

401 4681 538 4738 comm,
555 4681 635 4726 nam
653 4663 779 4726 veritas
797 4679 906 4725 causae
929 4665 1009 4723 tunc
1024 4660 1144 4725 adesse
1164 4660 1370 4736 debetcum
1385 4662 1422 4723 fft
1437 4657 1578 4724 actualis

403 4773 611 4856 dispensatio
639 4790 699 4836 seu
715 4771 839 4836 ablatio
860 4769 1110 4854 impedimenti;
1132 4771 1191 4836 sed
1214 4771 1279 4836 ista
1300 4771 1339 4834 flt
1360 4789 1401 4836 eo
1424 4777 1576 4851 tempore
