3482 5560
548 608 633 654 mern
656 609 790 662 cusanus
810 607 1030 654 nacmrsuuu.
1314 593 1374 657 213

198 724 292 790 tate‘:
315 739 353 791 ae
376 723 517 808 proinde
533 742 603 790 non
619 723 871 806 subdelegabile
885 725 926 808 (c.
944 724 1016 801 tin,
1036 727 1052 804 ᾗ
1071 723 1238 791 Catonem
1258 727 1301 792 de
1315 727 1371 812 off.

198 834 270 898 dele
298 884 329 896 ..

237 836 338 1026 Reqsp.
354 943 383 1005 l.
398 943 573 1009 absolutio
595 925 615 1008 a
636 940 788 1009 censuris
808 943 999 1008 oratoribus
1014 942 1124 1007 danda
1142 943 1181 1006 sst
1204 943 1247 1008 ad
1270 943 1371 1009 effac·

198 1059 271 1118 tum
293 1053 486 1119 obtinendae
502 1054 775 1138 dispensationis,
798 1057 917 1138 estque
938 1053 988 1117 cd
1003 1053 1272 1129 rezbcidenticm,
1296 1056 1376 1138 quia

198 1169 360 1238 oratores,
378 1162 407 1226 si
425 1181 492 1246 qua
504 1181 649 1227 censura
662 1163 816 1228 innodati
832 1166 923 1237 suut,
947 1161 1087 1224 obtenta
1111 1161 1153 1224 ab
1175 1167 1375 1228 exsecutore

199 1271 462 1354 dispensatione,
478 1269 670 1335 reincidunt
683 1271 718 1334 in
733 1270 900 1335 eamdem.
915 1269 1037 1352 Excipe
1053 1269 1377 1334 excommunicatio-

198 1397 278 1444 nem
297 1379 402 1448 latam
425 1397 486 1463 per
500 1381 673 1443 constitut.
691 1378 843 1460 Gregorii
857 1377 926 1440 xlv
945 1377 1045 1460 incip.
1065 1375 1160 1442 Sicut
1175 1378 1376 1460 cntz'puz'tus,

198 1487 259 1578 cal.
281 1487 361 1550 maii
380 1487 470 1563 1590,
491 1490 609 1582 contra
627 1487 841 1552 incestuosos
859 1487 895 1550 in
918 1485 1029 1568 primo
1053 1491 1088 1550 et
1102 1484 1252 1550 secundo
1268 1469 1377 1566 gram

164 1577 168 1584 ¹
198 1595 502 1676 consanguinitatis
533 1599 568 1658 et
593 1596 766 1661 affinitatis
796 1617 804 1658 ε
833 1595 875 1661 ab
896 1595 959 1659 bac
983 1593 1075 1658 enim
1092 1593 1239 1680 ¹aliisque
1265 1591 1377 1678 poenis

199 1709 351 1769 oratores
367 1703 563 1787 simpliciter
576 1702 706 1768 absolvi
722 1704 858 1768 debent.

238 1812 337 1896 Resp.
354 1813 384 1874 5.
400 1811 434 1875 Si
446 1830 564 1894 preces
577 1812 720 1876 veritate
733 1811 888 1875 nituntur
904 1816 939 1874 et
952 1810 1044 1875 aliud
1058 1829 1128 1875 non
1142 1812 1266 1887 obstat,
1282 1829 1379 1877 exse·

120 1907 121 1910 ¹
198 1926 296 1986 cutcr
309 1920 513 1984 sententiam
528 1919 791 2002 dispensationis
806 1919 842 1983 iu
862 1920 994 2002 scriptis
1014 1923 1214 2002 conceptam
1235 1896 1298 1984 suo
1317 1937 1379 1984 no-

198 2031 290 2094 mine
306 2029 505 2104 subscribet,
521 2034 555 2092 et
564 2031 664 2110 juxta
677 2030 823 2093 formam
838 2029 992 2112 rescripti
1008 2028 1221 2112 dispensans,
1235 2029 1378 2093 authen-

135 2145 139 2152 '
199 2141 303 2206 ticum
315 2138 492 2204 sententia
500 2141 752 2220 transumptum
765 2137 1046 2220 tradetpartibus,
1060 2141 1108 2213 ut,
1123 2135 1379 2209 servataferma

199 2249 401 2325 Tridentini,
429 2247 687 2312 matrimonium
714 2247 926 2310 contrahant.
958 2245 991 2310 Si
1017 2251 1132 2310 umen
1155 2248 1249 2328 justa
1277 2261 1380 2308 causa

199 2358 306 2434 adest,
322 2357 447 2439 poterit
465 2355 655 2420 ordinarius
675 2354 871 2438 dispensare
892 2355 928 2416 iu
949 2353 1274 2427 denuntiationibus
1299 2353 1380 2435 quia

198 2471 349 2550 potestas
359 2467 424 2529 ista
434 2465 466 2528 ei
476 2482 546 2528 non
561 2463 690 2527 tollitur
703 2481 765 2546 per
777 2462 979 2546 rescriptum
993 2461 1280 2544 dispensatorium
1294 2476 1380 2541 prae-

199 2575 327 2658 cipiens
351 2573 608 2639 matrimonium
630 2571 801 2645 contrahi,
829 2573 965 2635 servata
989 2571 1099 2633 forma
1118 2567 1264 2632 trident.
1288 2566 1332 2628 At
1350 2567 1379 2628 si

201 2685 390 2758 exsecutor,
406 2699 508 2745 causa
522 2681 670 2760 cognita,
687 2665 1012 2762 repereritarateres
1026 2677 1181 2741 laborare
1196 2675 1379 2756 alicimpe-

201 2790 352 2854 dimentc
366 2807 435 2854 non
451 2807 624 2872 expresso,
641 2805 740 2852 novae
759 2805 877 2871 preces
896 2786 971 2850 fleri
987 2784 1160 2850 debebunt
1177 2783 1220 2848 ad
1238 2781 1377 2865 Papam,

201 2899 287 2961 utin
304 2917 344 2962 eo
360 2898 545 2981 dispenset.

239 3006 338 3088 Resp.
355 3005 384 3070 6.
400 3004 433 3070 Si
449 3004 592 3090 qualitas
616 3021 772 3087 personae
794 3007 969 3068 oratorum
988 3002 1127 3085 ponitur
1141 3001 1178 3065 in
1197 2999 1372 3083 rescripto,

200 3133 269 3179 non
284 3116 423 3198 praecise
440 3114 621 3191 narrative,
639 3118 677 3176 ut
688 3113 763 3178 fleri
780 3111 867 3177 solet
881 3112 917 3177 in
938 3129 1079 3195 corpore
1096 3109 1261 3193 rescripti,
1278 3127 1311 3172 v.
1328 3126 1376 3188 g„

201 3247 216 3280 «
234 3227 272 3286 ut
285 3201 532 3298 asserunt'vel
555 3225 747 3287 asserentes
769 3237 845 3284 esse
860 3218 993 3284 nobiles
1008 3243 1023 3276 »
1042 3223 1118 3292 etc,
1135 3217 1289 3301 ¹qualitas
1312 3215 1379 3280 ista

200 3329 557 3415 probandaestco'ram
573 3334 784 3395 exsecutore.
801 3329 859 3392 Ille
870 3333 986 3394 autem
1002 3326 1147 3391 dicitur«
1159 3323 1282 3388 nobilis
1299 3325 1378 3387 sim-

199 3439 368 3522 pliciter»,
386 3439 443 3523 qui
458 3440 607 3504 abstinet
616 3441 657 3503 ab
665 3439 719 3502 his
734 3457 809 3522 quae
821 3436 1002 3521 populares
1015 3437 1175 3509 bactant3
1192 3435 1317 3497 «natus
1331 3431 1376 3496 de

200 3547 305 3611 nobili
327 3565 453 3629 genere
479 3570 508 3625 a,
535 3550 633 3629 cujus
661 3547 811 3628 majores
836 3549 896 3610 aut
917 3543 1039 3608 saltem
1061 3545 1221 3625 parentes
1244 3538 1376 3604 nobiles

200 3655 355 3731 luerunt3
370 3679 385 3714 a
401 3653 595 3738 principalis
608 3652 735 3736 populi,
753 3671 814 3717 seu
828 3651 893 3716 loci
903 3677 931 3726 »,
947 3650 1054 3734 quiin
1069 3647 1206 3732 populo,
1220 3645 1375 3734 seuloco,

200 3765 411 3841 auctoritate,
420 3764 573 3846 potentia
581 3767 615 3827 et
627 3763 747 3846 opibus
759 3738 909 3836 excellit;
922 3759 1150 3834 «honestus»,
1162 3757 1219 3841 qui
1232 3757 1376 3820 honeste

201 3875 235 3935 et
249 3871 408 3937 decenter
426 3871 511 3935 vivit
535 3877 569 3935 et
590 3873 687 3954 cujus
710 3869 839 3935 familia
863 3866 958 3932 nulla
981 3865 1199 3948 turpitudinis
1226 3869 1308 3930 ncta
1327 3862 1377 3928 la-

201 3977 308 4042 horat.

240 4085 341 4169 Resp.
361 4088 379 4149 7
384 4137 391 4149 .
405 4087 614 4168 Legitimitas
631 4085 779 4169 prolium
794 4089 871 4168 post
884 4082 1176 4166 dispensationem
1191 4078 1377 4162 suscipien-

201 4193 320 4258 darum
335 4212 396 4277 per
410 4213 446 4258 se
462 4200 634 4278 sequetur,
652 4194 716 4257 etsi
740 4193 781 4257 de
795 4191 853 4256 illa
870 4191 964 4256 nulla
985 4190 1129 4254 addatur
1151 4186 1314 4252 clausula.
1335 4186 1379 4250 At

202 4301 229 4364 si
242 4302 354 4385 proles
368 4306 468 4366 antea
483 4307 571 4367 natae
591 4307 672 4367 sunt
690 4319 733 4364 ex
753 4299 969 4364 matrimonio
987 4296 1077 4362 mala
1098 4296 1165 4361 ssde
1188 4298 1374 4371 contracto,

201 4409 401 4490 regulariter
425 4428 495 4474 non
521 4409 757 4491 legitimautur
782 4427 844 4492 per
868 4409 1082 4490 subsequens
1104 4404 1374 4478 matrimonium,

201 4517 266 4580 ni'si
289 4516 379 4599 Papa
397 4535 557 4600 expresse
574 4517 715 4598 deroget
729 4516 941 4600 dispositioni
956 4533 984 4580 c.
1001 4515 1031 4589 6,
1051 4513 1118 4594 Qui
1134 4512 1201 4594 filii
1220 4511 1374 4595 lepitim„

201 4623 348 4689 volendo
367 4630 405 4688 ut
425 4625 530 4708 spurii
553 4643 615 4707 per
638 4624 704 4688 tale
724 4625 977 4689 matrimonium
1000 4621 1244 4702 legitimentur.
1271 4619 1376 4684 Secus

199 4730 399 4811 legitimatic
421 4737 580 4796 censetur
592 4733 680 4796 facta
694 4731 729 4796 in
750 4733 861 4797 forma
877 4729 1031 4812 rescripti
1050 4727 1177 4812 papalis
1193 4733 1228 4792 et
1249 4743 1319 4792 uon
1341 4726 1376 4791 vi
