<?xml version="1.0" encoding="UTF-8"?>
<!DOCTYPE html PUBLIC "-//W3C//DTD XHTML 1.0 Transitional//EN"
    "http://www.w3.org/TR/xhtml1/DTD/xhtml1-transitional.dtd">
<html xmlns="http://www.w3.org/1999/xhtml" xml:lang="en" lang="en">
 <head>
  <title>
</title>
<meta http-equiv="Content-Type" content="text/html;charset=utf-8" />
  <meta name='ocr-system' content='tesseract 3.04.00' />
  <meta name='ocr-capabilities' content='ocr_page ocr_carea ocr_par ocr_line ocrx_word'/>
</head>
<body>
  <div class='ocr_page' id='page_1' title='image "./juscanonicumjux01grangoog/juscanonicumjux01grangoog_0329.png"; bbox 0 0 3418 5566; ppageno 0'>
   <div class='ocr_carea' id='block_1_1' title="bbox 545 506 1367 578">
    <p class='ocr_par' dir='ltr' id='par_1_1' title="bbox 545 506 1367 578">
     <span class='ocr_line' id='line_1_1' title="bbox 545 506 1367 578; baseline 0.002 -8"><span class='ocrx_word' id='word_1_1' title='bbox 545 523 631 570; x_wconf 80' lang='lat' dir='ltr'><strong>cram</strong></span> <span class='ocrx_word' id='word_1_2' title='bbox 653 523 778 578; x_wconf 80' lang='lat' dir='ltr'><strong>ournrus</strong></span> <span class='ocrx_word' id='word_1_3' title='bbox 796 520 1014 568; x_wconf 80' lang='lat' dir='ltr'><strong>oaoaarauou.</strong></span> <span class='ocrx_word' id='word_1_4' title='bbox 1307 506 1367 574; x_wconf 70' lang='lat'><strong>319</strong></span> 
     </span>
    </p>
   </div>
   <div class='ocr_carea' id='block_1_2' title="bbox 110 637 1436 4301">
    <p class='ocr_par' dir='ltr' id='par_1_2' title="bbox 195 637 1368 1247">
     <span class='ocr_line' id='line_1_2' title="bbox 196 637 1366 732; baseline 0.001 -27"><span class='ocrx_word' id='word_1_5' title='bbox 196 640 284 708; x_wconf 89' lang='lat' dir='ltr'><strong>lecta</strong></span> <span class='ocrx_word' id='word_1_6' title='bbox 299 641 342 704; x_wconf 86' lang='lat' dir='ltr'><strong>sit</strong></span> <span class='ocrx_word' id='word_1_7' title='bbox 353 640 388 703; x_wconf 91' lang='lat' dir='ltr'><strong>in</strong></span> <span class='ocrx_word' id='word_1_8' title='bbox 401 639 541 732; x_wconf 85' lang='lat' dir='ltr'><strong>notabili</strong></span> <span class='ocrx_word' id='word_1_9' title='bbox 556 640 753 724; x_wconf 89' lang='lat' dir='ltr'><strong>quantitate.</strong></span> <span class='ocrx_word' id='word_1_10' title='bbox 765 639 814 703; x_wconf 81' lang='lat' dir='ltr'><strong>hb</strong></span> <span class='ocrx_word' id='word_1_11' title='bbox 826 637 884 704; x_wconf 92' lang='lat' dir='ltr'><strong>illa</strong></span> <span class='ocrx_word' id='word_1_12' title='bbox 903 637 995 703; x_wconf 90' lang='lat' dir='ltr'><strong>enim</strong></span> <span class='ocrx_word' id='word_1_13' title='bbox 1016 640 1366 706; x_wconf 74' lang='lat' dir='ltr'><strong>excommunicatione</strong></span> 
     </span>
     <span class='ocr_line' id='line_1_3' title="bbox 198 747 1366 832; baseline -0.001 -16"><span class='ocrx_word' id='word_1_14' title='bbox 198 754 376 816; x_wconf 79' lang='lat' dir='ltr'><strong>excusaret</strong></span> <span class='ocrx_word' id='word_1_15' title='bbox 398 750 545 832; x_wconf 86' lang='lat' dir='ltr'><strong>parvitas</strong></span> <span class='ocrx_word' id='word_1_16' title='bbox 563 751 725 814; x_wconf 74' lang='lat' dir='ltr'><strong>materia.</strong></span> <span class='ocrx_word' id='word_1_17' title='bbox 741 747 806 813; x_wconf 86' lang='lat' dir='ltr'><strong>Sed</strong></span> <span class='ocrx_word' id='word_1_18' title='bbox 820 767 891 814; x_wconf 89' lang='lat' dir='ltr'><strong>non</strong></span> <span class='ocrx_word' id='word_1_19' title='bbox 904 748 1123 814; x_wconf 90' lang='lat' dir='ltr'><strong>consentiunt</strong></span> <span class='ocrx_word' id='word_1_20' title='bbox 1137 747 1193 812; x_wconf 83' lang='lat' dir='ltr'><strong>CC.</strong></span> <span class='ocrx_word' id='word_1_21' title='bbox 1209 750 1245 813; x_wconf 90' lang='lat' dir='ltr'><strong>in</strong></span> <span class='ocrx_word' id='word_1_22' title='bbox 1258 749 1366 815; x_wconf 89' lang='lat' dir='ltr'><strong>deter-</strong></span> 
     </span>
     <span class='ocr_line' id='line_1_4' title="bbox 195 854 1366 954; baseline -0.002 -30"><span class='ocrx_word' id='word_1_23' title='bbox 195 859 357 924; x_wconf 89' lang='lat' dir='ltr'><strong>minanda</strong></span> <span class='ocrx_word' id='word_1_24' title='bbox 370 857 535 941; x_wconf 87' lang='lat' dir='ltr'><strong>parvitate</strong></span> <span class='ocrx_word' id='word_1_25' title='bbox 548 857 698 922; x_wconf 80' lang='lat' dir='ltr'><strong>materiae</strong></span> <span class='ocrx_word' id='word_1_26' title='bbox 713 856 748 923; x_wconf 92' lang='lat' dir='ltr'><strong>iu</strong></span> <span class='ocrx_word' id='word_1_27' title='bbox 763 854 922 954; x_wconf 77' lang='lat' dir='ltr'><strong>legendo,</strong></span> <span class='ocrx_word' id='word_1_28' title='bbox 945 854 1001 920; x_wconf 81' lang='lat' dir='ltr'><strong>vel</strong></span> <span class='ocrx_word' id='word_1_29' title='bbox 1018 855 1184 919; x_wconf 89' lang='lat' dir='ltr'><strong>brevitate</strong></span> <span class='ocrx_word' id='word_1_30' title='bbox 1204 859 1366 940; x_wconf 86' lang='lat' dir='ltr'><strong>temporis</strong></span> 
     </span>
     <span class='ocr_line' id='line_1_5' title="bbox 195 961 1368 1046; baseline -0.002 -16"><span class='ocrx_word' id='word_1_31' title='bbox 195 967 231 1030; x_wconf 91' lang='lat' dir='ltr'><strong>in</strong></span> <span class='ocrx_word' id='word_1_32' title='bbox 246 966 425 1031; x_wconf 90' lang='lat' dir='ltr'><strong>retinendo</strong></span> <span class='ocrx_word' id='word_1_33' title='bbox 441 985 449 1028; x_wconf 90' lang='lat'>:</span> <span class='ocrx_word' id='word_1_34' title='bbox 466 965 570 1046; x_wconf 88' lang='lat' dir='ltr'><strong>igitur</strong></span> <span class='ocrx_word' id='word_1_35' title='bbox 581 965 618 1028; x_wconf 92' lang='lat' dir='ltr'><strong>in</strong></span> <span class='ocrx_word' id='word_1_36' title='bbox 631 983 672 1029; x_wconf 91' lang='lat' dir='ltr'><strong>ea</strong></span> <span class='ocrx_word' id='word_1_37' title='bbox 686 962 901 1046; x_wconf 89' lang='lat' dir='ltr'><strong>dijudicanda</strong></span> <span class='ocrx_word' id='word_1_38' title='bbox 918 979 987 1046; x_wconf 78' lang='lat' dir='ltr'><strong>prae</strong></span> <span class='ocrx_word' id='word_1_39' title='bbox 1009 961 1115 1027; x_wconf 88' lang='lat' dir='ltr'><strong>oculis</strong></span> <span class='ocrx_word' id='word_1_40' title='bbox 1133 963 1250 1028; x_wconf 89' lang='lat' dir='ltr'><strong>haberi</strong></span> <span class='ocrx_word' id='word_1_41' title='bbox 1267 964 1368 1030; x_wconf 91' lang='lat' dir='ltr'><strong>debet</strong></span> 
     </span>
     <span class='ocr_line' id='line_1_6' title="bbox 196 1071 1365 1156; baseline -0.003 -16"><span class='ocrx_word' id='word_1_42' title='bbox 196 1074 384 1156; x_wconf 84' lang='lat' dir='ltr'><strong>periculum</strong></span> <span class='ocrx_word' id='word_1_43' title='bbox 396 1075 449 1138; x_wconf 91' lang='lat' dir='ltr'><strong>oui</strong></span> <span class='ocrx_word' id='word_1_44' title='bbox 462 1071 581 1154; x_wconf 82' lang='lat' dir='ltr'><strong>legens</strong></span> <span class='ocrx_word' id='word_1_45' title='bbox 592 1091 629 1136; x_wconf 89' lang='lat' dir='ltr'><strong>se</strong></span> <span class='ocrx_word' id='word_1_46' title='bbox 644 1072 798 1154; x_wconf 89' lang='lat' dir='ltr'><strong>exponit;</strong></span> <span class='ocrx_word' id='word_1_47' title='bbox 810 1089 892 1136; x_wconf 90' lang='lat' dir='ltr'><strong>nam</strong></span> <span class='ocrx_word' id='word_1_48' title='bbox 902 1071 931 1133; x_wconf 86' lang='lat' dir='ltr'><strong>si</strong></span> <span class='ocrx_word' id='word_1_49' title='bbox 942 1071 1130 1154; x_wconf 90' lang='lat' dir='ltr'><strong>periculum</strong></span> <span class='ocrx_word' id='word_1_50' title='bbox 1141 1076 1194 1136; x_wconf 90' lang='lat' dir='ltr'><strong>est</strong></span> <span class='ocrx_word' id='word_1_51' title='bbox 1205 1072 1365 1150; x_wconf 91' lang='lat' dir='ltr'><strong>notabile,</strong></span> 
     </span>
     <span class='ocr_line' id='line_1_7' title="bbox 196 1178 913 1247; baseline -0.004 -3"><span class='ocrx_word' id='word_1_52' title='bbox 196 1181 500 1247; x_wconf 78' lang='lat' dir='ltr'><strong>excommunicatio</strong></span> <span class='ocrx_word' id='word_1_53' title='bbox 516 1181 589 1244; x_wconf 88' lang='lat' dir='ltr'><strong>sine</strong></span> <span class='ocrx_word' id='word_1_54' title='bbox 604 1178 706 1244; x_wconf 91' lang='lat' dir='ltr'><strong>dubio</strong></span> <span class='ocrx_word' id='word_1_55' title='bbox 720 1179 913 1245; x_wconf 77' lang='lat' dir='ltr'><strong>incurritur.</strong></span> 
     </span>
    </p>

    <p class='ocr_par' dir='ltr' id='par_1_3' title="bbox 110 1286 1367 2132">
     <span class='ocr_line' id='line_1_8' title="bbox 235 1286 1365 1372; baseline -0.002 -18"><span class='ocrx_word' id='word_1_56' title='bbox 235 1290 268 1354; x_wconf 68' lang='lat'><strong>9⁰</strong></span> <span class='ocrx_word' id='word_1_57' title='bbox 291 1289 414 1356; x_wconf 82' lang='lat' dir='ltr'><strong>Contra</strong></span> <span class='ocrx_word' id='word_1_58' title='bbox 436 1291 632 1368; x_wconf 84' lang='lat' dir='ltr'><strong>retinentes,</strong></span> <span class='ocrx_word' id='word_1_59' title='bbox 656 1287 778 1354; x_wconf 85' lang='lat' dir='ltr'><strong>saltem</strong></span> <span class='ocrx_word' id='word_1_60' title='bbox 801 1286 942 1353; x_wconf 89' lang='lat' dir='ltr'><strong>notabili</strong></span> <span class='ocrx_word' id='word_1_61' title='bbox 965 1292 1133 1372; x_wconf 90' lang='lat' dir='ltr'><strong>tempore,</strong></span> <span class='ocrx_word' id='word_1_62' title='bbox 1162 1288 1238 1354; x_wconf 88' lang='lat' dir='ltr'><strong>illos</strong></span> <span class='ocrx_word' id='word_1_63' title='bbox 1260 1287 1365 1354; x_wconf 90' lang='lat' dir='ltr'><strong>libros</strong></span> 
     </span>
     <span class='ocr_line' id='line_1_9' title="bbox 197 1396 1367 1482; baseline -0.002 -19"><span class='ocrx_word' id='word_1_64' title='bbox 197 1399 268 1464; x_wconf 86' lang='lat' dir='ltr'><strong>sive</strong></span> <span class='ocrx_word' id='word_1_65' title='bbox 284 1404 446 1482; x_wconf 90' lang='lat' dir='ltr'><strong>tauquam</strong></span> <span class='ocrx_word' id='word_1_66' title='bbox 461 1417 552 1475; x_wconf 84' lang='lat' dir='ltr'><strong>suos,</strong></span> <span class='ocrx_word' id='word_1_67' title='bbox 570 1397 641 1464; x_wconf 90' lang='lat' dir='ltr'><strong>sive</strong></span> <span class='ocrx_word' id='word_1_68' title='bbox 657 1403 820 1481; x_wconf 88' lang='lat' dir='ltr'><strong>tanquam</strong></span> <span class='ocrx_word' id='word_1_69' title='bbox 834 1396 963 1462; x_wconf 89' lang='lat' dir='ltr'><strong>alienos</strong></span> <span class='ocrx_word' id='word_1_70' title='bbox 981 1417 988 1460; x_wconf 91' lang='lat'><strong>:</strong></span> <span class='ocrx_word' id='word_1_71' title='bbox 1011 1403 1145 1482; x_wconf 89' lang='lat' dir='ltr'><strong>tempus</strong></span> <span class='ocrx_word' id='word_1_72' title='bbox 1164 1398 1367 1482; x_wconf 90' lang='lat' dir='ltr'><strong>requisitum</strong></span> 
     </span>
     <span class='ocr_line' id='line_1_10' title="bbox 197 1504 1367 1591; baseline 0.001 -19"><span class='ocrx_word' id='word_1_73' title='bbox 197 1525 266 1574; x_wconf 90' lang='lat' dir='ltr'><strong>non</strong></span> <span class='ocrx_word' id='word_1_74' title='bbox 284 1513 397 1591; x_wconf 89' lang='lat' dir='ltr'><strong>potest</strong></span> <span class='ocrx_word' id='word_1_75' title='bbox 416 1507 655 1574; x_wconf 86' lang='lat' dir='ltr'><strong>mathematice</strong></span> <span class='ocrx_word' id='word_1_76' title='bbox 680 1505 823 1583; x_wconf 86' lang='lat' dir='ltr'><strong>definiri,</strong></span> <span class='ocrx_word' id='word_1_77' title='bbox 849 1505 910 1570; x_wconf 90' lang='lat' dir='ltr'><strong>sed</strong></span> <span class='ocrx_word' id='word_1_78' title='bbox 931 1504 1031 1571; x_wconf 90' lang='lat' dir='ltr'><strong>debet</strong></span> <span class='ocrx_word' id='word_1_79' title='bbox 1050 1506 1239 1588; x_wconf 82' lang='lat' dir='ltr'><strong>praesertim</strong></span> <span class='ocrx_word' id='word_1_80' title='bbox 1257 1510 1367 1573; x_wconf 87' lang='lat' dir='ltr'><strong>consi-</strong></span> 
     </span>
     <span class='ocr_line' id='line_1_11' title="bbox 197 1615 1367 1700; baseline 0 -20"><span class='ocrx_word' id='word_1_81' title='bbox 197 1615 306 1680; x_wconf 90' lang='lat' dir='ltr'><strong>derari</strong></span> <span class='ocrx_word' id='word_1_82' title='bbox 330 1633 399 1700; x_wconf 82' lang='lat' dir='ltr'><strong>prae</strong></span> <span class='ocrx_word' id='word_1_83' title='bbox 421 1615 609 1680; x_wconf 89' lang='lat' dir='ltr'><strong>intentione</strong></span> <span class='ocrx_word' id='word_1_84' title='bbox 632 1620 797 1700; x_wconf 89' lang='lat' dir='ltr'><strong>perpetuo</strong></span> <span class='ocrx_word' id='word_1_85' title='bbox 818 1615 1002 1690; x_wconf 90' lang='lat' dir='ltr'><strong>retinendi,</strong></span> <span class='ocrx_word' id='word_1_86' title='bbox 1028 1617 1084 1682; x_wconf 83' lang='lat' dir='ltr'><strong>vel</strong></span> <span class='ocrx_word' id='word_1_87' title='bbox 1108 1616 1300 1699; x_wconf 85' lang='lat' dir='ltr'><strong>usquedum</strong></span> <span class='ocrx_word' id='word_1_88' title='bbox 1323 1616 1367 1681; x_wconf 89' lang='lat' dir='ltr'><strong>sit</strong></span> 
     </span>
     <span class='ocr_line' id='line_1_12' title="bbox 197 1723 1367 1808; baseline -0.001 -19"><span class='ocrx_word' id='word_1_89' title='bbox 197 1725 327 1790; x_wconf 88' lang='lat' dir='ltr'><strong>occasio</strong></span> <span class='ocrx_word' id='word_1_90' title='bbox 344 1725 496 1790; x_wconf 88' lang='lat' dir='ltr'><strong>tradendi</strong></span> <span class='ocrx_word' id='word_1_91' title='bbox 510 1729 570 1790; x_wconf 90' lang='lat' dir='ltr'><strong>aut</strong></span> <span class='ocrx_word' id='word_1_92' title='bbox 582 1724 754 1790; x_wconf 90' lang='lat' dir='ltr'><strong>licentiam</strong></span> <span class='ocrx_word' id='word_1_93' title='bbox 774 1725 960 1789; x_wconf 89' lang='lat' dir='ltr'><strong>obtinendi.</strong></span> <span class='ocrx_word' id='word_1_94' title='bbox 982 1723 1091 1800; x_wconf 86' lang='lat' dir='ltr'><strong>Quare</strong></span> <span class='ocrx_word' id='word_1_95' title='bbox 1112 1725 1168 1790; x_wconf 93' lang='lat' dir='ltr'><strong>ille</strong></span> <span class='ocrx_word' id='word_1_96' title='bbox 1190 1725 1247 1808; x_wconf 84' lang='lat' dir='ltr'><strong>qui</strong></span> <span class='ocrx_word' id='word_1_97' title='bbox 1270 1724 1367 1790; x_wconf 89' lang='lat' dir='ltr'><strong>alteri</strong></span> 
     </span>
     <span class='ocr_line' id='line_1_13' title="bbox 110 1831 1366 1917; baseline 0.002 -22"><span class='ocrx_word' id='word_1_98' title='bbox 110 1857 114 1873; x_wconf 84' lang='lat'>·</span> <span class='ocrx_word' id='word_1_99' title='bbox 196 1831 366 1898; x_wconf 89' lang='lat' dir='ltr'><strong>licentiam</strong></span> <span class='ocrx_word' id='word_1_100' title='bbox 374 1834 542 1898; x_wconf 89' lang='lat' dir='ltr'><strong>retinendi</strong></span> <span class='ocrx_word' id='word_1_101' title='bbox 550 1833 687 1898; x_wconf 89' lang='lat' dir='ltr'><strong>habenti</strong></span> <span class='ocrx_word' id='word_1_102' title='bbox 698 1831 980 1898; x_wconf 87' lang='lat' dir='ltr'><strong>traderetlibrum</strong></span> <span class='ocrx_word' id='word_1_103' title='bbox 991 1851 1070 1897; x_wconf 89' lang='lat' dir='ltr'><strong>cum</strong></span> <span class='ocrx_word' id='word_1_104' title='bbox 1080 1837 1180 1916; x_wconf 90' lang='lat' dir='ltr'><strong>pacto</strong></span> <span class='ocrx_word' id='word_1_105' title='bbox 1191 1852 1261 1899; x_wconf 90' lang='lat' dir='ltr'><strong>non</strong></span> <span class='ocrx_word' id='word_1_106' title='bbox 1270 1851 1366 1917; x_wconf 91' lang='lat' dir='ltr'><strong>repe-</strong></span> 
     </span>
     <span class='ocr_line' id='line_1_14' title="bbox 196 1940 1366 2024; baseline 0 -19"><span class='ocrx_word' id='word_1_107' title='bbox 196 1941 289 2006; x_wconf 89' lang='lat' dir='ltr'><strong>tendi</strong></span> <span class='ocrx_word' id='word_1_108' title='bbox 306 1940 412 2018; x_wconf 91' lang='lat' dir='ltr'><strong>illum,</strong></span> <span class='ocrx_word' id='word_1_109' title='bbox 435 1941 500 2005; x_wconf 90' lang='lat' dir='ltr'><strong>nisi</strong></span> <span class='ocrx_word' id='word_1_110' title='bbox 523 1945 602 2024; x_wconf 89' lang='lat' dir='ltr'><strong>post</strong></span> <span class='ocrx_word' id='word_1_111' title='bbox 621 1942 797 2006; x_wconf 89' lang='lat' dir='ltr'><strong>obtentam</strong></span> <span class='ocrx_word' id='word_1_112' title='bbox 815 1940 997 2018; x_wconf 88' lang='lat' dir='ltr'><strong>licentiam,</strong></span> <span class='ocrx_word' id='word_1_113' title='bbox 1021 1959 1091 2006; x_wconf 89' lang='lat' dir='ltr'><strong>non</strong></span> <span class='ocrx_word' id='word_1_114' title='bbox 1109 1941 1297 2006; x_wconf 85' lang='lat' dir='ltr'><strong>incurreret</strong></span> <span class='ocrx_word' id='word_1_115' title='bbox 1311 1961 1366 2006; x_wconf 89' lang='lat' dir='ltr'><strong>ex-</strong></span> 
     </span>
     <span class='ocr_line' id='line_1_15' title="bbox 195 2049 911 2132; baseline -0.001 -19"><span class='ocrx_word' id='word_1_116' title='bbox 195 2049 538 2114; x_wconf 88' lang='lat' dir='ltr'><strong>communicationem</strong></span> <span class='ocrx_word' id='word_1_117' title='bbox 552 2049 594 2130; x_wconf 83' lang='lat' dir='ltr'><strong>(S.</strong></span> <span class='ocrx_word' id='word_1_118' title='bbox 607 2049 690 2130; x_wconf 70' lang='lat' dir='ltr'><strong>hig,</strong></span> <span class='ocrx_word' id='word_1_119' title='bbox 707 2049 728 2113; x_wconf 88' lang='lat' dir='ltr'><strong>l.</strong></span> <span class='ocrx_word' id='word_1_120' title='bbox 741 2067 782 2125; x_wconf 82' lang='lat' dir='ltr'><strong>a,</strong></span> <span class='ocrx_word' id='word_1_121' title='bbox 799 2068 833 2113; x_wconf 89' lang='lat' dir='ltr'><strong>n.</strong></span> <span class='ocrx_word' id='word_1_122' title='bbox 850 2050 911 2132; x_wconf 84' lang='lat' dir='ltr'><strong>tl).</strong></span> 
     </span>
    </p>

    <p class='ocr_par' dir='ltr' id='par_1_4' title="bbox 195 2156 1392 3108">
     <span class='ocr_line' id='line_1_16' title="bbox 235 2156 1367 2242; baseline 0 -22"><span class='ocrx_word' id='word_1_123' title='bbox 235 2156 267 2220; x_wconf 84' lang='lat'><strong>3⁰</strong></span> <span class='ocrx_word' id='word_1_124' title='bbox 283 2156 404 2222; x_wconf 81' lang='lat' dir='ltr'><strong>Contra</strong></span> <span class='ocrx_word' id='word_1_125' title='bbox 415 2159 642 2241; x_wconf 78' lang='lat' dir='ltr'><strong>imprimentes</strong></span> <span class='ocrx_word' id='word_1_126' title='bbox 656 2176 668 2222; x_wconf 93' lang='lat'><em>:</em></span> <span class='ocrx_word' id='word_1_127' title='bbox 684 2176 751 2242; x_wconf 88' lang='lat' dir='ltr'><strong>quo</strong></span> <span class='ocrx_word' id='word_1_128' title='bbox 766 2158 904 2222; x_wconf 87' lang='lat' dir='ltr'><strong>nomine</strong></span> <span class='ocrx_word' id='word_1_129' title='bbox 919 2157 1073 2234; x_wconf 88' lang='lat' dir='ltr'><strong>veniunt,</strong></span> <span class='ocrx_word' id='word_1_130' title='bbox 1089 2176 1159 2223; x_wconf 89' lang='lat' dir='ltr'><strong>non</strong></span> <span class='ocrx_word' id='word_1_131' title='bbox 1175 2157 1284 2224; x_wconf 87' lang='lat' dir='ltr'><strong>solum</strong></span> <span class='ocrx_word' id='word_1_132' title='bbox 1297 2157 1367 2222; x_wconf 84' lang='lat' dir='ltr'><strong>edi-</strong></span> 
     </span>
     <span class='ocr_line' id='line_1_17' title="bbox 197 2265 1367 2351; baseline 0.003 -22"><span class='ocrx_word' id='word_1_133' title='bbox 197 2271 288 2332; x_wconf 90' lang='lat' dir='ltr'><strong>tores</strong></span> <span class='ocrx_word' id='word_1_134' title='bbox 306 2271 341 2331; x_wconf 91' lang='lat' dir='ltr'><strong>et</strong></span> <span class='ocrx_word' id='word_1_135' title='bbox 359 2265 424 2349; x_wconf 91' lang='lat' dir='ltr'><strong>ipsi</strong></span> <span class='ocrx_word' id='word_1_136' title='bbox 438 2267 640 2350; x_wconf 80' lang='lat' dir='ltr'><strong>typographi</strong></span> <span class='ocrx_word' id='word_1_137' title='bbox 655 2286 714 2331; x_wconf 92' lang='lat' dir='ltr'><strong>seu</strong></span> <span class='ocrx_word' id='word_1_138' title='bbox 731 2267 874 2344; x_wconf 72' lang='lat' dir='ltr'><strong>officinae</strong></span> <span class='ocrx_word' id='word_1_139' title='bbox 887 2268 1139 2351; x_wconf 83' lang='lat' dir='ltr'><strong>typographica</strong></span> <span class='ocrx_word' id='word_1_140' title='bbox 1150 2267 1288 2343; x_wconf 90' lang='lat' dir='ltr'><strong>domini,</strong></span> <span class='ocrx_word' id='word_1_141' title='bbox 1306 2267 1367 2332; x_wconf 87' lang='lat' dir='ltr'><strong>sed</strong></span> 
     </span>
     <span class='ocr_line' id='line_1_18' title="bbox 196 2371 1368 2458; baseline 0.001 -21"><span class='ocrx_word' id='word_1_142' title='bbox 196 2373 299 2438; x_wconf 89' lang='lat' dir='ltr'><strong>etiam</strong></span> <span class='ocrx_word' id='word_1_143' title='bbox 314 2373 370 2458; x_wconf 88' lang='lat' dir='ltr'><strong>qui</strong></span> <span class='ocrx_word' id='word_1_144' title='bbox 384 2371 538 2458; x_wconf 84' lang='lat' dir='ltr'><strong>proxime</strong></span> <span class='ocrx_word' id='word_1_145' title='bbox 553 2379 770 2452; x_wconf 85' lang='lat' dir='ltr'><strong>concurrunt,</strong></span> <span class='ocrx_word' id='word_1_146' title='bbox 790 2379 827 2439; x_wconf 91' lang='lat' dir='ltr'><strong>ut</strong></span> <span class='ocrx_word' id='word_1_147' title='bbox 842 2379 922 2440; x_wconf 89' lang='lat' dir='ltr'><strong>sunt</strong></span> <span class='ocrx_word' id='word_1_148' title='bbox 941 2375 965 2438; x_wconf 92' lang='lat' dir='ltr'><strong>ii</strong></span> <span class='ocrx_word' id='word_1_149' title='bbox 980 2375 1038 2458; x_wconf 88' lang='lat' dir='ltr'><strong>qui</strong></span> <span class='ocrx_word' id='word_1_150' title='bbox 1047 2380 1146 2458; x_wconf 87' lang='lat' dir='ltr'><strong>typos</strong></span> <span class='ocrx_word' id='word_1_151' title='bbox 1156 2379 1368 2458; x_wconf 89' lang='lat' dir='ltr'><strong>componunt</strong></span> 
     </span>
     <span class='ocr_line' id='line_1_19' title="bbox 195 2481 1392 2565; baseline 0.002 -19"><span class='ocrx_word' id='word_1_152' title='bbox 195 2482 251 2546; x_wconf 90' lang='lat' dir='ltr'><strong>vel</strong></span> <span class='ocrx_word' id='word_1_153' title='bbox 259 2481 389 2565; x_wconf 89' lang='lat' dir='ltr'><strong>legunt,</strong></span> <span class='ocrx_word' id='word_1_154' title='bbox 401 2489 460 2548; x_wconf 90' lang='lat' dir='ltr'><strong>aut</strong></span> <span class='ocrx_word' id='word_1_155' title='bbox 467 2488 657 2549; x_wconf 90' lang='lat' dir='ltr'><strong>atramento</strong></span> <span class='ocrx_word' id='word_1_156' title='bbox 669 2485 815 2564; x_wconf 82' lang='lat' dir='ltr'><strong>tingunt,</strong></span> <span class='ocrx_word' id='word_1_157' title='bbox 826 2489 903 2561; x_wconf 86' lang='lat' dir='ltr'><strong>etc,</strong></span> <span class='ocrx_word' id='word_1_158' title='bbox 914 2501 975 2549; x_wconf 85' lang='lat' dir='ltr'><strong>seu</strong></span> <span class='ocrx_word' id='word_1_159' title='bbox 986 2483 1177 2565; x_wconf 89' lang='lat' dir='ltr'><strong>generatim</strong></span> <span class='ocrx_word' id='word_1_160' title='bbox 1186 2482 1233 2546; x_wconf 90' lang='lat' dir='ltr'><strong>illi</strong></span> <span class='ocrx_word' id='word_1_161' title='bbox 1246 2501 1366 2549; x_wconf 84' lang='lat' dir='ltr'><strong>omnes</strong></span> <span class='ocrx_word' id='word_1_162' title='bbox 1387 2547 1392 2558; x_wconf 85' lang='grc'><strong>,</strong></span> 
     </span>
     <span class='ocr_line' id='line_1_20' title="bbox 198 2590 1364 2676; baseline 0.002 -22"><span class='ocrx_word' id='word_1_163' title='bbox 198 2591 255 2674; x_wconf 89' lang='lat' dir='ltr'><strong>qui</strong></span> <span class='ocrx_word' id='word_1_164' title='bbox 282 2590 357 2654; x_wconf 89' lang='lat' dir='ltr'><strong>libri</strong></span> <span class='ocrx_word' id='word_1_165' title='bbox 384 2591 541 2674; x_wconf 89' lang='lat' dir='ltr'><strong>prohibiti</strong></span> <span class='ocrx_word' id='word_1_166' title='bbox 568 2591 769 2668; x_wconf 87' lang='lat' dir='ltr'><strong>editionem,</strong></span> <span class='ocrx_word' id='word_1_167' title='bbox 803 2591 1043 2676; x_wconf 86' lang='lat' dir='ltr'><strong>cooperatione</strong></span> <span class='ocrx_word' id='word_1_168' title='bbox 1076 2591 1158 2656; x_wconf 86' lang='lat' dir='ltr'><strong>satis</strong></span> <span class='ocrx_word' id='word_1_169' title='bbox 1191 2591 1364 2674; x_wconf 89' lang='lat' dir='ltr'><strong>proxima,</strong></span> 
     </span>
     <span class='ocr_line' id='line_1_21' title="bbox 197 2699 1367 2781; baseline 0.002 -19"><span class='ocrx_word' id='word_1_170' title='bbox 197 2699 341 2762; x_wconf 89' lang='lat' dir='ltr'><strong>scienter</strong></span> <span class='ocrx_word' id='word_1_171' title='bbox 353 2699 525 2781; x_wconf 88' lang='lat' dir='ltr'><strong>adjuvant.</strong></span> <span class='ocrx_word' id='word_1_172' title='bbox 546 2701 609 2777; x_wconf 86' lang='lat' dir='ltr'><strong>Qui</strong></span> <span class='ocrx_word' id='word_1_173' title='bbox 624 2699 723 2766; x_wconf 87' lang='lat' dir='ltr'><strong>valde</strong></span> <span class='ocrx_word' id='word_1_174' title='bbox 743 2706 873 2766; x_wconf 89' lang='lat' dir='ltr'><strong>remote</strong></span> <span class='ocrx_word' id='word_1_175' title='bbox 888 2705 1104 2776; x_wconf 84' lang='lat' dir='ltr'><strong>concurrunt,</strong></span> <span class='ocrx_word' id='word_1_176' title='bbox 1125 2718 1146 2764; x_wconf 92' lang='lat' dir='ltr'><strong>a</strong></span> <span class='ocrx_word' id='word_1_177' title='bbox 1169 2717 1313 2764; x_wconf 86' lang='lat' dir='ltr'><strong>censura</strong></span> <span class='ocrx_word' id='word_1_178' title='bbox 1333 2706 1367 2765; x_wconf 90' lang='lat' dir='ltr'><strong>et</strong></span> 
     </span>
     <span class='ocr_line' id='line_1_22' title="bbox 196 2807 1367 2893; baseline 0.003 -24"><span class='ocrx_word' id='word_1_179' title='bbox 196 2811 333 2889; x_wconf 90' lang='lat' dir='ltr'><strong>peccato</strong></span> <span class='ocrx_word' id='word_1_180' title='bbox 352 2807 551 2892; x_wconf 87' lang='lat' dir='ltr'><strong>plerumque</strong></span> <span class='ocrx_word' id='word_1_181' title='bbox 574 2813 790 2886; x_wconf 89' lang='lat' dir='ltr'><strong>excusantur,</strong></span> <span class='ocrx_word' id='word_1_182' title='bbox 812 2809 891 2893; x_wconf 87' lang='lat' dir='ltr'><strong>quia</strong></span> <span class='ocrx_word' id='word_1_183' title='bbox 911 2814 991 2872; x_wconf 89' lang='lat' dir='ltr'><strong>sunt</strong></span> <span class='ocrx_word' id='word_1_184' title='bbox 1004 2813 1242 2890; x_wconf 87' lang='lat' dir='ltr'><strong>cooperatores</strong></span> <span class='ocrx_word' id='word_1_185' title='bbox 1261 2812 1367 2873; x_wconf 88' lang='lat' dir='ltr'><strong>mate-</strong></span> 
     </span>
     <span class='ocr_line' id='line_1_23' title="bbox 197 2915 1368 3000; baseline 0.003 -22"><span class='ocrx_word' id='word_1_186' title='bbox 197 2915 307 2982; x_wconf 88' lang='lat' dir='ltr'><strong>riales.</strong></span> <span class='ocrx_word' id='word_1_187' title='bbox 325 2915 372 2980; x_wconf 79' lang='lat' dir='ltr'><strong>lle</strong></span> <span class='ocrx_word' id='word_1_188' title='bbox 390 2919 635 2983; x_wconf 86' lang='lat' dir='ltr'><strong>correctoribus</strong></span> <span class='ocrx_word' id='word_1_189' title='bbox 657 2919 830 3000; x_wconf 87' lang='lat' dir='ltr'><strong>disputant</strong></span> <span class='ocrx_word' id='word_1_190' title='bbox 846 2917 924 2994; x_wconf 83' lang='lat' dir='ltr'><strong>GG.;</strong></span> <span class='ocrx_word' id='word_1_191' title='bbox 946 2917 1006 2982; x_wconf 89' lang='lat' dir='ltr'><strong>sed</strong></span> <span class='ocrx_word' id='word_1_192' title='bbox 1027 2917 1218 2998; x_wconf 83' lang='lat' dir='ltr'><strong>generatim</strong></span> <span class='ocrx_word' id='word_1_193' title='bbox 1243 2917 1368 2982; x_wconf 90' lang='lat' dir='ltr'><strong>debent</strong></span> 
     </span>
     <span class='ocr_line' id='line_1_24' title="bbox 198 3023 1292 3108; baseline -0.002 -20"><span class='ocrx_word' id='word_1_194' title='bbox 198 3025 385 3107; x_wconf 83' lang='lat' dir='ltr'><strong>computari</strong></span> <span class='ocrx_word' id='word_1_195' title='bbox 400 3027 489 3090; x_wconf 87' lang='lat' dir='ltr'><strong>inter</strong></span> <span class='ocrx_word' id='word_1_196' title='bbox 501 3025 666 3108; x_wconf 86' lang='lat' dir='ltr'><strong>legentes,</strong></span> <span class='ocrx_word' id='word_1_197' title='bbox 685 3024 806 3091; x_wconf 89' lang='lat' dir='ltr'><strong>saltem</strong></span> <span class='ocrx_word' id='word_1_198' title='bbox 819 3025 846 3088; x_wconf 89' lang='lat' dir='ltr'><strong>si</strong></span> <span class='ocrx_word' id='word_1_199' title='bbox 861 3025 988 3090; x_wconf 91' lang='lat' dir='ltr'><strong>idioma</strong></span> <span class='ocrx_word' id='word_1_200' title='bbox 1002 3023 1078 3088; x_wconf 90' lang='lat' dir='ltr'><strong>libri</strong></span> <span class='ocrx_word' id='word_1_201' title='bbox 1091 3024 1292 3107; x_wconf 83' lang='lat' dir='ltr'><strong>intelligant.</strong></span> 
     </span>
    </p>

    <p class='ocr_par' dir='ltr' id='par_1_5' title="bbox 197 3131 1436 3762">
     <span class='ocr_line' id='line_1_25' title="bbox 235 3131 1366 3217; baseline 0.001 -20"><span class='ocrx_word' id='word_1_202' title='bbox 235 3131 268 3197; x_wconf 72' lang='lat'><strong>4⁰</strong></span> <span class='ocrx_word' id='word_1_203' title='bbox 281 3131 404 3198; x_wconf 84' lang='lat' dir='ltr'><strong>Contra</strong></span> <span class='ocrx_word' id='word_1_204' title='bbox 413 3133 630 3215; x_wconf 80' lang='lat' dir='ltr'><strong>defendentes</strong></span> <span class='ocrx_word' id='word_1_205' title='bbox 641 3153 653 3198; x_wconf 89' lang='lat'><em>:</em></span> <span class='ocrx_word' id='word_1_206' title='bbox 664 3135 737 3199; x_wconf 76' lang='lat' dir='ltr'><strong>haec</strong></span> <span class='ocrx_word' id='word_1_207' title='bbox 749 3151 819 3198; x_wconf 90' lang='lat' dir='ltr'><strong>vox</strong></span> <span class='ocrx_word' id='word_1_208' title='bbox 833 3131 909 3198; x_wconf 87' lang='lat' dir='ltr'><strong>illos</strong></span> <span class='ocrx_word' id='word_1_209' title='bbox 923 3150 1042 3197; x_wconf 90' lang='lat' dir='ltr'><strong>omnes</strong></span> <span class='ocrx_word' id='word_1_210' title='bbox 1057 3131 1293 3216; x_wconf 87' lang='lat' dir='ltr'><strong>complectitur</strong></span> <span class='ocrx_word' id='word_1_211' title='bbox 1308 3133 1366 3217; x_wconf 88' lang='lat' dir='ltr'><strong>qui</strong></span> 
     </span>
     <span class='ocr_line' id='line_1_26' title="bbox 199 3239 1363 3325; baseline 0 -21"><span class='ocrx_word' id='word_1_212' title='bbox 199 3239 349 3325; x_wconf 87' lang='lat' dir='ltr'><strong>quolibet</strong></span> <span class='ocrx_word' id='word_1_213' title='bbox 361 3246 528 3324; x_wconf 76' lang='lat' dir='ltr'><strong>praetextu</strong></span> <span class='ocrx_word' id='word_1_214' title='bbox 541 3245 601 3306; x_wconf 90' lang='lat' dir='ltr'><strong>aut</strong></span> <span class='ocrx_word' id='word_1_215' title='bbox 615 3242 683 3306; x_wconf 86' lang='lat' dir='ltr'><strong>ilne</strong></span> <span class='ocrx_word' id='word_1_216' title='bbox 695 3239 799 3305; x_wconf 86' lang='lat' dir='ltr'><strong>libros</strong></span> <span class='ocrx_word' id='word_1_217' title='bbox 816 3240 985 3323; x_wconf 87' lang='lat' dir='ltr'><strong>ejusmodi</strong></span> <span class='ocrx_word' id='word_1_218' title='bbox 999 3240 1140 3305; x_wconf 87' lang='lat' dir='ltr'><strong>laudant</strong></span> <span class='ocrx_word' id='word_1_219' title='bbox 1154 3246 1188 3304; x_wconf 92' lang='lat' dir='ltr'><strong>et</strong></span> <span class='ocrx_word' id='word_1_220' title='bbox 1204 3240 1363 3318; x_wconf 90' lang='lat' dir='ltr'><strong>exaltant,</strong></span> 
     </span>
     <span class='ocr_line' id='line_1_27' title="bbox 197 3349 1436 3437; baseline 0 -23"><span class='ocrx_word' id='word_1_221' title='bbox 197 3349 253 3415; x_wconf 87' lang='lat' dir='ltr'><strong>vel</strong></span> <span class='ocrx_word' id='word_1_222' title='bbox 266 3352 418 3437; x_wconf 88' lang='lat' dir='ltr'><strong>ipsorum</strong></span> <span class='ocrx_word' id='word_1_223' title='bbox 432 3356 587 3417; x_wconf 89' lang='lat' dir='ltr'><strong>auctores</strong></span> <span class='ocrx_word' id='word_1_224' title='bbox 602 3350 799 3426; x_wconf 82' lang='lat' dir='ltr'><strong>detendunt,</strong></span> <span class='ocrx_word' id='word_1_225' title='bbox 813 3350 869 3414; x_wconf 91' lang='lat' dir='ltr'><strong>vel</strong></span> <span class='ocrx_word' id='word_1_226' title='bbox 888 3350 1076 3415; x_wconf 87' lang='lat' dir='ltr'><strong>doctrinam</strong></span> <span class='ocrx_word' id='word_1_227' title='bbox 1100 3349 1135 3414; x_wconf 89' lang='lat' dir='ltr'><strong>in</strong></span> <span class='ocrx_word' id='word_1_228' title='bbox 1160 3350 1208 3414; x_wconf 83' lang='lat' dir='ltr'><strong>eia</strong></span> <span class='ocrx_word' id='word_1_229' title='bbox 1229 3355 1366 3415; x_wconf 89' lang='lat' dir='ltr'><strong>conten·</strong></span> <span class='ocrx_word' id='word_1_230' title='bbox 1435 3397 1436 3400; x_wconf 63' lang='lat'><strong>,</strong></span> 
     </span>
     <span class='ocr_line' id='line_1_28' title="bbox 199 3457 1366 3544; baseline 0.002 -22"><span class='ocrx_word' id='word_1_231' title='bbox 199 3463 268 3524; x_wconf 91' lang='lat' dir='ltr'><strong>tam</strong></span> <span class='ocrx_word' id='word_1_232' title='bbox 292 3463 489 3544; x_wconf 88' lang='lat' dir='ltr'><strong>approbant,</strong></span> <span class='ocrx_word' id='word_1_233' title='bbox 515 3459 571 3524; x_wconf 85' lang='lat' dir='ltr'><strong>vel</strong></span> <span class='ocrx_word' id='word_1_234' title='bbox 593 3457 731 3523; x_wconf 85' lang='lat' dir='ltr'><strong>taudem</strong></span> <span class='ocrx_word' id='word_1_235' title='bbox 748 3459 852 3522; x_wconf 90' lang='lat' dir='ltr'><strong>libros</strong></span> <span class='ocrx_word' id='word_1_236' title='bbox 866 3458 958 3540; x_wconf 88' lang='lat' dir='ltr'><strong>ipsos</strong></span> <span class='ocrx_word' id='word_1_237' title='bbox 973 3457 1195 3535; x_wconf 88' lang='lat' dir='ltr'><strong>abscondunt,</strong></span> <span class='ocrx_word' id='word_1_238' title='bbox 1212 3476 1255 3524; x_wconf 90' lang='lat' dir='ltr'><strong>ne</strong></span> <span class='ocrx_word' id='word_1_239' title='bbox 1269 3477 1366 3544; x_wconf 88' lang='lat' dir='ltr'><strong>supe-</strong></span> 
     </span>
     <span class='ocr_line' id='line_1_29' title="bbox 198 3565 1367 3651; baseline 0.003 -21"><span class='ocrx_word' id='word_1_240' title='bbox 198 3568 342 3633; x_wconf 87' lang='lat' dir='ltr'><strong>rioribus</strong></span> <span class='ocrx_word' id='word_1_241' title='bbox 363 3569 553 3633; x_wconf 88' lang='lat' dir='ltr'><strong>tradantur.</strong></span> <span class='ocrx_word' id='word_1_242' title='bbox 577 3568 693 3651; x_wconf 87' lang='lat' dir='ltr'><strong>ltaque</strong></span> <span class='ocrx_word' id='word_1_243' title='bbox 717 3571 787 3632; x_wconf 84' lang='lat' dir='ltr'><strong>tam</strong></span> <span class='ocrx_word' id='word_1_244' title='bbox 805 3566 958 3633; x_wconf 82' lang='lat' dir='ltr'><strong>defensio</strong></span> <span class='ocrx_word' id='word_1_245' title='bbox 976 3565 1171 3650; x_wconf 88' lang='lat' dir='ltr'><strong>corporalis,</strong></span> <span class='ocrx_word' id='word_1_246' title='bbox 1190 3586 1292 3651; x_wconf 89' lang='lat' dir='ltr'><strong>quam</strong></span> <span class='ocrx_word' id='word_1_247' title='bbox 1311 3568 1367 3634; x_wconf 87' lang='lat' dir='ltr'><strong>de·</strong></span> 
     </span>
     <span class='ocr_line' id='line_1_30' title="bbox 197 3675 1323 3762; baseline 0 -22"><span class='ocrx_word' id='word_1_248' title='bbox 197 3677 307 3742; x_wconf 89' lang='lat' dir='ltr'><strong>lensio</strong></span> <span class='ocrx_word' id='word_1_249' title='bbox 323 3675 515 3742; x_wconf 88' lang='lat' dir='ltr'><strong>doctrinalis</strong></span> <span class='ocrx_word' id='word_1_250' title='bbox 529 3677 728 3762; x_wconf 91' lang='lat' dir='ltr'><strong>prohibetur</strong></span> <span class='ocrx_word' id='word_1_251' title='bbox 744 3676 807 3741; x_wconf 89' lang='lat' dir='ltr'><strong>sub</strong></span> <span class='ocrx_word' id='word_1_252' title='bbox 830 3694 933 3760; x_wconf 86' lang='lat' dir='ltr'><strong>poena</strong></span> <span class='ocrx_word' id='word_1_253' title='bbox 954 3677 1323 3742; x_wconf 86' lang='lat' dir='ltr'><strong>excommunicationis.</strong></span> 
     </span>
    </p>

    <p class='ocr_par' dir='ltr' id='par_1_6' title="bbox 198 3785 1391 4301">
     <span class='ocr_line' id='line_1_31' title="bbox 236 3785 1391 3870; baseline 0.003 -20"><span class='ocrx_word' id='word_1_254' title='bbox 236 3785 428 3850; x_wconf 89' lang='lat' dir='ltr'><strong>Notandum</strong></span> <span class='ocrx_word' id='word_1_255' title='bbox 443 3791 495 3851; x_wconf 88' lang='lat' dir='ltr'><strong>est</strong></span> <span class='ocrx_word' id='word_1_256' title='bbox 508 3785 598 3870; x_wconf 85' lang='lat' dir='ltr'><strong>quod</strong></span> <span class='ocrx_word' id='word_1_257' title='bbox 611 3785 653 3851; x_wconf 90' lang='lat' dir='ltr'><strong>de</strong></span> <span class='ocrx_word' id='word_1_258' title='bbox 664 3786 823 3851; x_wconf 89' lang='lat' dir='ltr'><strong>omnibus</strong></span> <span class='ocrx_word' id='word_1_259' title='bbox 837 3785 910 3850; x_wconf 83' lang='lat' dir='ltr'><strong>istis</strong></span> <span class='ocrx_word' id='word_1_260' title='bbox 920 3785 1095 3850; x_wconf 88' lang='lat' dir='ltr'><strong>recensitis</strong></span> <span class='ocrx_word' id='word_1_261' title='bbox 1107 3785 1215 3852; x_wconf 91' lang='lat' dir='ltr'><strong>inhoc</strong></span> <span class='ocrx_word' id='word_1_262' title='bbox 1225 3786 1366 3853; x_wconf 90' lang='lat' dir='ltr'><strong>articulo</strong></span> <span class='ocrx_word' id='word_1_263' title='bbox 1389 3802 1391 3810; x_wconf 86' lang='grc'><strong>’</strong></span> 
     </span>
     <span class='ocr_line' id='line_1_32' title="bbox 198 3891 1366 3978; baseline 0.002 -22"><span class='ocrx_word' id='word_1_264' title='bbox 198 3891 339 3974; x_wconf 82' lang='lat' dir='ltr'><strong>intelligi</strong></span> <span class='ocrx_word' id='word_1_265' title='bbox 364 3894 464 3960; x_wconf 93' lang='lat' dir='ltr'><strong>debet</strong></span> <span class='ocrx_word' id='word_1_266' title='bbox 484 3893 575 3977; x_wconf 88' lang='lat' dir='ltr'><strong>quod</strong></span> <span class='ocrx_word' id='word_1_267' title='bbox 598 3893 745 3959; x_wconf 85' lang='lat' dir='ltr'><strong>diximus</strong></span> <span class='ocrx_word' id='word_1_268' title='bbox 764 3893 806 3958; x_wconf 95' lang='lat' dir='ltr'><strong>de</strong></span> <span class='ocrx_word' id='word_1_269' title='bbox 827 3893 1030 3974; x_wconf 85' lang='lat' dir='ltr'><strong>legentibus,</strong></span> <span class='ocrx_word' id='word_1_270' title='bbox 1048 3893 1175 3958; x_wconf 89' lang='lat' dir='ltr'><strong>scilicet</strong></span> <span class='ocrx_word' id='word_1_271' title='bbox 1188 3895 1279 3978; x_wconf 85' lang='lat' dir='ltr'><strong>quod</strong></span> <span class='ocrx_word' id='word_1_272' title='bbox 1298 3914 1366 3960; x_wconf 92' lang='lat' dir='ltr'><strong>non</strong></span> 
     </span>
     <span class='ocr_line' id='line_1_33' title="bbox 198 3985 1367 4084; baseline 0.002 -20"><span class='ocrx_word' id='word_1_273' title='bbox 198 4001 376 4065; x_wconf 91' lang='lat' dir='ltr'><strong>incurrunt</strong></span> <span class='ocrx_word' id='word_1_274' title='bbox 385 3985 782 4078; x_wconf 83' lang='lat' dir='ltr'><strong>excommunicationem,</strong></span> <span class='ocrx_word' id='word_1_275' title='bbox 795 4000 859 4064; x_wconf 88' lang='lat' dir='ltr'><strong>nisi</strong></span> <span class='ocrx_word' id='word_1_276' title='bbox 875 4001 999 4066; x_wconf 89' lang='lat' dir='ltr'><strong>sciant:</strong></span> <span class='ocrx_word' id='word_1_277' title='bbox 1014 4002 1046 4064; x_wconf 80' lang='lat'><strong>1⁰</strong></span> <span class='ocrx_word' id='word_1_278' title='bbox 1058 4001 1183 4066; x_wconf 90' lang='lat' dir='ltr'><strong>librum</strong></span> <span class='ocrx_word' id='word_1_279' title='bbox 1197 4019 1273 4066; x_wconf 85' lang='lat' dir='ltr'><strong>esse</strong></span> <span class='ocrx_word' id='word_1_280' title='bbox 1288 4020 1367 4084; x_wconf 92' lang='lat' dir='ltr'><strong>apo-</strong></span> 
     </span>
     <span class='ocr_line' id='line_1_34' title="bbox 199 4109 1363 4200; baseline 0.002 -28"><span class='ocrx_word' id='word_1_281' title='bbox 199 4113 294 4173; x_wconf 73' lang='lat' dir='ltr'><strong>statae</strong></span> <span class='ocrx_word' id='word_1_282' title='bbox 314 4109 371 4174; x_wconf 92' lang='lat' dir='ltr'><strong>vel</strong></span> <span class='ocrx_word' id='word_1_283' title='bbox 393 4109 545 4188; x_wconf 84' lang='lat' dir='ltr'><strong>heretici,</strong></span> <span class='ocrx_word' id='word_1_284' title='bbox 569 4113 676 4200; x_wconf 88' lang='lat' dir='ltr'><strong>atque</strong></span> <span class='ocrx_word' id='word_1_285' title='bbox 694 4111 726 4174; x_wconf 63' lang='lat'><strong>2⁰</strong></span> <span class='ocrx_word' id='word_1_286' title='bbox 748 4110 783 4174; x_wconf 91' lang='lat' dir='ltr'><strong>in</strong></span> <span class='ocrx_word' id='word_1_287' title='bbox 797 4109 861 4174; x_wconf 90' lang='lat' dir='ltr'><strong>hoc</strong></span> <span class='ocrx_word' id='word_1_288' title='bbox 874 4109 960 4173; x_wconf 90' lang='lat' dir='ltr'><strong>libro</strong></span> <span class='ocrx_word' id='word_1_289' title='bbox 974 4109 1131 4174; x_wconf 75' lang='lat' dir='ltr'><strong>heresim</strong></span> <span class='ocrx_word' id='word_1_290' title='bbox 1145 4110 1363 4192; x_wconf 87' lang='lat' dir='ltr'><strong>propugnari,</strong></span> 
     </span>
     <span class='ocr_line' id='line_1_35' title="bbox 199 4215 1024 4301; baseline -0.001 -20"><span class='ocrx_word' id='word_1_291' title='bbox 199 4235 332 4282; x_wconf 85' lang='lat' dir='ltr'><strong>necnon</strong></span> <span class='ocrx_word' id='word_1_292' title='bbox 345 4218 376 4281; x_wconf 75' lang='grc' dir='ltr'><strong>3ο</strong></span> <span class='ocrx_word' id='word_1_293' title='bbox 389 4235 527 4301; x_wconf 86' lang='lat' dir='ltr'><strong>poenam</strong></span> <span class='ocrx_word' id='word_1_294' title='bbox 541 4235 608 4301; x_wconf 86' lang='lat' dir='ltr'><strong>qua</strong></span> <span class='ocrx_word' id='word_1_295' title='bbox 621 4215 779 4300; x_wconf 88' lang='lat' dir='ltr'><strong>plectitur</strong></span> <span class='ocrx_word' id='word_1_296' title='bbox 791 4234 910 4282; x_wconf 91' lang='lat' dir='ltr'><strong>eorum</strong></span> <span class='ocrx_word' id='word_1_297' title='bbox 926 4217 1024 4282; x_wconf 89' lang='lat' dir='ltr'><strong>actio.</strong></span> 
     </span>
    </p>
   </div>
   <div class='ocr_carea' id='block_1_3' title="bbox 228 4407 1422 4575">
    <p class='ocr_par' dir='ltr' id='par_1_7' title="bbox 228 4407 1422 4575">
     <span class='ocr_line' id='line_1_36' title="bbox 228 4407 1422 4500; baseline 0 -32"><span class='ocrx_word' id='word_1_298' title='bbox 228 4411 245 4484; x_wconf 67' lang='grc' dir='ltr'><strong>ς</strong></span> <span class='ocrx_word' id='word_1_299' title='bbox 263 4411 309 4470; x_wconf 86' lang='lat' dir='ltr'><strong>lv.</strong></span> <span class='ocrx_word' id='word_1_300' title='bbox 325 4411 477 4484; x_wconf 74' lang='lat' dir='ltr'><strong>interiora</strong></span> <span class='ocrx_word' id='word_1_301' title='bbox 489 4424 601 4486; x_wconf 82' lang='lat' dir='ltr'><strong>panaro</strong></span> <span class='ocrx_word' id='word_1_302' title='bbox 612 4409 834 4483; x_wconf 73' lang='lat' dir='ltr'><strong>prohibitorem</strong></span> <span class='ocrx_word' id='word_1_303' title='bbox 847 4410 902 4470; x_wconf 82' lang='lat' dir='ltr'><strong>snt</strong></span> <span class='ocrx_word' id='word_1_304' title='bbox 917 4424 1004 4484; x_wconf 80' lang='lat' dir='ltr'><strong>pene</strong></span> <span class='ocrx_word' id='word_1_305' title='bbox 1018 4407 1334 4470; x_wconf 68' lang='lat' dir='ltr'><strong>memnnnnicntionzh</strong></span> <span class='ocrx_word' id='word_1_306' title='bbox 1419 4491 1422 4500; x_wconf 30' lang='grc' dir='ltr'>Ι</span> 
     </span>
     <span class='ocr_line' id='line_1_37' title="bbox 371 4499 1191 4575; baseline -0.004 -15"><span class='ocrx_word' id='word_1_307' title='bbox 371 4505 426 4560; x_wconf 88' lang='lat' dir='ltr'><strong>ont</strong></span> <span class='ocrx_word' id='word_1_308' title='bbox 439 4499 573 4575; x_wconf 72' lang='lat' dir='ltr'><strong>generati</strong></span> <span class='ocrx_word' id='word_1_309' title='bbox 589 4505 706 4559; x_wconf 85' lang='lat' dir='ltr'><strong>tantam</strong></span> <span class='ocrx_word' id='word_1_310' title='bbox 718 4499 814 4570; x_wconf 82' lang='lat' dir='ltr'><strong>nodo,</strong></span> <span class='ocrx_word' id='word_1_311' title='bbox 830 4505 884 4560; x_wconf 87' lang='lat' dir='ltr'><strong>ont</strong></span> <span class='ocrx_word' id='word_1_312' title='bbox 897 4501 1012 4559; x_wconf 84' lang='lat' dir='ltr'><strong>nemini</strong></span> <span class='ocrx_word' id='word_1_313' title='bbox 1020 4505 1191 4559; x_wconf 78' lang='lat' dir='ltr'><strong>reservate.</strong></span> 
     </span>
    </p>
   </div>
   <div class='ocr_carea' id='block_1_4' title="bbox 238 4653 1365 4744">
    <p class='ocr_par' dir='ltr' id='par_1_8' title="bbox 238 4653 1365 4744">
     <span class='ocr_line' id='line_1_38' title="bbox 238 4653 1365 4744; baseline 0 -22"><span class='ocrx_word' id='word_1_314' title='bbox 238 4660 271 4744; x_wconf 82' lang='lat' dir='ltr'><strong>a)</strong></span> <span class='ocrx_word' id='word_1_315' title='bbox 296 4657 665 4726; x_wconf 85' lang='lat' dir='ltr'><strong>Excommunicantnr:</strong></span> <span class='ocrx_word' id='word_1_316' title='bbox 697 4659 728 4722; x_wconf 72' lang='grc' dir='ltr'><strong>1ο</strong></span> <span class='ocrx_word' id='word_1_317' title='bbox 756 4657 978 4724; x_wconf 80' lang='lat' dir='ltr'><strong>defendentes</strong></span> <span class='ocrx_word' id='word_1_318' title='bbox 1005 4657 1253 4742; x_wconf 87' lang='lat' dir='ltr'><strong>propositiones</strong></span> <span class='ocrx_word' id='word_1_319' title='bbox 1275 4653 1365 4723; x_wconf 89' lang='lat' dir='ltr'><strong>dam·</strong></span> 
     </span>
    </p>
   </div>
   <div class='ocr_carea' id='block_1_5' title="bbox 0 0 1717 5566">
    <p class='ocr_par' dir='ltr' id='par_1_9' title="bbox 0 0 1717 5566">
     <span class='ocr_line' id='line_1_39' title="bbox 0 0 1717 5566; baseline 0 0"><span class='ocrx_word' id='word_1_320' title='bbox 0 0 1717 5566; x_wconf 95' lang='lat' dir='ltr'><strong> </strong></span> 
     </span>
    </p>
   </div>
  </div>
 </body>
</html>
