3412 5570
385 585 445 652 444
843 605 896 654 sus
917 603 1095 655 4444444444.

386 723 518 790 4441444
532 727 631 810 pacto
646 741 725 790 cum
739 725 907 805 daemone,
920 743 990 792 non
997 725 1133 791 videtur
1143 744 1283 810 peceare
1292 727 1358 794 nisi
1367 727 1556 795 venialiter.

426 833 543 910 Quoad
560 853 681 900 omnes
706 836 964 919 superstitiones
984 835 1149 900 hactenus
1164 842 1391 915 enumeratas,
1414 839 1560 904 habetur

385 943 527 1008 celebris
549 944 745 1010 constitutio
764 945 847 1008 Sixti
865 945 891 1009 V
914 965 989 1029 quse
1013 946 1129 1029 incipit
1152 945 1238 1012 Coelt
1253 956 1286 1010 et
1306 955 1415 1026 terrea,
1436 947 1471 1012 in
1493 967 1560 1033 qua

387 1051 638 1117 distinctissime
656 1053 865 1118 definiuntur
878 1053 1015 1119 fraudes
1031 1059 1065 1118 et
1081 1053 1219 1118 fallaciae
1241 1055 1470 1132 divinationis,
1490 1075 1560 1120 sor·

386 1157 503 1241 tilegii,
525 1166 615 1226 etc...
641 1161 758 1237 Quoad
781 1181 901 1244 poenas
920 1167 1039 1228 contre
1056 1163 1311 1245 superstitiosos
1331 1162 1439 1241 14444,
1468 1163 1561 1228 nulla

386 1267 541 1350 specialis
555 1271 720 1351 reperitur
735 1289 895 1353 expressa
908 1273 944 1335 in
956 1275 1044 1355 jure.
1064 1271 1129 1336 Sed
1143 1290 1222 1336 vere
1241 1273 1465 1356 superstitiosi
1480 1280 1560 1336 sunt

386 1374 624 1456 denuntiandi3
646 1383 771 1456 tamen,
794 1385 965 1444 uteorum
984 1381 1179 1464 superstitio
1194 1380 1302 1463 pariet
1318 1381 1560 1462 obligationem

387 1484 619 1566 denuntiandi,
639 1487 706 1552 duo
721 1489 960 1571 requiruntur:
981 1494 1019 1552 ut
1034 1489 1122 1553 adsit
1137 1507 1298 1572 expresse
1309 1488 1365 1554 vel
1379 1489 1480 1556 tacita
1495 1487 1561 1554 444-

386 1594 499 1659 monis
512 1595 681 1661 invocatio
694 1616 700 1672 ;
718 1601 756 1660 ut
768 1597 811 1660 sit
823 1597 1011 1663 mortaliter
1024 1599 1270 1680 peccaminosa.

429 1701 535 1766 Gobat
549 1705 730 1770 nonnullas
741 1707 984 1814 traditregulas
997 1707 1170 1791 exquibus
1183 1706 1314 1771 facilius
1324 1706 1561 1771 discernuntur

387 1810 490 1874 varice
505 1830 543 1878 44
555 1811 677 1878 illicitae
689 1817 963 1898 superstitiones;
979 1816 1174 1881 referuntur
1188 1813 1364 1882 aFerraris
1379 1815 1560 1898 (1114144414,

388 1932 424 1982 v⁰
438 1918 651 2004 Superstz'tm,
666 1943 708 1999 rv,
724 1925 773 1999 54,
791 1925 852 2006 ce).

428 2028 465 2092 V.
481 2027 600 2112 Μαρία
615 2039 648 2094 et
657 2032 869 2113 maleficium.
897 2034 930 2116 a)
945 2033 1078 2097 Crimen
1090 2033 1212 2114 magiae
1227 2038 1336 2098 estex
1351 2051 1479 2114 genere
1500 2051 1562 2098 suo

388 2140 565 2219 peccatum
580 2139 733 2219 mortale,
750 2141 830 2225 quie
843 2143 995 2206 eontinet
1008 2141 1145 2206 tacitam
1159 2141 1214 2208 vel
1227 2159 1424 2224 expressam
1440 2140 1563 2205 daemo-

389 2244 442 2308 nis
465 2245 727 2311 invocationem.
752 2247 826 2314 Non
850 2248 949 2314 datur
971 2250 1121 2332 parvitas
1144 2251 1313 2326 materies,
1339 2251 1419 2332 quia
1442 2267 1564 2333 parum

389 2353 532 2418 interest
546 2356 679 2438 quodin
695 2376 730 2421 re
741 2376 846 2440 parva
859 2359 915 2423 vel
925 2359 960 2422 in
974 2377 1011 2423 re
1022 2377 1149 2440 magna
1157 2359 1293 2423 daemon
1307 2359 1501 2435 invocetur;
1519 2377 1564 2422 ex

387 2463 464 2542 jure
478 2463 634 2540 naturali,
651 2465 796 2548 positivo
807 2466 920 2532 divino
932 2472 967 2532 et
981 2467 1207 2532 ecclesiastico
1223 2484 1341 2531 severe
1352 2467 1560 2548 prohibetur.

389 2567 556 2634 Nonnulla
570 2590 645 2654 quae
660 2573 808 2656 speciem
821 2574 956 2657 pietatis
971 2593 1040 2657 prae
1055 2591 1092 2638 se
1104 2575 1228 2649 ferunt,
1245 2578 1283 2636 ut
1297 2579 1377 2637 sunt
1389 2573 1494 2637 verba
1507 2571 1563 2636 vel

394 2677 490 2756 signa
503 2695 616 2756 sacra,
642 2687 788 2764 possunt
803 2701 877 2747 esse
892 2683 1025 2765 magice
1038 2682 1095 2748 vel
1107 2683 1355 2765 superstitiose,
1377 2682 1406 2745 si
1427 2681 1492 2744 illis
1507 2680 1564 2744 ad·

392 2783 599 2850 misceantur
610 2807 699 2853 vana
714 2793 747 2853 et
759 2790 902 2867 inutilia,
919 2809 993 2874 quae
1009 2791 1052 2855 ed
1065 2790 1195 2855 cultum
1208 2789 1267 2854 Dei
1281 2808 1352 2855 non
1369 2790 1562 2874 pertinent:

393 2909 425 2954 v.
440 2909 474 2972 g.
494 2894 584 2976 quod
596 2897 701 2961 verbe
716 2915 810 2964 44444
821 2898 885 2961 4141
899 2899 1050 2963 debeant
1064 2899 1106 2963 ad
1121 2915 1221 2963 aures
1236 2899 1383 2980 jumenti
1398 2903 1566 2979 aegrotan-

350 3029 353 3038 ·
394 2999 447 3075 tis,
459 3006 497 3064 ut
506 3008 657 3080 curetur;
672 3007 763 3088 quod
773 3007 1071 3087 ligaturamembri
1082 3007 1314 3088 intirmiligari
1325 3006 1448 3072 debeat
1458 3005 1565 3072 tribus

393 3108 551 3174 funiculis
566 3131 645 3176 cum
660 3114 718 3178 4411
728 3115 796 3178 ritu
811 3134 905 3182 44444
921 3116 1106 3200 applicatis,
1123 3122 1186 3180 etc.

435 3217 463 3299 b)
475 3219 685 3298 Maleficium,
700 3224 891 3306 praesertim
905 3225 1109 3302 veneticum,
1125 3229 1177 3289 est
1187 3225 1291 3288 etiam
1302 3229 1479 3308 peecatum
1489 3239 1565 3305 gra-

394 3325 584 3406 vissimum,
603 3332 682 3414 quie
695 3333 847 3397 continet
861 3334 997 3398 tecitem
1014 3333 1071 3398 vel
1085 3337 1282 3416 expressam
1294 3333 1458 3397 daemonis
1472 3333 1564 3396 invo

396 3436 575 3514 cntionem,
593 3443 627 3503 et
636 3458 724 3524 saepe
735 3441 838 3506 etiam
850 3443 1070 3524 conjungitur
1078 3441 1296 3518 cumbaeresi‚
1309 3441 1499 3506 idololatris
1508 3439 1565 3504 vel

370 3552 373 3560 '
396 3544 565 3624 apostasia
586 3565 606 3611 4
625 3547 691 3612 tide
712 3567 720 3610 :
740 3566 821 3612 nem
836 3549 960 3630 striges,
976 3549 1013 3612 in
1034 3550 1197 3633 principio
1221 3567 1363 3613 suerum
1384 3547 1561 3620 scelerum,

396 3656 533 3732 pactum
551 3671 630 3718 cum
654 3655 809 3719 daemone
830 3655 988 3719 ineuntes
1003 3654 1115 3720 solent
1128 3655 1232 3720 tidem
1254 3656 1424 3736 abnegare
1447 3659 1481 3718 et
1500 3651 1565 3716 dre-

396 3777 517 3826 mones
540 3764 691 3830 adorare.
718 3767 828 3844 Quare
853 3767 1008 3832 solebant
1030 3767 1153 3832 deterri
1174 3767 1215 3832 ed
1239 3766 1469 3850 inquisitores,
1490 3764 1567 3848 quia

398 3875 494 3933 erant
509 3878 674 3953 suspectae
690 3875 724 3938 in
739 3875 817 3939 fide.

437 3981 615 4059 Quaeritur,
636 4002 681 4048 sn
698 3983 829 4050 licitum
844 3986 887 4048 sit
908 3984 1046 4050 cuilibet
1061 3984 1179 4049 tollere
1202 3988 1236 4049 et
1254 3985 1456 4050 comburere
1471 3983 1568 4064 signa

396 4090 641 4156 maleficiorum
663 4093 811 4168 invente,
833 4098 916 4177 puta
933 4093 1082 4176 capillos,
1103 4093 1287 4174 ligaturas,
1311 4092 1420 4156 nodos
1445 4096 1479 4157 et
1504 4089 1567 4154 4114

398 4199 496 4280 signa
517 4199 672 4265 maletlca
695 4201 806 4283 posita
834 4219 854 4265 4
876 4201 1064 4294 maleficis?
1092 4200 1330 4283 Respondetur
1353 4197 1564 4272 affirmative,

399 4307 534 4390 quando
549 4307 624 4372 talis
638 4308 821 4375 destructio
836 4309 875 4372 tit
894 4311 1017 4375 441144
1038 4315 1077 4374 ut
1098 4309 1252 4374 diabolus
1274 4309 1407 4372 desinat
1425 4325 1564 4380 nocere;

396 4414 470 4478 haec
485 4415 576 4478 enim
590 4416 773 4481 destructio
787 4417 886 4498 signi,
903 4437 966 4482 nec
977 4423 1124 4501 pactum,
1137 4435 1200 4482 nec
1217 4416 1401 4481 amicitiam
1416 4434 1493 4480 cum
1507 4414 1568 4478 414-

399 4539 501 4586 mone
515 4523 684 4606 importet,
701 4544 764 4590 nee
779 4525 887 4588 ullum
899 4526 1067 4590 honorem
1080 4525 1126 4588 illi
1140 4526 1253 4602 affert3
1270 4524 1423 4608 quinimo
1437 4525 1569 4588 daemon

399 4633 472 4714 ipse
487 4633 726 4710 contemnitur,
743 4637 777 4698 et
792 4635 834 4699 ob
849 4633 884 4697 id
900 4632 1036 4714 signum
1051 4634 1165 4717 ipsum
1178 4633 1404 4698 comburitur:
1420 4651 1489 4698 non
1501 4636 1569 4695 tan-

402 4745 475 4805 tum
488 4741 552 4807 hoc
565 4739 695 4807 licitum
710 4748 772 4820 est,
790 4741 850 4808 sed
865 4741 968 4809 etiam
981 4741 1057 4823 lege
1071 4743 1241 4811 charitatis
1258 4739 1569 4823 estobligatorium,
