3514 5564
516 561 605 642 ursus
626 561 762 618 ausurus
782 561 1001 612 nncnsrsnun.
1289 545 1346 612 iss

178 677 318 742 rationis
331 678 709 764 destituta,impotentia
718 685 892 766 perpetua,
907 679 1227 761 consanguinitasin
1237 683 1347 766 primo

179 786 286 866 gradu
304 787 403 852 lineae
423 793 535 866 rectae,
557 809 651 855 error
673 791 760 856 circa
779 789 993 854 individuum
1009 807 1176 872 persona,
1199 789 1348 872 ligamen

180 912 241 958 seu
256 896 429 961 vinculum
444 898 651 962 matrimonii
665 899 908 974 consummati3
925 916 1005 962 num
1019 897 1063 962 ad
1076 899 1148 962 haec
1167 898 1351 965 relaxanda

180 1021 249 1068 non
265 1011 398 1070 constat
413 1007 510 1091 rapa
526 1007 640 1072 datam
656 1027 731 1073 csse
745 1027 765 1074 a
779 1008 848 1072 lico
863 1011 1079 1092 potestatem.
1101 1007 1175 1070 Dixi
1193 1027 1199 1070 :
1218 1009 1350 1090 repula-

179 1115 278 1194 riter;
300 1133 380 1180 narn
401 1114 468 1180 duo
483 1116 736 1199 impedimenta,
756 1116 882 1182 scilicet
898 1115 1049 1198 ligamen
1065 1115 1271 1181 matrimonii
1287 1117 1350 1181 rati

182 1228 216 1287 et
223 1224 388 1309 professio
403 1222 570 1306 religiosa,
586 1225 665 1291 licet
688 1227 755 1290 sint
774 1227 861 1309 juris
883 1225 1056 1301 naturalis,
1080 1225 1286 1309 probabilius
1308 1226 1352 1290 ab

182 1349 222 1396 eo
235 1331 379 1398 relaxari
390 1339 544 1416 possunt,
561 1340 599 1398 ut
609 1334 679 1400 suis
696 1334 779 1400 locis
792 1333 871 1399 dixi.

262 1517 293 1568 11.
308 1518 348 1569 An
364 1515 512 1582 spiscopus
525 1516 688 1588 dispensare
701 1517 789 1582 possit
805 1516 834 1570 in
849 1515 1061 1581 impedimentis
1074 1515 1269 1570 matrimonii?

221 1661 320 1746 Resp.
337 1665 366 1726 l.
382 1663 565 1749 Episcopus
580 1665 615 1728 in
628 1665 881 1750 impedimentis
898 1665 938 1729 de
951 1667 1028 1748 Jure
1045 1663 1270 1730 ecclesiastico
1290 1663 1352 1727 im-

180 1772 393 1856 pedientibus
410 1773 604 1858 dispcnsare
619 1778 732 1858 potest
750 1794 758 1837 :
779 1775 827 1839 its
849 1791 972 1840 comm.
1000 1791 1043 1838 ex
1062 1791 1091 1837 c.
1114 1774 1144 1850 2,
1164 1773 1213 1837 De
1231 1791 1269 1838 eo
1293 1775 1355 1855 qui

181 1899 331 1964 capnon,
348 1884 446 1964 cujus
466 1881 722 1965 dispositionem
740 1882 877 1948 extendi
904 1881 947 1947 ad
966 1886 1088 1947 catera
1108 1881 1353 1965 impedimenta

180 1989 400 2072 impedientia
424 1989 571 2055 declarat
598 1992 811 2057 consuetudo
834 1992 907 2056 iere
934 1992 1088 2056 omnium
1116 1989 1350 2064 Ecclesiamm,

181 2101 322 2179 excepto
341 2097 519 2163 interdicto
543 2098 635 2182 quod
654 2099 809 2182 superior
822 2089 981 2183 episcopo
996 2099 1120 2183 posuit.
1143 2097 1354 2180 ,1111111111-

181 2204 340 2269 dimentis
359 2205 400 2270 de
413 2207 490 2290 jure
503 2207 649 2272 naturali
667 2206 931 2291 impedientibus
954 2207 1132 2290 episcopus
1156 2204 1351 2290 dispensare

180 2330 250 2377 non
264 2317 389 2397 potest,
405 2320 488 2398 puta
500 2316 536 2380 in
550 2321 631 2382 voto
643 2321 816 2401 perpetuae
828 2317 1003 2394 castitatis,
1020 2314 1194 2397 religionis
1205 2319 1239 2378 et
1252 2331 1353 2398 spon-

181 2421 328 2486 salibus:
345 2441 424 2487 nam
438 2423 505 2489 tale
521 2429 641 2488 votum
656 2431 708 2489 est
722 2425 819 2508 Papae
841 2430 1053 2490 reservatum
1073 2424 1109 2489 in
1126 2429 1299 2504 extravag.
1318 2421 1348 2498 3,
1474 2449 1479 2458 ·

181 2529 223 2594 dc
242 2529 363 2621 Ponit.
381 2533 441 2595 int.
459 2549 557 2611 com.;
568 2533 627 2616 jus
641 2552 724 2599 vero
740 2534 922 2617 quaesitum
935 2551 978 2598 ex
989 2531 1203 2616 sponsalibus
1215 2531 1355 2595 inferior

179 2639 329 2721 principe
356 2639 581 2705 ecclesiastico
602 2641 720 2706 tollere
747 2643 875 2724 nequit.
896 2639 990 2705 Unda
1007 2645 1117 2706 stante
1133 2643 1226 2724 justa
1239 2657 1351 2715 causa,

180 2746 259 2812 licet
283 2750 460 2832 episcopus
485 2749 627 2815 suadere
653 2751 760 2834 possit
782 2755 829 2828 ut,
860 2770 892 2815 v.
917 2768 950 2832 g.
977 2768 1102 2833 sponsa
1124 2749 1274 2813 remittat
1296 2750 1354 2831 J'us

182 2873 294 2933 suum,
313 2861 438 2933 tamen,
456 2876 497 2922 ea
510 2863 688 2934 renuente,
713 2857 796 2922 illud
813 2861 871 2941 jus
887 2877 929 2922 ex
943 2857 1157 2940 sponsalibus
1173 2855 1354 2938 quaesitum

181 2981 315 3028 cassare
335 2965 465 3047 nequit,
479 2965 540 3029 sed
555 2983 640 3048 opus
654 2970 707 3029 est
725 2984 865 3029 recursu
890 2965 931 3030 ad
951 2965 1086 3048 Papam.
1107 2965 1231 3030 Votum
1246 2964 1352 3029 conti-

97 3146 102 3154 ,
181 3073 306 3136 nentiae
332 3073 548 3156 imperfecta,
575 3093 609 3139 v.
625 3094 658 3155 g.
685 3074 881 3138 continendi
903 3073 946 3138 ad
971 3079 1102 3138 certum
1118 3078 1266 3156 tempus,
1284 3090 1354 3137 non

182 3181 343 3258 nubendi,
356 3199 470 3246 sacres
484 3181 620 3246 ordines
642 3181 865 3265 suscipiendi;
882 3181 967 3245 item
992 3186 1111 3246 votum
1126 3178 1353 3245 conditionale

183 3292 217 3352 et
231 3289 364 3370 poenale
380 3289 524 3354 relaxari
536 3294 650 3374 potest
663 3291 705 3355 ab
725 3290 893 3373 episcopo,
905 3307 983 3353 cnm
996 3289 1118 3353 nonsit
1128 3293 1352 3365 reservatum,

183 3401 220 3460 ut
234 3395 302 3460 dixi
319 3395 376 3462 lib.
401 3397 455 3474 lli,
473 3399 522 3461 tit.
549 3399 589 3462 de
610 3398 700 3464 Veto.
716 3397 800 3462 item
816 3398 852 3462 in
867 3416 947 3462 casu
963 3397 1186 3474 necessitatis,
1203 3397 1284 3460 dum
1300 3415 1354 3460 res

183 3519 316 3568 moram
329 3523 400 3570 non
414 3507 551 3588 patitur,
568 3510 681 3588 potest
702 3507 881 3589 episcopus
909 3505 1106 3588 dispensare
1127 3505 1255 3570 invoto
1276 3522 1356 3598 con-

186 3612 336 3677 tinentias
351 3615 521 3696 periectae,
534 3620 572 3679 ut
587 3635 629 3680 ex
644 3615 804 3680 dicendis.
1136 3695 1141 3706 1

223 3721 321 3805 Resp.
347 3723 376 3786 b.
402 3723 596 3809 Episcopus,
621 3729 771 3808 spectato
791 3727 868 3808 jure
892 3723 1076 3800 communi,
1102 3741 1170 3788 non
1190 3728 1303 3806 potest
1320 3723 1353 3786 in

184 3828 258 3893 ioro
271 3835 412 3895 externo
428 3832 623 3916 dispensare
639 3834 673 3896 in
686 3832 938 3916 impedimentis
945 3834 1022 3915 jure
1037 3830 1261 3896 ecclesiastico
1281 3831 1355 3894 diri-

184 3938 356 4002 mentibus
382 3942 637 4008 matrimonium
661 3963 668 4004 :
694 3942 740 4006 ita
761 3959 898 4018 comm,
915 3960 995 4006 nam
1017 3939 1109 4005 nullo
1125 3943 1202 4024 jure
1224 3944 1357 4005 constat

185 4044 287 4110 talem
303 4052 508 4130 potestatem
529 4051 694 4134 episcopis
714 4055 748 4114 et
767 4049 840 4114 aliis
862 4050 1009 4133 praelatis
1030 4049 1119 4132 Papa
1140 4049 1356 4113 iniericribus

186 4151 298 4217 datam
321 4173 407 4218 esse.
430 4155 576 4240 Excipe,
600 4159 663 4222 nisi
690 4158 778 4222 adsit
815 4157 958 4239 speciale
986 4155 1204 4240 privilegium
1237 4153 1356 4237 papale

185 4261 226 4324 ad
251 4261 517 4345 dispensandum
540 4267 575 4329 in
599 4265 802 4350 quibusdam
826 4265 1077 4348 impedimentis
1101 4265 1355 4340 dirimentibus3

186 4368 291 4451 quale,
304 4371 457 4436 obtinere
479 4377 513 4436 et
532 4373 572 4438 de
596 4373 817 4456 quadriennio
843 4374 879 4436 in
905 4373 1164 4457 quadriennium
1191 4391 1357 4438 renovare

103 4562 108 4571 .
185 4475 296 4540 solent
317 4479 463 4561 episcopi
482 4477 680 4556 Germania,
698 4484 735 4543 ut
753 4481 950 4564 dispensare
967 4479 1115 4558 valcant,
1136 4500 1168 4543 v.
1188 4499 1221 4562 g.
1241 4480 1276 4543 in
1293 4481 1356 4544 im·
1403 4537 1406 4542 .

185 4585 381 4667 pedimento
407 4585 550 4670 publicae
578 4588 779 4661 honestatis,
809 4588 959 4654 criminis
988 4591 1061 4654 sine
1094 4583 1356 4664 machinatione,

186 4695 476 4775 compaternitatis
502 4694 697 4778 spiritualis,
725 4697 1038 4777 consanguinitatis,
1065 4703 1098 4761 et
1122 4697 1295 4761 affinitatis
1324 4698 1357 4760 in
1414 4687 1417 4692 ’

347 4820 391 4868 111.
834 4809 838 4815 ’
1162 4805 1200 4869 13
