3412 5570
340 585 403 650 tol
801 599 854 646 ms
875 597 1055 646 cmoarcuu.

342 725 608 799 subdiaconum
629 721 690 789 scd
714 721 788 787 brec
813 721 984 787 sententia
1007 739 1080 788 non
1106 719 1243 788 videtur
1270 722 1518 808 amplectenda,

340 853 421 901 cum
436 833 600 899 fundetur
616 831 653 896 in
669 829 817 915 quadam
839 829 1017 895 identitate
1035 829 1303 914 privilegiorum,
1319 849 1359 897 ac
1376 833 1520 918 proinde

341 951 377 1012 et
388 929 575 1029 poenarum
584 943 676 1006 inter
689 941 850 1006 diaconos
866 947 901 1005 ct
915 940 1163 1017 subdiaconos;
1180 941 1319 1007 sednon
1329 943 1521 1010 datnrvera

339 1049 604 1120 communicatio
618 1048 888 1132 privilegiorum,
914 1053 949 1113 et
962 1049 1095 1114 etiamsi
1119 1049 1268 1126 daretur,
1296 1049 1381 1114 nihil
1402 1058 1521 1134 posset

339 1159 455 1241 colligi
471 1157 584 1244 quoad
605 1155 953 1221 communicationem
966 1175 1158 1240 poenarum.
1177 1157 1418 1223 Verumtamen
1439 1160 1519 1222 sub-

325 1267 473 1334 diaconi
491 1264 605 1350 puniri
624 1267 771 1348 possunt
797 1281 841 1328 ex
861 1264 1000 1328 urbicio
1026 1264 1192 1348 episcopi;
1215 1263 1366 1330 minores
1392 1266 1517 1344 clerici,

215 1435 219 1442 .
338 1377 461 1443 saltem
483 1374 512 1438 si
528 1377 610 1436 sunt
622 1371 824 1448 beneficiati,
840 1370 979 1436 arbitrio
989 1371 1114 1454 judicis
1126 1371 1230 1437 etiam
1242 1370 1412 1456 plectendi
1425 1380 1518 1439 sunt.

378 1485 408 1567 b)
424 1483 476 1558 tt,
491 1484 592 1564 juxta
609 1477 736 1563 plures,
758 1478 832 1542 isus
846 1497 958 1561 pmnae
973 1479 1222 1544 consuetudine
1236 1481 1407 1562 abrogatae
1424 1487 1517 1545 sunt.

337 1593 435 1658 Gerto
447 1589 563 1656 valere
576 1591 692 1672 potest
706 1587 920 1652 consuetudo
934 1593 1053 1654 contra
1065 1586 1162 1669 leges
1173 1590 1393 1654 venationem
1406 1591 1521 1674 probi-

336 1703 470 1777 bentes,
495 1716 575 1763 cum
597 1697 735 1760 venatio
760 1695 804 1760 sit
824 1715 880 1760 res
902 1695 944 1760 de
967 1715 1004 1762 se
1019 1691 1219 1762 indifferens
1235 1701 1358 1781 etjure
1373 1699 1521 1763 naturali

337 1811 521 1896 permisse;
533 1807 592 1871 sed
605 1825 649 1871 an
664 1805 706 1870 de
721 1806 811 1871 iacto
825 1807 893 1870 sint
903 1807 1074 1888 abrogatae
1084 1809 1120 1871 in
1132 1808 1290 1872 omnibus
1300 1809 1521 1890 regionibus?

338 1917 573 1984 Communiter
585 1915 758 1980 aidrmam
768 1914 849 1990 Dl).;
863 1913 963 1978 multi
974 1919 1089 1980 tamen
1104 1920 1242 1997 negant,
1258 1915 1426 2000 quietalis
1439 1935 1520 1982 con-

338 2029 485 2094 suetudo
498 2026 662 2092 fundatur
674 2026 709 2090 in
721 2026 811 2090 facto
821 2025 975 2102 abusivo,
987 2027 1079 2109 quod
1086 2026 1157 2110 juri
1169 2044 1239 2091 non
1249 2027 1439 2108 derogaret.
1453 2025 1522 2092 Sed

339 2136 504 2222 quidquid
519 2136 564 2199 sit
575 2133 617 2198 de
632 2132 690 2199 illa
706 2132 901 2198 diversitate
920 2134 1179 2209 sententiarum,
1202 2138 1335 2198 certum
1354 2139 1407 2200 est
1428 2137 1522 2220 quod

337 2245 452 2322 bodie,
469 2245 505 2308 in
516 2243 634 2307 multis
649 2243 785 2306 statutis
805 2241 1035 2324 synodalibus,
1053 2244 1244 2326 reperiatur
1257 2244 1386 2310 sancita
1402 2249 1524 2322 contra

339 2354 480 2418 clericos
490 2355 673 2417 venatores
682 2367 786 2433 poena
794 2350 1030 2432 suspensionis
1040 2349 1083 2415 ad
1095 2357 1229 2436 tempus
1242 2352 1519 2432 determinatum,

340 2462 473 2527 etiamsi
489 2465 612 2542 agatur
626 2460 668 2524 de
682 2461 868 2526 venatione
883 2459 1009 2542 quieta,
1025 2461 1054 2524 si
1070 2459 1144 2525 haec
1157 2479 1237 2526 cum
1252 2462 1395 2528 canibus
1409 2463 1520 2528 fieret.

341 2563 424 2628 lnde
442 2565 549 2649 qnaeri
562 2567 678 2646 potest
691 2583 699 2625 :

379 2673 407 2754 c)
421 2670 490 2734 Sub
508 2689 576 2753 qua
587 2687 691 2753 poena
707 2669 809 2734 bodie
826 2670 1006 2753 episcopus
1024 2669 1226 2736 interdicere
1239 2677 1358 2754 posset
1370 2676 1526 2738 venatio-

339 2779 573 2844 nem‘lllonet
593 2776 795 2842 Benedictus
809 2776 890 2854 XIV,
907 2777 941 2841 in
956 2777 1042 2860 Syn.
1062 2777 1170 2855 dicen,
1186 2778 1209 2841 l.
1222 2779 1275 2857 XI,
1292 2799 1364 2863 cap.
1385 2801 1415 2857 x,
1430 2782 1525 2864 quod

340 2906 444 2971 prena
457 2905 528 2952 non
542 2886 644 2952 debet
658 2904 734 2952 esse
746 2887 848 2950 nimis
861 2887 1027 2970 rigorose,
1038 2888 1227 2972 praesertim
1241 2907 1303 2972 pro
1310 2891 1421 2973 prima
1433 2891 1522 2964 vice,

341 3014 405 3060 nec
420 2996 484 3060 sub
508 2995 862 3060 excommunicatione
877 2995 952 3078 ipso
967 2996 1056 3060 iacto
1075 2999 1136 3058 aut
1148 2995 1337 3078 privatione
1354 2997 1525 3082 privilegii

341 3105 515 3183 clericalis,
530 3108 569 3169 ut
581 3109 716 3170 constat
730 3124 774 3170 ex
792 3105 935 3170 decretis
954 3105 986 3169 S.
1004 3105 1124 3188 Congr.
1142 3106 1295 3190 Episcop.
1313 3112 1348 3172 et
1361 3109 1522 3198 Rhegular.

342 3217 381 3279 10
396 3219 495 3279 mart.
514 3214 604 3289 1611,
619 3215 640 3278 5
653 3213 748 3298 april.
767 3215 846 3279 icor
859 3215 961 3297 (apud
976 3214 1134 3292 Ferraria,
1154 3225 1191 3279 v·
1210 3215 1379 3299 Clericus).
1395 3217 1525 3282 Tamen

341 3323 473 3388 clericis
487 3323 524 3386 in
540 3323 643 3388 sacris
657 3323 851 3388 constitutis
864 3323 1035 3406 prohiberi
1049 3329 1162 3407 potest
1171 3327 1215 3389 ab
1225 3326 1383 3412 episcopo
1397 3325 1525 3392 delatio

343 3430 471 3496 bellicae
493 3430 617 3495 fistulae
636 3432 700 3495 sub
714 3450 817 3516 poena
836 3431 1070 3514 suspensionis
1087 3451 1108 3497 a
1128 3431 1251 3498 divinis
1270 3433 1345 3516 ipso
1363 3435 1452 3498 iacto
1471 3433 1528 3498 in-

343 3539 530 3615 currendae,
552 3543 591 3602 ut
606 3537 790 3604 declaravit
804 3537 835 3602 S.
853 3536 974 3621 Gongr.
1000 3537 1099 3604 Cone.
1116 3540 1156 3604 le
1175 3558 1253 3622 aug.
1279 3542 1368 3606 1611.
1386 3540 1451 3605 Sed
1465 3559 1529 3606 ne-

345 3648 418 3733 quit
444 3645 518 3712 aliis
533 3645 663 3710 clericis
689 3664 785 3711 arma
807 3645 1038 3711 deterentibus
1061 3649 1263 3713 comminari
1286 3654 1346 3714 aut
1367 3649 1528 3730 infligere

343 3772 482 3840 poenam
499 3753 699 3839 privationis
714 3754 883 3838 privilegii
896 3755 978 3832 fori3
995 3755 1070 3820 aliis
1084 3774 1167 3839 ergo
1185 3758 1296 3840 poenis
1310 3756 1529 3824 animadver-

344 3862 438 3928 tendi
453 3867 543 3939 sunt,
553 3867 592 3926 ut
605 3861 787 3929 declaravit
800 3862 921 3929 eadem
931 3864 963 3927 S.
972 3863 1094 3946 congr.
1104 3883 1159 3929 an.
1173 3865 1252 3929 1695
1262 3863 1371 3948 (Apud
1384 3863 1526 3943 Girald.‚

343 3989 423 4038 aun.
440 3970 483 4037 ad
498 3971 658 4037 Thesaur.
674 3971 715 4035 de
731 3970 841 4036 Poenz's
855 3971 1047 4046 ecclesiast,
1062 3990 1096 4056 p.
1113 3970 1164 4055 ll).
