<?xml version="1.0" encoding="UTF-8"?>
<!DOCTYPE html PUBLIC "-//W3C//DTD XHTML 1.0 Transitional//EN"
    "http://www.w3.org/TR/xhtml1/DTD/xhtml1-transitional.dtd">
<html xmlns="http://www.w3.org/1999/xhtml" xml:lang="en" lang="en">
 <head>
  <title>
</title>
<meta http-equiv="Content-Type" content="text/html;charset=utf-8" />
  <meta name='ocr-system' content='tesseract 3.04.00' />
  <meta name='ocr-capabilities' content='ocr_page ocr_carea ocr_par ocr_line ocrx_word'/>
</head>
<body>
  <div class='ocr_page' id='page_1' title='image "./juscanonicumjux01grangoog/juscanonicumjux01grangoog_0377.png"; bbox 0 0 3418 5566; ppageno 0'>
   <div class='ocr_carea' id='block_1_1' title="bbox 492 471 1325 584">
    <p class='ocr_par' dir='ltr' id='par_1_1' title="bbox 492 471 1325 584">
     <span class='ocr_line' id='line_1_1' title="bbox 492 471 1325 584; baseline -0.002 -12"><span class='ocrx_word' id='word_1_1' title='bbox 492 525 581 574; x_wconf 79' lang='lat' dir='ltr'>areeri</span> <span class='ocrx_word' id='word_1_2' title='bbox 601 523 728 580; x_wconf 77' lang='lat' dir='ltr'>ouuarua</span> <span class='ocrx_word' id='word_1_3' title='bbox 747 471 970 572; x_wconf 72' lang='lat' dir='ltr'>numerarim.</span> <span class='ocrx_word' id='word_1_4' title='bbox 1093 581 1095 584; x_wconf 45' lang='grc'><strong>,</strong></span> <span class='ocrx_word' id='word_1_5' title='bbox 1266 504 1325 570; x_wconf 75' lang='grc'>367</span> 
     </span>
    </p>
   </div>
   <div class='ocr_carea' id='block_1_2' title="bbox 151 641 1343 1036">
    <p class='ocr_par' dir='ltr' id='par_1_2' title="bbox 151 641 1343 1036">
     <span class='ocr_line' id='line_1_2' title="bbox 151 641 1327 733; baseline -0.004 -25"><span class='ocrx_word' id='word_1_6' title='bbox 151 644 275 708; x_wconf 86' lang='lat' dir='ltr'>asserit</span> <span class='ocrx_word' id='word_1_7' title='bbox 286 641 383 708; x_wconf 89' lang='lat' dir='ltr'>illum</span> <span class='ocrx_word' id='word_1_8' title='bbox 398 659 474 708; x_wconf 86' lang='lat' dir='ltr'>esse</span> <span class='ocrx_word' id='word_1_9' title='bbox 484 641 707 729; x_wconf 88' lang='lat' dir='ltr'>irregularem</span> <span class='ocrx_word' id='word_1_10' title='bbox 717 643 754 706; x_wconf 93' lang='lat' dir='ltr'>in</span> <span class='ocrx_word' id='word_1_11' title='bbox 768 643 843 708; x_wconf 85' lang='lat' dir='ltr'>iore</span> <span class='ocrx_word' id='word_1_12' title='bbox 857 646 999 733; x_wconf 86' lang='lat' dir='ltr'>externo</span> <span class='ocrx_word' id='word_1_13' title='bbox 1012 645 1157 718; x_wconf 87' lang='lat' dir='ltr'>tantum,</span> <span class='ocrx_word' id='word_1_14' title='bbox 1174 641 1327 706; x_wconf 90' lang='lat' dir='ltr'>secunda</span> 
     </span>
     <span class='ocr_line' id='line_1_3' title="bbox 151 733 1343 828; baseline -0.003 -12"><span class='ocrx_word' id='word_1_15' title='bbox 151 752 188 816; x_wconf 90' lang='lat' dir='ltr'>in</span> <span class='ocrx_word' id='word_1_16' title='bbox 210 750 283 817; x_wconf 88' lang='lat' dir='ltr'>sole</span> <span class='ocrx_word' id='word_1_17' title='bbox 296 752 371 817; x_wconf 87' lang='lat' dir='ltr'>foro</span> <span class='ocrx_word' id='word_1_18' title='bbox 385 733 613 827; x_wconf 77' lang='lat' dir='ltr'>conscientiae,</span> <span class='ocrx_word' id='word_1_19' title='bbox 628 755 663 816; x_wconf 92' lang='lat' dir='ltr'>et</span> <span class='ocrx_word' id='word_1_20' title='bbox 686 753 785 816; x_wconf 91' lang='lat' dir='ltr'>tertia</span> <span class='ocrx_word' id='word_1_21' title='bbox 798 751 945 815; x_wconf 78' lang='lat' dir='ltr'>aestimat</span> <span class='ocrx_word' id='word_1_22' title='bbox 960 748 1171 814; x_wconf 78' lang='lat' dir='ltr'>dubitantem</span> <span class='ocrx_word' id='word_1_23' title='bbox 1193 767 1269 814; x_wconf 86' lang='lat' dir='ltr'>ease</span> <span class='ocrx_word' id='word_1_24' title='bbox 1284 749 1343 828; x_wconf 68' lang='lat' dir='ltr'>ir-⁴</span> 
     </span>
     <span class='ocr_line' id='line_1_4' title="bbox 151 856 1324 944; baseline -0.003 -20"><span class='ocrx_word' id='word_1_25' title='bbox 151 859 346 941; x_wconf 77' lang='lat' dir='ltr'>regularem</span> <span class='ocrx_word' id='word_1_26' title='bbox 360 861 396 924; x_wconf 92' lang='lat' dir='ltr'>in</span> <span class='ocrx_word' id='word_1_27' title='bbox 411 865 556 944; x_wconf 82' lang='lat' dir='ltr'>utroque</span> <span class='ocrx_word' id='word_1_28' title='bbox 570 861 655 938; x_wconf 85' lang='lat' dir='ltr'>iore,</span> <span class='ocrx_word' id='word_1_29' title='bbox 675 859 797 924; x_wconf 88' lang='lat' dir='ltr'>saltem</span> <span class='ocrx_word' id='word_1_30' title='bbox 811 860 839 924; x_wconf 90' lang='lat' dir='ltr'>si</span> <span class='ocrx_word' id='word_1_31' title='bbox 852 863 987 925; x_wconf 78' lang='lat' dir='ltr'>constet</span> <span class='ocrx_word' id='word_1_32' title='bbox 997 858 1038 924; x_wconf 94' lang='lat' dir='ltr'>de</span> <span class='ocrx_word' id='word_1_33' title='bbox 1051 856 1324 942; x_wconf 88' lang='lat' dir='ltr'>corporedelicii,</span> 
     </span>
     <span class='ocr_line' id='line_1_5' title="bbox 151 967 936 1036; baseline 0 -4"><span class='ocrx_word' id='word_1_34' title='bbox 151 973 188 1032; x_wconf 90' lang='lat' dir='ltr'>et</span> <span class='ocrx_word' id='word_1_35' title='bbox 201 967 343 1034; x_wconf 90' lang='lat' dir='ltr'>dubium</span> <span class='ocrx_word' id='word_1_36' title='bbox 357 972 514 1034; x_wconf 76' lang='lat' dir='ltr'>versetur</span> <span class='ocrx_word' id='word_1_37' title='bbox 527 969 616 1034; x_wconf 90' lang='lat' dir='ltr'>circa</span> <span class='ocrx_word' id='word_1_38' title='bbox 625 969 738 1034; x_wconf 83' lang='lat' dir='ltr'>colum</span> <span class='ocrx_word' id='word_1_39' title='bbox 752 973 936 1036; x_wconf 76' lang='lat' dir='ltr'>auctorem.</span> 
     </span>
    </p>
   </div>
   <div class='ocr_carea' id='block_1_3' title="bbox 290 1151 1185 1218">
    <p class='ocr_par' dir='ltr' id='par_1_3' title="bbox 290 1151 1185 1218">
     <span class='ocr_line' id='line_1_6' title="bbox 290 1151 1185 1218; baseline -0.002 -14"><span class='ocrx_word' id='word_1_40' title='bbox 290 1153 334 1204; x_wconf 93' lang='lat' dir='ltr'>iv.</span> <span class='ocrx_word' id='word_1_41' title='bbox 348 1154 389 1205; x_wconf 83' lang='lat' dir='ltr'>ite</span> <span class='ocrx_word' id='word_1_42' title='bbox 402 1151 610 1217; x_wconf 77' lang='lat' dir='ltr'>irregularitate</span> <span class='ocrx_word' id='word_1_43' title='bbox 625 1163 688 1218; x_wconf 82' lang='lat' dir='ltr'>qua</span> <span class='ocrx_word' id='word_1_44' title='bbox 705 1164 739 1206; x_wconf 85' lang='lat' dir='ltr'>ex</span> <span class='ocrx_word' id='word_1_45' title='bbox 755 1151 908 1206; x_wconf 89' lang='lat' dir='ltr'>homicidio</span> <span class='ocrx_word' id='word_1_46' title='bbox 925 1151 1032 1206; x_wconf 80' lang='lat' dir='ltr'>casum</span> <span class='ocrx_word' id='word_1_47' title='bbox 1047 1151 1185 1218; x_wconf 85' lang='lat' dir='ltr'>provenit.</span> 
     </span>
    </p>
   </div>
   <div class='ocr_carea' id='block_1_4' title="bbox 150 1296 1390 1484">
    <p class='ocr_par' dir='ltr' id='par_1_4' title="bbox 150 1296 1390 1484">
     <span class='ocr_line' id='line_1_7' title="bbox 191 1296 1325 1385; baseline -0.002 -23"><span class='ocrx_word' id='word_1_48' title='bbox 191 1298 224 1382; x_wconf 87' lang='lat' dir='ltr'>o)</span> <span class='ocrx_word' id='word_1_49' title='bbox 236 1296 461 1365; x_wconf 72' lang='lat' dir='ltr'>nomicidium</span> <span class='ocrx_word' id='word_1_50' title='bbox 480 1299 626 1377; x_wconf 89' lang='lat' dir='ltr'>caeuale,</span> <span class='ocrx_word' id='word_1_51' title='bbox 644 1317 705 1364; x_wconf 88' lang='lat' dir='ltr'>eeu</span> <span class='ocrx_word' id='word_1_52' title='bbox 729 1301 820 1385; x_wconf 87' lang='lat' dir='ltr'>quod</span> <span class='ocrx_word' id='word_1_53' title='bbox 834 1317 926 1376; x_wconf 89' lang='lat' dir='ltr'>casu,</span> <span class='ocrx_word' id='word_1_54' title='bbox 945 1318 1069 1383; x_wconf 87' lang='lat' dir='ltr'>nempe</span> <span class='ocrx_word' id='word_1_55' title='bbox 1086 1316 1149 1383; x_wconf 91' lang='lat' dir='ltr'>per</span> <span class='ocrx_word' id='word_1_56' title='bbox 1170 1297 1325 1364; x_wconf 88' lang='lat' dir='ltr'>inadver-</span> 
     </span>
     <span class='ocr_line' id='line_1_8' title="bbox 150 1395 1390 1484; baseline -0.001 -19"><span class='ocrx_word' id='word_1_57' title='bbox 150 1402 304 1477; x_wconf 89' lang='lat' dir='ltr'>tentiam,</span> <span class='ocrx_word' id='word_1_58' title='bbox 320 1401 575 1484; x_wconf 87' lang='lat' dir='ltr'>negligentiam,</span> <span class='ocrx_word' id='word_1_59' title='bbox 594 1403 821 1467; x_wconf 76' lang='lat' dir='ltr'>temeritatem</span> <span class='ocrx_word' id='word_1_60' title='bbox 843 1403 917 1467; x_wconf 86' lang='lat' dir='ltr'>sine</span> <span class='ocrx_word' id='word_1_61' title='bbox 930 1401 1121 1467; x_wconf 88' lang='lat' dir='ltr'>intentione</span> <span class='ocrx_word' id='word_1_62' title='bbox 1137 1400 1258 1466; x_wconf 82' lang='lat' dir='ltr'>mortis</span> <span class='ocrx_word' id='word_1_63' title='bbox 1273 1417 1326 1465; x_wconf 91' lang='lat' dir='ltr'>ac·</span> <span class='ocrx_word' id='word_1_64' title='bbox 1388 1395 1390 1400; x_wconf 79' lang='grc'><strong>’</strong></span> 
     </span>
    </p>
   </div>
   <div class='ocr_carea' id='block_1_5' title="bbox 149 1507 1326 2240">
    <p class='ocr_par' dir='ltr' id='par_1_5' title="bbox 149 1507 1326 2240">
     <span class='ocr_line' id='line_1_9' title="bbox 149 1507 1324 1592; baseline -0.002 -19"><span class='ocrx_word' id='word_1_65' title='bbox 149 1507 241 1585; x_wconf 90' lang='lat' dir='ltr'>cidit,</span> <span class='ocrx_word' id='word_1_66' title='bbox 263 1513 315 1572; x_wconf 87' lang='lat' dir='ltr'>est</span> <span class='ocrx_word' id='word_1_67' title='bbox 333 1526 427 1574; x_wconf 89' lang='lat' dir='ltr'>mere</span> <span class='ocrx_word' id='word_1_68' title='bbox 448 1507 584 1574; x_wconf 77' lang='lat' dir='ltr'>casuale</span> <span class='ocrx_word' id='word_1_69' title='bbox 608 1527 669 1574; x_wconf 87' lang='lat' dir='ltr'>eeu</span> <span class='ocrx_word' id='word_1_70' title='bbox 690 1511 831 1576; x_wconf 91' lang='lat' dir='ltr'>omnino</span> <span class='ocrx_word' id='word_1_71' title='bbox 851 1508 1120 1575; x_wconf 87' lang='lat' dir='ltr'>involuntarium</span> <span class='ocrx_word' id='word_1_72' title='bbox 1139 1514 1174 1573; x_wconf 93' lang='lat' dir='ltr'>et</span> <span class='ocrx_word' id='word_1_73' title='bbox 1196 1509 1324 1592; x_wconf 83' lang='lat' dir='ltr'>absque</span> 
     </span>
     <span class='ocr_line' id='line_1_10' title="bbox 151 1614 1326 1701; baseline -0.003 -20"><span class='ocrx_word' id='word_1_74' title='bbox 151 1616 244 1681; x_wconf 91' lang='lat' dir='ltr'>omni</span> <span class='ocrx_word' id='word_1_75' title='bbox 259 1614 368 1700; x_wconf 90' lang='lat' dir='ltr'>culpa,</span> <span class='ocrx_word' id='word_1_76' title='bbox 390 1615 446 1682; x_wconf 88' lang='lat' dir='ltr'>vel</span> <span class='ocrx_word' id='word_1_77' title='bbox 464 1617 600 1683; x_wconf 86' lang='lat' dir='ltr'>casuale</span> <span class='ocrx_word' id='word_1_78' title='bbox 619 1618 777 1694; x_wconf 85' lang='lat' dir='ltr'>mixtum,</span> <span class='ocrx_word' id='word_1_79' title='bbox 800 1636 922 1701; x_wconf 89' lang='lat' dir='ltr'>nempe</span> <span class='ocrx_word' id='word_1_80' title='bbox 941 1616 1033 1701; x_wconf 85' lang='lat' dir='ltr'>quod</span> <span class='ocrx_word' id='word_1_81' title='bbox 1046 1635 1115 1682; x_wconf 93' lang='lat' dir='ltr'>non</span> <span class='ocrx_word' id='word_1_82' title='bbox 1138 1615 1326 1681; x_wconf 87' lang='lat' dir='ltr'>intenditur</span> 
     </span>
     <span class='ocr_line' id='line_1_11' title="bbox 149 1723 1323 1810; baseline -0.001 -22"><span class='ocrx_word' id='word_1_83' title='bbox 149 1723 337 1790; x_wconf 79' lang='lat' dir='ltr'>formaliter</span> <span class='ocrx_word' id='word_1_84' title='bbox 357 1725 394 1790; x_wconf 93' lang='lat' dir='ltr'>in</span> <span class='ocrx_word' id='word_1_85' title='bbox 416 1726 540 1809; x_wconf 87' lang='lat' dir='ltr'>seipso,</span> <span class='ocrx_word' id='word_1_86' title='bbox 564 1743 628 1790; x_wconf 92' lang='lat' dir='ltr'>nec</span> <span class='ocrx_word' id='word_1_87' title='bbox 646 1724 891 1810; x_wconf 82' lang='lat' dir='ltr'>aequivelenter</span> <span class='ocrx_word' id='word_1_88' title='bbox 907 1725 965 1790; x_wconf 89' lang='lat' dir='ltr'>vel</span> <span class='ocrx_word' id='word_1_89' title='bbox 982 1725 1018 1788; x_wconf 92' lang='lat' dir='ltr'>in</span> <span class='ocrx_word' id='word_1_90' title='bbox 1036 1741 1140 1789; x_wconf 89' lang='lat' dir='ltr'>causa</span> <span class='ocrx_word' id='word_1_91' title='bbox 1156 1724 1323 1807; x_wconf 83' lang='lat' dir='ltr'>proxima,</span> 
     </span>
     <span class='ocr_line' id='line_1_12' title="bbox 149 1829 1325 1917; baseline -0.002 -22"><span class='ocrx_word' id='word_1_92' title='bbox 149 1831 276 1897; x_wconf 84' lang='lat' dir='ltr'>Tamen</span> <span class='ocrx_word' id='word_1_93' title='bbox 298 1837 351 1897; x_wconf 87' lang='lat' dir='ltr'>eat</span> <span class='ocrx_word' id='word_1_94' title='bbox 364 1833 527 1898; x_wconf 88' lang='lat' dir='ltr'>indirecte</span> <span class='ocrx_word' id='word_1_95' title='bbox 541 1832 785 1912; x_wconf 88' lang='lat' dir='ltr'>voluntarium,</span> <span class='ocrx_word' id='word_1_96' title='bbox 803 1833 882 1917; x_wconf 86' lang='lat' dir='ltr'>quia</span> <span class='ocrx_word' id='word_1_97' title='bbox 894 1831 1020 1915; x_wconf 88' lang='lat' dir='ltr'>aliquid</span> <span class='ocrx_word' id='word_1_98' title='bbox 1034 1831 1257 1897; x_wconf 88' lang='lat' dir='ltr'>committitur</span> <span class='ocrx_word' id='word_1_99' title='bbox 1269 1829 1325 1894; x_wconf 80' lang='lat' dir='ltr'>vel</span> 
     </span>
     <span class='ocr_line' id='line_1_13' title="bbox 149 1938 1323 2026; baseline -0.001 -19"><span class='ocrx_word' id='word_1_100' title='bbox 149 1941 318 2007; x_wconf 88' lang='lat' dir='ltr'>omittitur</span> <span class='ocrx_word' id='word_1_101' title='bbox 332 1960 375 2006; x_wconf 81' lang='lat' dir='ltr'>ex</span> <span class='ocrx_word' id='word_1_102' title='bbox 387 1960 455 2026; x_wconf 89' lang='lat' dir='ltr'>quo</span> <span class='ocrx_word' id='word_1_103' title='bbox 466 1961 560 2008; x_wconf 82' lang='lat' dir='ltr'>mors</span> <span class='ocrx_word' id='word_1_104' title='bbox 576 1946 736 2007; x_wconf 80' lang='lat' dir='ltr'>secutura</span> <span class='ocrx_word' id='word_1_105' title='bbox 749 1940 935 2026; x_wconf 75' lang='lat' dir='ltr'>praevidere</span> <span class='ocrx_word' id='word_1_106' title='bbox 950 1943 1065 2023; x_wconf 86' lang='lat' dir='ltr'>potest</span> <span class='ocrx_word' id='word_1_107' title='bbox 1080 1944 1116 2004; x_wconf 91' lang='lat' dir='ltr'>et</span> <span class='ocrx_word' id='word_1_108' title='bbox 1129 1941 1240 2005; x_wconf 91' lang='lat' dir='ltr'>debet.</span> <span class='ocrx_word' id='word_1_109' title='bbox 1257 1938 1323 2006; x_wconf 88' lang='lat' dir='ltr'>lta·</span> 
     </span>
     <span class='ocr_line' id='line_1_14' title="bbox 149 2047 1324 2135; baseline -0.002 -21"><span class='ocrx_word' id='word_1_110' title='bbox 149 2067 217 2133; x_wconf 88' lang='lat' dir='ltr'>que</span> <span class='ocrx_word' id='word_1_111' title='bbox 245 2069 289 2115; x_wconf 84' lang='lat' dir='ltr'>ex</span> <span class='ocrx_word' id='word_1_112' title='bbox 313 2048 386 2117; x_wconf 86' lang='lat' dir='ltr'>eolo</span> <span class='ocrx_word' id='word_1_113' title='bbox 407 2050 535 2116; x_wconf 83' lang='lat' dir='ltr'>casuali</span> <span class='ocrx_word' id='word_1_114' title='bbox 559 2051 667 2117; x_wconf 85' lang='lat' dir='ltr'>mixto</span> <span class='ocrx_word' id='word_1_115' title='bbox 692 2050 875 2135; x_wconf 90' lang='lat' dir='ltr'>provenire</span> <span class='ocrx_word' id='word_1_116' title='bbox 901 2053 1018 2133; x_wconf 90' lang='lat' dir='ltr'>poteet</span> <span class='ocrx_word' id='word_1_117' title='bbox 1038 2047 1270 2132; x_wconf 80' lang='lat' dir='ltr'>irregularitas</span> <span class='ocrx_word' id='word_1_118' title='bbox 1287 2048 1324 2112; x_wconf 93' lang='lat' dir='ltr'>in</span> 
     </span>
     <span class='ocr_line' id='line_1_15' title="bbox 152 2174 276 2240; baseline 0.008 -18"><span class='ocrx_word' id='word_1_119' title='bbox 152 2174 276 2240; x_wconf 80' lang='lat' dir='ltr'>specie.</span> 
     </span>
    </p>
   </div>
   <div class='ocr_carea' id='block_1_6' title="bbox 190 2265 1456 2354">
    <p class='ocr_par' dir='ltr' id='par_1_6' title="bbox 190 2265 1456 2354">
     <span class='ocr_line' id='line_1_16' title="bbox 190 2265 1456 2354; baseline 0 -21"><span class='ocrx_word' id='word_1_120' title='bbox 190 2270 221 2333; x_wconf 77' lang='lat' dir='ltr'>i⁰</span> <span class='ocrx_word' id='word_1_121' title='bbox 236 2269 269 2334; x_wconf 88' lang='lat' dir='ltr'>si</span> <span class='ocrx_word' id='word_1_122' title='bbox 291 2270 367 2353; x_wconf 88' lang='lat' dir='ltr'>quie</span> <span class='ocrx_word' id='word_1_123' title='bbox 387 2269 436 2336; x_wconf 89' lang='lat' dir='ltr'>rei</span> <span class='ocrx_word' id='word_1_124' title='bbox 455 2269 555 2336; x_wconf 79' lang='lat' dir='ltr'>licitae</span> <span class='ocrx_word' id='word_1_125' title='bbox 569 2285 710 2354; x_wconf 83' lang='lat' dir='ltr'>operam</span> <span class='ocrx_word' id='word_1_126' title='bbox 725 2268 866 2346; x_wconf 85' lang='lat' dir='ltr'>dederit,</span> <span class='ocrx_word' id='word_1_127' title='bbox 885 2267 1102 2352; x_wconf 86' lang='lat' dir='ltr'>debitamque</span> <span class='ocrx_word' id='word_1_128' title='bbox 1114 2265 1324 2350; x_wconf 85' lang='lat' dir='ltr'>diligentiam</span> <span class='ocrx_word' id='word_1_129' title='bbox 1452 2343 1456 2352; x_wconf 31' lang='lat'>¹</span> 
     </span>
    </p>
   </div>
   <div class='ocr_carea' id='block_1_7' title="bbox 119 2374 1414 4730">
    <p class='ocr_par' dir='ltr' id='par_1_7' title="bbox 119 2374 1414 3215">
     <span class='ocr_line' id='line_1_17' title="bbox 149 2374 1325 2461; baseline 0 -19"><span class='ocrx_word' id='word_1_130' title='bbox 149 2375 394 2444; x_wconf 87' lang='lat' dir='ltr'>adbibueritad</span> <span class='ocrx_word' id='word_1_131' title='bbox 403 2377 581 2444; x_wconf 88' lang='lat' dir='ltr'>vitandum</span> <span class='ocrx_word' id='word_1_132' title='bbox 590 2377 780 2461; x_wconf 86' lang='lat' dir='ltr'>perieulum</span> <span class='ocrx_word' id='word_1_133' title='bbox 791 2378 922 2455; x_wconf 82' lang='lat' dir='ltr'>morlia,</span> <span class='ocrx_word' id='word_1_134' title='bbox 931 2377 1004 2440; x_wconf 86' lang='lat' dir='ltr'>eine</span> <span class='ocrx_word' id='word_1_135' title='bbox 1017 2374 1325 2459; x_wconf 84' lang='lat' dir='ltr'>dubioirreguleta-</span> 
     </span>
     <span class='ocr_line' id='line_1_18' title="bbox 147 2483 1324 2568; baseline 0.003 -21"><span class='ocrx_word' id='word_1_136' title='bbox 147 2487 217 2550; x_wconf 91' lang='lat' dir='ltr'>tem</span> <span class='ocrx_word' id='word_1_137' title='bbox 234 2503 305 2564; x_wconf 85' lang='lat' dir='ltr'>non</span> <span class='ocrx_word' id='word_1_138' title='bbox 318 2487 497 2564; x_wconf 86' lang='lat' dir='ltr'>contrahit,</span> <span class='ocrx_word' id='word_1_139' title='bbox 507 2491 642 2552; x_wconf 87' lang='lat' dir='ltr'>constat</span> <span class='ocrx_word' id='word_1_140' title='bbox 655 2503 732 2550; x_wconf 84' lang='lat' dir='ltr'>exc.</span> <span class='ocrx_word' id='word_1_141' title='bbox 748 2486 787 2550; x_wconf 77' lang='lat'>13</span> <span class='ocrx_word' id='word_1_142' title='bbox 800 2486 872 2568; x_wconf 85' lang='lat' dir='ltr'>huj.</span> <span class='ocrx_word' id='word_1_143' title='bbox 885 2485 934 2548; x_wconf 89' lang='lat' dir='ltr'>tit.</span> <span class='ocrx_word' id='word_1_144' title='bbox 951 2483 1223 2568; x_wconf 88' lang='lat' dir='ltr'>nullemculpam</span> <span class='ocrx_word' id='word_1_145' title='bbox 1231 2485 1324 2551; x_wconf 89' lang='lat' dir='ltr'>theo-</span> 
     </span>
     <span class='ocr_line' id='line_1_19' title="bbox 144 2573 1414 2678; baseline 0.001 -21"><span class='ocrx_word' id='word_1_146' title='bbox 144 2577 1322 2678; x_wconf 82' lang='lat' dir='ltr'>logicamveljuridic&#39;amesaeinagente.lluiepertinethomicidiumab</span> <span class='ocrx_word' id='word_1_147' title='bbox 1411 2573 1414 2580; x_wconf 40' lang='lat'><strong>⁴</strong></span> 
     </span>
     <span class='ocr_line' id='line_1_20' title="bbox 119 2683 1320 2788; baseline -0.002 -22"><span class='ocrx_word' id='word_1_148' title='bbox 119 2683 122 2690; x_wconf 46' lang='lat'>¹</span> <span class='ocrx_word' id='word_1_149' title='bbox 149 2702 291 2781; x_wconf 80' lang='lat' dir='ltr'>infante,</span> <span class='ocrx_word' id='word_1_150' title='bbox 306 2704 436 2770; x_wconf 83' lang='lat' dir='ltr'>furioso</span> <span class='ocrx_word' id='word_1_151' title='bbox 450 2704 561 2770; x_wconf 88' lang='lat' dir='ltr'>aliove</span> <span class='ocrx_word' id='word_1_152' title='bbox 577 2704 635 2788; x_wconf 89' lang='lat' dir='ltr'>qui</span> <span class='ocrx_word' id='word_1_153' title='bbox 649 2722 719 2769; x_wconf 94' lang='lat' dir='ltr'>non</span> <span class='ocrx_word' id='word_1_154' title='bbox 734 2703 840 2787; x_wconf 89' lang='lat' dir='ltr'>pollet</span> <span class='ocrx_word' id='word_1_155' title='bbox 853 2703 994 2768; x_wconf 81' lang='lat' dir='ltr'>rationis</span> <span class='ocrx_word' id='word_1_156' title='bbox 1008 2721 1074 2766; x_wconf 84' lang='lat' dir='ltr'>usu</span> <span class='ocrx_word' id='word_1_157' title='bbox 1086 2703 1320 2767; x_wconf 85' lang='lat' dir='ltr'>commissum.</span> 
     </span>
     <span class='ocr_line' id='line_1_21' title="bbox 146 2807 1319 2894; baseline 0.002 -22"><span class='ocrx_word' id='word_1_158' title='bbox 146 2807 182 2873; x_wconf 90' lang='lat' dir='ltr'>Si</span> <span class='ocrx_word' id='word_1_159' title='bbox 194 2810 306 2876; x_wconf 81' lang='lat' dir='ltr'>inians</span> <span class='ocrx_word' id='word_1_160' title='bbox 320 2812 434 2877; x_wconf 90' lang='lat' dir='ltr'>minor</span> <span class='ocrx_word' id='word_1_161' title='bbox 446 2812 550 2876; x_wconf 85' lang='lat' dir='ltr'>fuerit</span> <span class='ocrx_word' id='word_1_162' title='bbox 564 2811 755 2894; x_wconf 87' lang='lat' dir='ltr'>septennio,</span> <span class='ocrx_word' id='word_1_163' title='bbox 776 2829 847 2876; x_wconf 93' lang='lat' dir='ltr'>non</span> <span class='ocrx_word' id='word_1_164' title='bbox 867 2810 1009 2875; x_wconf 87' lang='lat' dir='ltr'>incurrit</span> <span class='ocrx_word' id='word_1_165' title='bbox 1024 2807 1319 2891; x_wconf 81' lang='lat' dir='ltr'>irregularitatem.</span> 
     </span>
     <span class='ocr_line' id='line_1_22' title="bbox 144 2915 1322 3003; baseline -0.001 -20"><span class='ocrx_word' id='word_1_166' title='bbox 144 2915 282 2994; x_wconf 81' lang='lat' dir='ltr'>Tamen,</span> <span class='ocrx_word' id='word_1_167' title='bbox 310 2919 338 2982; x_wconf 86' lang='lat' dir='ltr'>si</span> <span class='ocrx_word' id='word_1_168' title='bbox 359 2918 499 3003; x_wconf 91' lang='lat' dir='ltr'>plenum</span> <span class='ocrx_word' id='word_1_169' title='bbox 517 2923 639 2984; x_wconf 90' lang='lat' dir='ltr'>nactus</span> <span class='ocrx_word' id='word_1_170' title='bbox 660 2917 782 2982; x_wconf 85' lang='lat' dir='ltr'>luisset</span> <span class='ocrx_word' id='word_1_171' title='bbox 801 2916 942 2982; x_wconf 86' lang='lat' dir='ltr'>rationis</span> <span class='ocrx_word' id='word_1_172' title='bbox 965 2934 1067 2981; x_wconf 87' lang='lat' dir='ltr'>usum</span> <span class='ocrx_word' id='word_1_173' title='bbox 1091 2921 1125 2982; x_wconf 93' lang='lat' dir='ltr'>et</span> <span class='ocrx_word' id='word_1_174' title='bbox 1145 2917 1322 2982; x_wconf 90' lang='lat' dir='ltr'>interitum</span> 
     </span>
     <span class='ocr_line' id='line_1_23' title="bbox 145 3023 1322 3110; baseline -0.001 -20"><span class='ocrx_word' id='word_1_175' title='bbox 145 3023 288 3090; x_wconf 83' lang='lat' dir='ltr'>alterius</span> <span class='ocrx_word' id='word_1_176' title='bbox 301 3027 514 3110; x_wconf 79' lang='lat' dir='ltr'>patravisset,</span> <span class='ocrx_word' id='word_1_177' title='bbox 538 3027 713 3109; x_wconf 81' lang='lat' dir='ltr'>disputant</span> <span class='ocrx_word' id='word_1_178' title='bbox 726 3023 792 3088; x_wconf 87' lang='lat' dir='ltr'>DD.</span> <span class='ocrx_word' id='word_1_179' title='bbox 814 3023 989 3089; x_wconf 86' lang='lat' dir='ltr'>Sententia</span> <span class='ocrx_word' id='word_1_180' title='bbox 1006 3023 1180 3089; x_wconf 76' lang='lat' dir='ltr'>affirmans</span> <span class='ocrx_word' id='word_1_181' title='bbox 1199 3023 1236 3089; x_wconf 92' lang='lat' dir='ltr'>in</span> <span class='ocrx_word' id='word_1_182' title='bbox 1256 3024 1322 3089; x_wconf 92' lang='lat' dir='ltr'>hoc</span> 
     </span>
     <span class='ocr_line' id='line_1_24' title="bbox 145 3129 1266 3215; baseline -0.002 -17"><span class='ocrx_word' id='word_1_183' title='bbox 145 3148 227 3198; x_wconf 84' lang='lat' dir='ltr'>casu</span> <span class='ocrx_word' id='word_1_184' title='bbox 243 3131 530 3214; x_wconf 80' lang='lat' dir='ltr'>irregularitatem</span> <span class='ocrx_word' id='word_1_185' title='bbox 543 3131 696 3197; x_wconf 90' lang='lat' dir='ltr'>contrahi</span> <span class='ocrx_word' id='word_1_186' title='bbox 710 3135 764 3196; x_wconf 89' lang='lat' dir='ltr'>est</span> <span class='ocrx_word' id='word_1_187' title='bbox 777 3132 991 3196; x_wconf 90' lang='lat' dir='ltr'>communior</span> <span class='ocrx_word' id='word_1_188' title='bbox 1004 3137 1039 3196; x_wconf 88' lang='lat' dir='ltr'>et</span> <span class='ocrx_word' id='word_1_189' title='bbox 1050 3129 1266 3215; x_wconf 89' lang='lat' dir='ltr'>probabilior.</span> 
     </span>
    </p>

    <p class='ocr_par' dir='ltr' id='par_1_8' title="bbox 142 3232 1407 3758">
     <span class='ocr_line' id='line_1_25' title="bbox 185 3232 1407 3332; baseline -0.005 -28"><span class='ocrx_word' id='word_1_190' title='bbox 185 3241 219 3304; x_wconf 66' lang='lat'>9⁰</span> <span class='ocrx_word' id='word_1_191' title='bbox 233 3232 267 3304; x_wconf 84' lang='lat' dir='ltr'>ai</span> <span class='ocrx_word' id='word_1_192' title='bbox 283 3242 358 3326; x_wconf 83' lang='lat' dir='ltr'>quic</span> <span class='ocrx_word' id='word_1_193' title='bbox 372 3241 408 3306; x_wconf 91' lang='lat' dir='ltr'>in</span> <span class='ocrx_word' id='word_1_194' title='bbox 421 3259 459 3306; x_wconf 90' lang='lat' dir='ltr'>re</span> <span class='ocrx_word' id='word_1_195' title='bbox 473 3259 535 3323; x_wconf 91' lang='lat' dir='ltr'>per</span> <span class='ocrx_word' id='word_1_196' title='bbox 549 3259 586 3306; x_wconf 85' lang='lat' dir='ltr'>ae</span> <span class='ocrx_word' id='word_1_197' title='bbox 599 3241 691 3306; x_wconf 89' lang='lat' dir='ltr'>licita</span> <span class='ocrx_word' id='word_1_198' title='bbox 704 3240 1065 3332; x_wconf 82' lang='lat' dir='ltr'>peragendaveraatus</span> <span class='ocrx_word' id='word_1_199' title='bbox 1077 3239 1190 3316; x_wconf 85' lang='lat' dir='ltr'>luerit,</span> <span class='ocrx_word' id='word_1_200' title='bbox 1207 3239 1321 3306; x_wconf 90' lang='lat' dir='ltr'>autad</span> <span class='ocrx_word' id='word_1_201' title='bbox 1406 3295 1407 3298; x_wconf 74' lang='grc'>,</span> 
     </span>
     <span class='ocr_line' id='line_1_26' title="bbox 144 3347 1321 3434; baseline -0.003 -20"><span class='ocrx_word' id='word_1_202' title='bbox 144 3347 341 3434; x_wconf 84' lang='lat' dir='ltr'>hujusmodi</span> <span class='ocrx_word' id='word_1_203' title='bbox 352 3351 521 3415; x_wconf 89' lang='lat' dir='ltr'>actionem</span> <span class='ocrx_word' id='word_1_204' title='bbox 530 3350 758 3415; x_wconf 86' lang='lat' dir='ltr'>exercendam</span> <span class='ocrx_word' id='word_1_205' title='bbox 770 3348 915 3415; x_wconf 89' lang='lat' dir='ltr'>alterurn</span> <span class='ocrx_word' id='word_1_206' title='bbox 922 3350 1096 3426; x_wconf 90' lang='lat' dir='ltr'>mandato,</span> <span class='ocrx_word' id='word_1_207' title='bbox 1105 3347 1246 3414; x_wconf 85' lang='lat' dir='ltr'>consilio</span> <span class='ocrx_word' id='word_1_208' title='bbox 1261 3351 1321 3413; x_wconf 94' lang='lat' dir='ltr'>aut</span> 
     </span>
     <span class='ocr_line' id='line_1_27' title="bbox 143 3454 1321 3542; baseline -0.005 -18"><span class='ocrx_word' id='word_1_209' title='bbox 143 3457 208 3524; x_wconf 89' lang='lat' dir='ltr'>alio</span> <span class='ocrx_word' id='word_1_210' title='bbox 224 3458 345 3542; x_wconf 69' lang='lat' dir='ltr'>quana</span> <span class='ocrx_word' id='word_1_211' title='bbox 360 3457 463 3523; x_wconf 91' lang='lat' dir='ltr'>modo</span> <span class='ocrx_word' id='word_1_212' title='bbox 482 3457 666 3535; x_wconf 88' lang='lat' dir='ltr'>induxerit,</span> <span class='ocrx_word' id='word_1_213' title='bbox 693 3461 728 3522; x_wconf 90' lang='lat' dir='ltr'>et</span> <span class='ocrx_word' id='word_1_214' title='bbox 745 3457 972 3523; x_wconf 82' lang='lat' dir='ltr'>sufficientem</span> <span class='ocrx_word' id='word_1_215' title='bbox 984 3454 1154 3522; x_wconf 89' lang='lat' dir='ltr'>cautelam</span> <span class='ocrx_word' id='word_1_216' title='bbox 1174 3473 1213 3520; x_wconf 89' lang='lat' dir='ltr'>ac</span> <span class='ocrx_word' id='word_1_217' title='bbox 1228 3455 1321 3520; x_wconf 89' lang='lat' dir='ltr'>debi-</span> 
     </span>
     <span class='ocr_line' id='line_1_28' title="bbox 144 3562 1320 3649; baseline -0.005 -17"><span class='ocrx_word' id='word_1_218' title='bbox 144 3569 213 3632; x_wconf 87' lang='lat' dir='ltr'>tam</span> <span class='ocrx_word' id='word_1_219' title='bbox 227 3565 436 3649; x_wconf 90' lang='lat' dir='ltr'>diligentiam</span> <span class='ocrx_word' id='word_1_220' title='bbox 455 3583 525 3632; x_wconf 92' lang='lat' dir='ltr'>non</span> <span class='ocrx_word' id='word_1_221' title='bbox 540 3564 743 3642; x_wconf 88' lang='lat' dir='ltr'>adhibuerit,</span> <span class='ocrx_word' id='word_1_222' title='bbox 754 3563 950 3648; x_wconf 86' lang='lat' dir='ltr'>irregularia</span> <span class='ocrx_word' id='word_1_223' title='bbox 966 3564 1090 3646; x_wconf 88' lang='lat' dir='ltr'>avadit,</span> <span class='ocrx_word' id='word_1_224' title='bbox 1105 3565 1131 3628; x_wconf 85' lang='lat' dir='ltr'>ei</span> <span class='ocrx_word' id='word_1_225' title='bbox 1148 3583 1241 3632; x_wconf 90' lang='lat' dir='ltr'>more</span> <span class='ocrx_word' id='word_1_226' title='bbox 1261 3562 1320 3629; x_wconf 87' lang='lat' dir='ltr'>eli-</span> 
     </span>
     <span class='ocr_line' id='line_1_29' title="bbox 142 3673 936 3758; baseline -0.005 -20"><span class='ocrx_word' id='word_1_227' title='bbox 142 3675 239 3758; x_wconf 80' lang='lat' dir='ltr'>cujua</span> <span class='ocrx_word' id='word_1_228' title='bbox 254 3679 370 3740; x_wconf 82' lang='lat' dir='ltr'>secuta</span> <span class='ocrx_word' id='word_1_229' title='bbox 384 3674 429 3738; x_wconf 86' lang='lat' dir='ltr'>sit</span> <span class='ocrx_word' id='word_1_230' title='bbox 444 3693 453 3737; x_wconf 75' lang='grc' dir='ltr'><em>τ</em></span> <span class='ocrx_word' id='word_1_231' title='bbox 466 3676 601 3739; x_wconf 83' lang='lat' dir='ltr'>constat</span> <span class='ocrx_word' id='word_1_232' title='bbox 616 3691 659 3737; x_wconf 85' lang='lat' dir='ltr'>ex</span> <span class='ocrx_word' id='word_1_233' title='bbox 675 3690 704 3738; x_wconf 93' lang='lat' dir='ltr'>c.</span> <span class='ocrx_word' id='word_1_234' title='bbox 721 3674 751 3750; x_wconf 81' lang='lat' dir='ltr'>i,</span> <span class='ocrx_word' id='word_1_235' title='bbox 766 3673 875 3756; x_wconf 78' lang='lat' dir='ltr'>8huj.</span> <span class='ocrx_word' id='word_1_236' title='bbox 886 3673 936 3736; x_wconf 88' lang='lat' dir='ltr'>tit.</span> 
     </span>
    </p>

    <p class='ocr_par' dir='ltr' id='par_1_9' title="bbox 141 3777 1320 4401">
     <span class='ocr_line' id='line_1_30' title="bbox 180 3777 1320 3867; baseline -0.002 -21"><span class='ocrx_word' id='word_1_237' title='bbox 180 3779 290 3864; x_wconf 81' lang='lat' dir='ltr'>b)‹Sed</span> <span class='ocrx_word' id='word_1_238' title='bbox 314 3781 532 3867; x_wconf 85' lang='lat' dir='ltr'>quandonam</span> <span class='ocrx_word' id='word_1_239' title='bbox 556 3779 670 3844; x_wconf 88' lang='lat' dir='ltr'>debita</span> <span class='ocrx_word' id='word_1_240' title='bbox 696 3777 872 3862; x_wconf 85' lang='lat' dir='ltr'>diligentia</span> <span class='ocrx_word' id='word_1_241' title='bbox 892 3780 1046 3848; x_wconf 81' lang='lat' dir='ltr'>nonfuit</span> <span class='ocrx_word' id='word_1_242' title='bbox 1069 3781 1237 3847; x_wconf 80' lang='lat' dir='ltr'>adhibita?</span> <span class='ocrx_word' id='word_1_243' title='bbox 1261 3779 1320 3845; x_wconf 88' lang='lat' dir='ltr'>Est</span> 
     </span>
     <span class='ocr_line' id='line_1_31' title="bbox 142 3886 1318 3973; baseline -0.001 -18"><span class='ocrx_word' id='word_1_244' title='bbox 142 3891 256 3972; x_wconf 84' lang='lat' dir='ltr'>gravis</span> <span class='ocrx_word' id='word_1_245' title='bbox 271 3889 425 3973; x_wconf 84' lang='lat' dir='ltr'>quaestio,</span> <span class='ocrx_word' id='word_1_246' title='bbox 447 3890 482 3953; x_wconf 91' lang='lat' dir='ltr'>in</span> <span class='ocrx_word' id='word_1_247' title='bbox 502 3906 569 3972; x_wconf 88' lang='lat' dir='ltr'>qua</span> <span class='ocrx_word' id='word_1_248' title='bbox 589 3887 755 3953; x_wconf 87' lang='lat' dir='ltr'>solvenda</span> <span class='ocrx_word' id='word_1_249' title='bbox 773 3886 873 3952; x_wconf 89' lang='lat' dir='ltr'>valde</span> <span class='ocrx_word' id='word_1_250' title='bbox 894 3888 1100 3953; x_wconf 82' lang='lat' dir='ltr'>dissentiunt</span> <span class='ocrx_word' id='word_1_251' title='bbox 1117 3887 1182 3954; x_wconf 79' lang='lat' dir='ltr'>iii).</span> <span class='ocrx_word' id='word_1_252' title='bbox 1203 3889 1253 3953; x_wconf 84' lang='lat' dir='ltr'>hd</span> <span class='ocrx_word' id='word_1_253' title='bbox 1267 3889 1318 3955; x_wconf 88' lang='lat' dir='ltr'>in-</span> 
     </span>
     <span class='ocr_line' id='line_1_32' title="bbox 141 3995 1317 4080; baseline -0.001 -18"><span class='ocrx_word' id='word_1_254' title='bbox 141 3997 344 4063; x_wconf 90' lang='lat' dir='ltr'>currendam</span> <span class='ocrx_word' id='word_1_255' title='bbox 357 3997 643 4078; x_wconf 87' lang='lat' dir='ltr'>irregularitatem</span> <span class='ocrx_word' id='word_1_256' title='bbox 657 3996 973 4080; x_wconf 79' lang='lat' dir='ltr'>praerequiruntalii</span> <span class='ocrx_word' id='word_1_257' title='bbox 987 3995 1122 4079; x_wconf 90' lang='lat' dir='ltr'>culpam</span> <span class='ocrx_word' id='word_1_258' title='bbox 1136 3997 1317 4079; x_wconf 85' lang='lat' dir='ltr'>juridicam</span> 
     </span>
     <span class='ocr_line' id='line_1_33' title="bbox 142 4091 1318 4188; baseline -0.001 -19"><span class='ocrx_word' id='word_1_259' title='bbox 142 4121 203 4170; x_wconf 84' lang='lat' dir='ltr'>eeu</span> <span class='ocrx_word' id='word_1_260' title='bbox 215 4104 252 4169; x_wconf 89' lang='lat' dir='ltr'>in</span> <span class='ocrx_word' id='word_1_261' title='bbox 264 4106 337 4171; x_wconf 85' lang='lat' dir='ltr'>loro</span> <span class='ocrx_word' id='word_1_262' title='bbox 351 4109 492 4171; x_wconf 87' lang='lat' dir='ltr'>externo</span> <span class='ocrx_word' id='word_1_263' title='bbox 507 4104 631 4181; x_wconf 87' lang='lat' dir='ltr'>latam;</span> <span class='ocrx_word' id='word_1_264' title='bbox 649 4104 704 4169; x_wconf 89' lang='lat' dir='ltr'>alii</span> <span class='ocrx_word' id='word_1_265' title='bbox 721 4110 791 4168; x_wconf 91' lang='lat' dir='ltr'>tam</span> <span class='ocrx_word' id='word_1_266' title='bbox 803 4091 917 4168; x_wconf 86' lang='lat' dir='ltr'>levem</span> <span class='ocrx_word' id='word_1_267' title='bbox 930 4122 1032 4188; x_wconf 83' lang='lat' dir='ltr'>quam</span> <span class='ocrx_word' id='word_1_268' title='bbox 1049 4102 1173 4180; x_wconf 88' lang='lat' dir='ltr'>latam;</span> <span class='ocrx_word' id='word_1_269' title='bbox 1190 4103 1247 4169; x_wconf 92' lang='lat' dir='ltr'>elii</span> <span class='ocrx_word' id='word_1_270' title='bbox 1262 4104 1318 4169; x_wconf 89' lang='lat' dir='ltr'>de-</span> 
     </span>
     <span class='ocr_line' id='line_1_34' title="bbox 141 4206 1318 4297; baseline -0.002 -20"><span class='ocrx_word' id='word_1_271' title='bbox 141 4212 244 4297; x_wconf 89' lang='lat' dir='ltr'>nique</span> <span class='ocrx_word' id='word_1_272' title='bbox 256 4206 466 4278; x_wconf 85' lang='lat' dir='ltr'>levissimam</span> <span class='ocrx_word' id='word_1_273' title='bbox 480 4216 624 4289; x_wconf 89' lang='lat' dir='ltr'>tantum,</span> <span class='ocrx_word' id='word_1_274' title='bbox 646 4213 675 4276; x_wconf 83' lang='lat' dir='ltr'>ei</span> <span class='ocrx_word' id='word_1_275' title='bbox 695 4213 739 4278; x_wconf 89' lang='lat' dir='ltr'>ait</span> <span class='ocrx_word' id='word_1_276' title='bbox 759 4213 795 4277; x_wconf 92' lang='lat' dir='ltr'>in</span> <span class='ocrx_word' id='word_1_277' title='bbox 807 4211 1067 4289; x_wconf 90' lang='lat' dir='ltr'>committendo;</span> <span class='ocrx_word' id='word_1_278' title='bbox 1093 4210 1204 4276; x_wconf 85' lang='lat' dir='ltr'>sedin</span> <span class='ocrx_word' id='word_1_279' title='bbox 1219 4212 1318 4277; x_wconf 90' lang='lat' dir='ltr'>omit-</span> 
     </span>
     <span class='ocr_line' id='line_1_35' title="bbox 142 4318 1153 4401; baseline -0.001 -18"><span class='ocrx_word' id='word_1_280' title='bbox 142 4319 244 4386; x_wconf 90' lang='lat' dir='ltr'>tendo</span> <span class='ocrx_word' id='word_1_281' title='bbox 258 4337 329 4386; x_wconf 93' lang='lat' dir='ltr'>non</span> <span class='ocrx_word' id='word_1_282' title='bbox 341 4319 497 4384; x_wconf 86' lang='lat' dir='ltr'>sufficere</span> <span class='ocrx_word' id='word_1_283' title='bbox 517 4319 560 4383; x_wconf 90' lang='lat' dir='ltr'>ad</span> <span class='ocrx_word' id='word_1_284' title='bbox 578 4318 863 4401; x_wconf 88' lang='lat' dir='ltr'>irregularitatem</span> <span class='ocrx_word' id='word_1_285' title='bbox 877 4319 1153 4385; x_wconf 89' lang='lat' dir='ltr'>contrahendam.</span> 
     </span>
    </p>

    <p class='ocr_par' dir='ltr' id='par_1_10' title="bbox 141 4427 1316 4620">
     <span class='ocr_line' id='line_1_36' title="bbox 155 4427 1316 4514; baseline -0.004 -17"><span class='ocrx_word' id='word_1_286' title='bbox 155 4493 158 4498; x_wconf 91' lang='grc'><em>,</em></span> <span class='ocrx_word' id='word_1_287' title='bbox 181 4427 475 4513; x_wconf 81' lang='lat' dir='ltr'>Sedquidquidait</span> <span class='ocrx_word' id='word_1_288' title='bbox 490 4427 803 4512; x_wconf 88' lang='lat' dir='ltr'>deculpajuridica,</span> <span class='ocrx_word' id='word_1_289' title='bbox 820 4434 953 4494; x_wconf 89' lang='lat' dir='ltr'>certum</span> <span class='ocrx_word' id='word_1_290' title='bbox 964 4433 1015 4495; x_wconf 87' lang='lat' dir='ltr'>eat</span> <span class='ocrx_word' id='word_1_291' title='bbox 1028 4427 1120 4512; x_wconf 86' lang='lat' dir='ltr'>quod</span> <span class='ocrx_word' id='word_1_292' title='bbox 1133 4429 1316 4514; x_wconf 88' lang='lat' dir='ltr'>requiritur</span> 
     </span>
     <span class='ocr_line' id='line_1_37' title="bbox 141 4523 1120 4620; baseline -0.001 -16"><span class='ocrx_word' id='word_1_293' title='bbox 141 4537 244 4604; x_wconf 89' lang='lat' dir='ltr'>etium</span> <span class='ocrx_word' id='word_1_294' title='bbox 254 4537 356 4620; x_wconf 92' lang='lat' dir='ltr'>culpa</span> <span class='ocrx_word' id='word_1_295' title='bbox 371 4536 542 4619; x_wconf 90' lang='lat' dir='ltr'>thologica</span> <span class='ocrx_word' id='word_1_296' title='bbox 557 4555 618 4601; x_wconf 85' lang='lat' dir='ltr'>eeu</span> <span class='ocrx_word' id='word_1_297' title='bbox 633 4536 670 4600; x_wconf 92' lang='lat' dir='ltr'>in</span> <span class='ocrx_word' id='word_1_298' title='bbox 683 4537 758 4602; x_wconf 89' lang='lat' dir='ltr'>ioro</span> <span class='ocrx_word' id='word_1_299' title='bbox 773 4538 1000 4603; x_wconf 79' lang='lat' dir='ltr'>conscientia.</span> <span class='ocrx_word' id='word_1_300' title='bbox 1118 4523 1120 4526; x_wconf 35' lang='lat'>⁵</span> 
     </span>
    </p>

    <p class='ocr_par' dir='ltr' id='par_1_11' title="bbox 176 4642 1316 4730">
     <span class='ocr_line' id='line_1_38' title="bbox 176 4642 1316 4730; baseline -0.007 -12"><span class='ocrx_word' id='word_1_301' title='bbox 176 4642 302 4718; x_wconf 74' lang='lat' dir='ltr'>Verum</span> <span class='ocrx_word' id='word_1_302' title='bbox 322 4644 551 4730; x_wconf 87' lang='lat' dir='ltr'>requiriturne</span> <span class='ocrx_word' id='word_1_303' title='bbox 577 4645 677 4727; x_wconf 88' lang='lat' dir='ltr'>culpa</span> <span class='ocrx_word' id='word_1_304' title='bbox 698 4643 888 4727; x_wconf 90' lang='lat' dir='ltr'>theologica</span> <span class='ocrx_word' id='word_1_305' title='bbox 912 4645 1075 4726; x_wconf 87' lang='lat' dir='ltr'>mortalis,</span> <span class='ocrx_word' id='word_1_306' title='bbox 1100 4665 1144 4712; x_wconf 91' lang='lat' dir='ltr'>an</span> <span class='ocrx_word' id='word_1_307' title='bbox 1172 4645 1316 4712; x_wconf 87' lang='lat' dir='ltr'>auiflciat</span> 
     </span>
    </p>
   </div>
   <div class='ocr_carea' id='block_1_8' title="bbox 0 0 1714 5566">
    <p class='ocr_par' dir='ltr' id='par_1_12' title="bbox 0 0 1714 5566">
     <span class='ocr_line' id='line_1_39' title="bbox 0 0 1714 5566; baseline 0 2"><span class='ocrx_word' id='word_1_308' title='bbox 0 0 1714 5566; x_wconf 95' lang='lat' dir='ltr'> </span> 
     </span>
    </p>
   </div>
  </div>
 </body>
</html>
