3418 5566
345 522 405 590 316
802 545 853 594 rus
873 545 1051 594 00000000.

346 667 379 731 S.
392 665 513 748 Gougr.
526 665 663 733 Concilii
677 667 708 750 (1
723 666 794 733 dec.
810 665 1037 752 10301800.
1052 670 1142 753 1791)
1156 669 1303 736 declarat
1317 671 1513 757 episcopum

345 793 416 842 000
437 793 538 860 00000
559 775 734 842 absolvere
753 795 862 862 acque
876 777 1069 864 dispensare
1089 779 1125 844 in
1144 798 1225 845 casu
1241 780 1381 845 haercsis
1402 799 1512 865 00000

272 949 276 956 .
345 887 383 952 10
395 886 702 954 011101011οθ0·ηο
728 887 806 953 Scdi
829 888 1029 973 Apostolicae
1044 889 1236 955 reservctls.
1253 889 1381 957 Deinde
1401 895 1514 973 potss-

346 999 399 1061 tas
424 996 622 1063 absolvendi
654 1001 689 1062 et
715 997 931 1083 dispensandi
960 1017 1022 1083 per
1050 998 1192 1064 modum
1220 1001 1322 1065 unius
1350 1019 1411 1064 seu
1439 1000 1512 1066 0100

347 1099 562 1167 distinctione
588 1099 666 1168 data
691 1101 757 1168 luit
773 1119 794 1168 a
811 1101 844 1167 G.
862 1101 1074 1179 tridentium
1096 1119 1179 1186 ergo
1202 1106 1237 1169 01
1260 1103 1383 1169 ecdem
1409 1105 1512 1172 modo

346 1207 486 1276 tollitur.

385 1319 485 1385 Notat
494 1319 792 1403 Scbmalzgrueber
799 1320 852 1402 (de
859 1319 997 1400 Haeret,
1006 1339 1040 1384 0.
1055 1320 1125 1404 108)
1134 1321 1373 1404 00011100οι0,
1384 1321 1510 1408 baym,

346 1429 493 1513 Pirhing
509 1431 545 1496 in
564 1431 743 1498 Germania
761 1433 795 1496 et
813 1431 887 1497 aliis
905 1431 1087 1515 provinciis
1106 1431 1424 1515 septentrionalibus
1446 1433 1514 1517 001-

228 1583 232 1591 ·
345 1557 466 1624 scopos
481 1539 637 1606 ordinare
652 1539 761 1606 solere
776 1541 850 1604 siue
870 1540 1122 1623 dispensatione
1136 1539 1309 1624 pontificia
1328 1559 1512 1607 conversos

346 1665 391 1712 ex
398 1646 571 1713 haercsiad
579 1647 684 1713 ssdem
693 1647 1006 1714 catholicamRatio
1015 1650 1077 1726 est,
1090 1648 1170 1732 quia
1178 1647 1512 1733 tales,nequeinforo

345 1754 446 1833 civili,
463 1773 484 1820 a
496 1755 640 1842 publicis
654 1739 874 1840 dignitatibus
887 1761 921 1822 et
932 1756 1051 1823 ciliciis
1062 1756 1298 1823 excluduntur.
1315 1757 1384 1823 Hoc
1398 1761 1512 1834 tamen

346 1863 479 1929 admitti
493 1865 621 1948 nequit,
639 1864 718 1949 0010
736 1870 888 1950 potestas
908 1864 1108 1930 absolvendi
1130 1869 1182 1930 ast
1194 1864 1392 1949 simpliciter
1406 1885 1513 1932 reser-

344 1972 469 2040 00108.
491 1971 645 2040 Pontifici
666 1979 701 2040 et
721 1973 951 2056 irregularitas
969 1973 1163 2041 introducta¹
1181 1980 1244 2053 est,
1268 1994 1338 2042 non
1363 1976 1408 2042 ob
1429 1976 1513 2043 inla-

345 2083 462 2160 ndam,
478 2081 538 2147 sed
553 2081 596 2147 ob
611 2082 741 2148 crimen
753 2083 866 2166 ipsum
879 2083 916 2147 in
926 2101 962 2148 se
978 2087 1177 2166 spectatum.
1194 2083 1321 2149 Tamen
1335 2085 1514 2168 episcopus

342 2195 421 2276 jure
436 2191 606 2258 ordinario
628 2195 742 2276 potest
755 2191 884 2258 clericis
905 2192 1149 2275 poenitentibus
1164 2197 1199 2256 et
1222 2191 1254 2257 S.
1274 2191 1430 2258 Ecclesiae
1441 2195 1513 2276 jam

221 2389 227 2399 ο
346 2299 580 2376 reconsiliatis,
602 2299 736 2383 elargiri
758 2301 1048 2385 dispensationem
1068 2301 1111 2366 ad
1134 2299 1342 2367 exercendos
1356 2300 1412 2366 SS.
1428 2291 1514 2366 o'rdi·

346 2427 408 2475 nas
419 2412 493 2493 jam
510 2415 696 2494 susceptos,
721 2414 861 2495 excepto
883 2413 998 2476 tamen
1020 2408 1219 2486 sacerdotio,
1237 2408 1351 2494 quoad
1367 2409 1514 2475 celebra-

346 2517 477 2581 tionem
500 2517 613 2582 missae
644 2523 678 2582 et
700 2518 1029 2584 administrationem
1052 2518 1255 2583 sacramenti
1280 2517 1511 2600 poenitentiae:

347 2623 441 2689 solus
454 2623 492 2688 R.
506 2623 662 2691 Pontifex
677 2629 791 2709 potest
813 2625 1044 2692 sacerdotibus
1059 2623 1095 2690 iu
1109 2624 1267 2689 haeresim
1285 2622 1390 2707 lapsis
1404 2622 1513 2688 indul-

347 2737 422 2796 tum
444 2731 602 2810 tribuere,
620 2737 659 2797 01
677 2738 858 2820 exerceant
871 2731 968 2798 illurn
981 2733 1147 2799 ordinem.
1163 2730 1269 2797 Hodie
1282 2731 1319 2796 in
1334 2729 1513 2798 Germania

348 2840 496 2925 episcopi
515 2841 627 2906 solent
649 2842 844 2926 dispensare
865 2841 908 2906 ab
925 2841 988 2906 bac
1011 2839 1270 2922 irregularitate,
1291 2855 1362 2904 non
1377 2839 1514 2924 quidam

343 2951 422 3034 jure
442 2949 623 3028 ordinario,
646 2949 706 3015 sed
723 2969 764 3014 ex
783 2948 915 3014 indulto
930 2947 1126 3034 apostolico,
1149 2946 1241 3033 quod
1259 2945 1402 3031 singulis
1417 2948 1513 3033 0010-

348 3058 505 3144 00000110
517 3058 673 3125 renovari
686 3059 796 3124 debet.

385 3167 419 3231 11ο
431 3168 484 3232 Au
499 3165 560 3230 filii
575 3167 812 3234 hoereticorum
826 3169 894 3233 sint
908 3165 1132 3252 irregulares?
1145 3167 1365 3246 1110001100,
1383 3187 1427 3234 cx
1437 3171 1514 3253 jure

348 3275 498 3361 antiquo,
516 3279 551 3340 et
569 3263 763 3342 constater
776 3294 848 3360 000.
868 3276 934 3341 ih.
951 3282 975 3339 t.
991 3275 1028 3340 10
1041 3275 1085 3352 6⁰,
1103 3274 1395 3341 marasmon
1413 3277 1514 3342 hodie

347 3388 523 3448 remaneat
541 3383 613 3448 haec
633 3383 875 3467 irregularitas,
896 3383 1093 3466 negandum
1113 3383 1249 3448 videtur
1262 3401 1306 3449 cx
1324 3384 1422 3468 praxi
1441 3385 1516 3449 uni·

347 3489 654 3556 versalilsmolim
664 3490 905 3557 admittebatur
914 3491 1078 3575 exceptio,
1092 3491 1203 3576 quoad
1212 3490 1288 3555 illos
1300 3508 1445 3576 quorum
1459 3509 1515 3575 pa-

349 3602 464 3662 rentes
480 3600 739 3663 revertebantur
760 3599 803 3663 ad
823 3617 941 3664 veram
964 3598 1079 3677 fldem,
1101 3597 1232 3663 secluso
1251 3599 1343 3663 omni
1367 3597 1512 3683 relapsu.

272 3710 275 3718 “
389 3709 421 3772 6⁰
434 3707 597 3784 Quaeront
609 3707 666 3770 GC.
683 3712 798 3770 utrum
812 3706 977 3772 beneficia
994 3710 1073 3772 ante
1093 3706 1231 3770 obtenta
1242 3707 1316 3790 ipso
1328 3709 1405 3788 jure
1419 3707 1516 3771 amit-

350 3819 464 3881 tantur
492 3816 535 3882 ob
560 3814 738 3880 haeresim?
760 3813 956 3878 Communis
980 3813 1080 3880 hodic
1102 3814 1270 3879 sententie
1291 3813 1449 3890 affirmat,
1473 3833 1516 3878 ex

351 3922 493 3989 diversis
513 3922 658 4005 juribus,
681 3921 742 3986 sed
760 3923 949 4005 prasertim
967 3919 1047 4005 quia
1075 3940 1118 3986 ex
1135 3921 1222 4005 stylo
1236 3925 1269 3986 et
1291 3921 1388 4005 praxi
1410 3921 1515 3986 Curias

229 4087 233 4096 .
349 4028 559 4114 Apostolicae,
582 4029 747 4094 beneficia
765 4029 1002 4095 hereticorum
1021 4047 1083 4112 pro
1107 4029 1307 4095 vacantibus
1334 4030 1514 4094 habentur.
1587 4109 1591 4114 ⁸

348 4137 475 4203 ’10οιοο
487 4137 671 4221 requiritur
684 4137 854 4202 sententia
869 4136 1087 4203 declaratoria
1100 4136 1260 4212 criminis,
1288 4136 1367 4220 0010
1386 4136 1517 4202 1000011-
1571 4131 1575 4136 '

350 4265 423 4325 cus,
438 4250 477 4311 ut
490 4245 672 4311 advertunt
685 4244 784 4309 multi
793 4245 872 4320 bb,
887 4263 957 4309 non
970 4249 1108 4310 tenetur
1121 4263 1157 4310 00
1170 4244 1342 4310 beneflciis
1358 4244 1428 4308 suis
1443 4263 1518 4328 spo·

273 4369 277 4376 ·
349 4355 515 4432 liare;est
524 4353 616 4420 enim
625 4351 743 4436 regula
752 4352 930 4436 generalis,
944 4352 1035 4437 quod
1046 4354 1082 4418 in
1092 4354 1184 4420 omui
1197 4353 1517 4435 casuinquopoeua

348 4462 424 4546 ipso
443 4464 521 4545 jure
544 4461 736 4539 incurritur,
763 4461 932 4527 sententia
950 4460 1062 4526 delicti
1084 4459 1304 4526 declaratoria
1321 4460 1513 4544 requiritur.

349 4567 633 4635 Undehaereticus
644 4569 879 4637 beneficiarius
892 4569 1021 4634 fructus
1031 4573 1207 4652 perceptos
1217 4570 1296 4635 0010
1311 4566 1515 4635 seutentiam

351 4675 497 4744 retinere
512 4681 633 4760 potest.
