3500 5552
567 584 655 629 ursan
676 583 802 638 ausurus
822 585 1043 632 eraserimus.
1337 569 1396 634 553

221 703 348 766 tinetur
370 721 431 786 per
453 701 705 767 absolutionem
727 704 1021 782 sacramentalem,
1046 705 1107 768 sed
1129 704 1169 769 de
1195 705 1396 770 remissione

218 829 329 893 poenae
344 811 688 886 extrasacramentali,
709 829 832 894 nempe
856 829 931 895 quae
955 813 993 876 sst
1007 831 1068 897 per
1088 811 1327 892 indulgentias.
1345 811 1397 877 ln-

220 917 403 1000 dalgeutiae
426 935 563 995 nomen,
590 917 680 1002 quod
703 919 843 983 averbo
867 919 1025 1002 iadalpeo
1045 918 1228 994 derivatur,
1250 920 1397 983 sumitur

219 1043 280 1111 pro
294 1025 507 1103 remissione,
524 1030 559 1091 et
572 1025 648 1091 ideo
659 1026 750 1091 idem
764 1025 864 1109 plane
880 1032 933 1092 est
948 1026 1162 1108 indulgentia
1177 1030 1211 1092 et
1225 1027 1393 1094 remissio.

441 1253 458 1326 §
476 1255 498 1312 1.
519 1253 559 1311 he
573 1257 686 1312 actara
700 1259 729 1312 et
743 1254 890 1314 caratatc
904 1253 1172 1327 iadalpeatiaram.

623 1428 642 1480 l.
659 1425 724 1488 Quit
738 1425 775 1478 sit
790 1426 984 1501 indulgentia?

258 1575 483 1656 Indulgentie,
496 1579 534 1638 nt
548 1575 612 1640 hoc
625 1575 700 1640 loco
716 1576 872 1652 sumitur,
892 1575 1025 1640 deliniri
1038 1580 1171 1659 potest:
1189 1600 1203 1632 a
1217 1574 1393 1639 Relaxatio
1425 1603 1429 1608 ·

219 1703 328 1767 poenae
343 1681 537 1765 temporalis
547 1702 609 1766 pro
624 1684 769 1766 peccatis
780 1683 968 1748 actualibus
977 1682 1231 1776 quoadculpam
1242 1683 1394 1746 remissis

220 1771 352 1867 debitae,
369 1810 431 1875 per
447 1792 707 1874 applicationem
719 1793 920 1857 meritorum
936 1791 1057 1856 Christi
1068 1795 1318 1867 emunctorum,
1333 1810 1394 1856 seu

219 1901 369 1966 thesauri
382 1901 549 1966 Ecclesiae.
565 1929 580 1958 s

259 2012 386 2076 Dicitur
404 2014 436 2076 10
463 2012 629 2076 relaxatio
633 2030 747 2096 param
763 2013 968 2098 temporalis,
990 2015 1070 2097 quia
1086 2031 1146 2096 per
1164 2012 1394 2093 indulgentias

219 2137 289 2184 non
308 2120 493 2184 remittitur
514 2120 623 2203 culpa,
651 2121 711 2184 sed
732 2139 834 2204 prena
853 2126 987 2185 tantum
1003 2120 1197 2204 temporalis
1211 2125 1344 2184 restans
1359 2121 1394 2183 in

219 2228 282 2292 hac
302 2229 373 2292 vita
388 2227 444 2292 vel
462 2228 498 2291 in
511 2229 709 2311 purgatorio
730 2227 866 2293 luenda.
901 2230 934 2292 9⁰
951 2229 1016 2292 Pro
1029 2231 1176 2314 peccatis
1206 2227 1395 2292 actualibus

219 2337 376 2414 remissis,
400 2337 478 2420 quia
491 2340 669 2420 peccatum
681 2337 845 2419 originale
862 2341 1005 2422 ejusque
1021 2357 1123 2422 poena
1136 2337 1321 2402 remittitur
1333 2354 1395 2419 per

220 2444 436 2527 baptismum,
455 2448 489 2508 et
502 2463 604 2527 piena
618 2445 725 2527 culpae
740 2463 810 2509 non
826 2445 955 2510 tollitur
973 2449 1173 2509 remanente
1194 2446 1268 2527 ipsa
1284 2443 1392 2527 culpa.

219 2553 253 2616 3⁰
266 2553 333 2645 Pei·¹
346 2552 605 2636 applicationem
618 2553 770 2616 thesauri
781 2553 936 2618 Ecclesiae
941 2572 954 2632 ;
969 2558 1080 2618 exstat
1095 2553 1187 2617 enim
1202 2553 1236 2615 in
1249 2550 1395 2616 Ecclesia

220 2661 400 2724 thesaurus
419 2665 579 2724 constans
600 2662 768 2743 praecipue
791 2666 825 2724 et
839 2662 999 2744 primario
1023 2680 1064 2724 ex
1089 2661 1219 2724 meritis
1242 2665 1277 2724 et
1299 2659 1395 2724 satis-

219 2768 422 2832 factionibus
447 2767 566 2831 Christi
591 2768 741 2843 inssnitis‚
769 2773 804 2832 et
823 2768 1023 2833 secundario
1048 2786 1090 2830 ex
1110 2767 1395 2832 satisfactionibus

220 2876 328 2940 beatae
351 2875 495 2957 Virginis
519 2881 553 2940 et
572 2880 778 2940 sanctorum.
795 2875 887 2940 lianc
901 2877 1082 2940 veritatem
1097 2894 1157 2939 seu
1179 2876 1395 2939 existentiam

219 2984 310 3048 illius
321 2986 471 3049 thesauri
481 2985 627 3068 probant
637 2985 788 3065 theologi
798 2990 916 3049 contra
927 2985 1111 3048 bulherum
1124 2983 1265 3060 etalios3
1283 2988 1397 3049 osten·

222 3091 307 3155 dunt
326 3093 429 3156 etiam
443 3091 734 3173 indulgentiarum
749 3110 850 3156 usum
870 3110 939 3156 non
955 3109 1030 3156 esse
1046 3091 1182 3155 noviter
1195 3092 1237 3155 ab
1251 3091 1398 3155 Ecclesia

220 3198 407 3272 inductum,
426 3199 486 3262 sed
505 3199 792 3282 antiquissimum,
817 3203 854 3261 ut
873 3197 1021 3262 declarat
1039 3197 1220 3262 concilium
1234 3198 1394 3272 Trident,
1464 3280 1466 3284 ι

222 3323 305 3370 sess.
322 3307 372 3382 15,
388 3307 424 3370 in
441 3305 577 3370 decreto
592 3304 633 3372 de
649 3305 880 3386 indulgentiis.

676 3495 708 3544 ll.
723 3491 878 3556 Quotupler
893 3491 946 3544 sltt

262 3638 477 3722 indulgentia
509 3640 672 3704 dividitur
703 3641 735 3703 10
761 3641 894 3704 ratione
920 3639 1066 3721 effectas,
1091 3642 1127 3703 iu
1146 3641 1339 3723 plenariam
1364 3643 1398 3702 et

222 3767 288 3813 aori
304 3749 511 3834 plenariam,
530 3767 590 3814 seu
607 3750 801 3834 partialem.
822 3750 981 3814 Pleaaria
1002 3754 1054 3814 est
1073 3748 1131 3813 illa
1153 3767 1228 3832 qtrae
1256 3748 1399 3813 remittit

223 3863 328 3924 totam
344 3876 481 3941 poenam
496 3859 719 3941 temporalem
736 3879 778 3923 ex
796 3859 944 3942 peccatis
960 3859 1119 3924 omnibus
1136 3858 1248 3942 quoad
1262 3857 1398 3938 eulpam

219 3968 291 4048 jam
313 3965 465 4029 remissis
492 3971 680 4030 restantem
699 3972 733 4029 et
754 3965 914 4030 debitam.
937 3965 1048 4050 Aliqui
1067 3966 1154 4030 hanc
1177 3965 1399 4030 subdividunt

162 4099 167 4107 ¹
222 4073 256 4136 in
272 4075 426 4156 plenam,
455 4074 643 4158 pleniorem
674 4079 708 4138 et
736 4075 987 4157 plenissimam,
1020 4093 1063 4137 ex
1097 4078 1271 4155 extravag.
1303 4073 1400 4138 Arcti-

222 4199 377 4264 qaoram,
398 4182 431 4245 h.
456 4187 497 4258 t.;
522 4187 557 4246 at
587 4183 700 4266 quoad
729 4183 900 4259 ellectum,
923 4183 1054 4247 nullum
1081 4183 1171 4246 inter
1198 4183 1272 4247 illas
1301 4182 1401 4246 datur

222 4288 414 4366 discrimen,
440 4296 477 4353 ut
496 4294 630 4354 constat
656 4309 697 4354 ex
719 4291 806 4373 stylo
827 4291 992 4356 hodierno
1013 4289 1119 4353 Guriae
1134 4291 1306 4364 Romanae,
1324 4307 1399 4374 quae

221 4417 283 4482 per
303 4397 492 4480 pleniorem
511 4399 672 4482 intelligit
693 4399 926 4484 plenissimam
946 4399 1185 4464 remissionem
1206 4415 1396 4482 poenarum.
1442 4455 1446 4464 .

222 4506 383 4586 Partialis
404 4511 456 4570 est
476 4507 533 4572 illa
556 4527 631 4592 qum
649 4509 791 4572 remittit
807 4507 917 4573 solum
932 4511 1064 4591 partem
1079 4524 1189 4589 poenae
1205 4505 1399 4589 temporalis

223 4614 355 4679 debita.
373 4615 524 4680 Partialis
540 4615 669 4681 aliaest
684 4617 946 4680 indeterminata
961 4614 1026 4680 alia
1043 4615 1264 4678 determinata
1279 4631 1291 4677 .·
1306 4612 1400 4678 inde-

224 4725 405 4789 terminata
427 4728 488 4799 est,
507 4725 644 4808 quando
667 4725 863 4791 conceditur
886 4723 1042 4791 remissio
1067 4723 1175 4788 tertiae
1195 4721 1250 4790 vel
1272 4727 1399 4806 quartae
