3412 5570
506 607 595 653 LIBER
616 607 741 662 QUINTUS
762 603 981 651 obcaecantur.
1272 585 1332 651 443

160 731 242 794 sunt
252 733 291 792 ut
302 725 463 792 haeretici.
479 726 527 791 De
537 730 615 810 jure
628 723 728 804 civiti,
740 724 970 808 puniebantur
980 741 1083 806 poena
1096 721 1332 805 publicationis

160 839 315 902 omnium
328 837 497 904 bonorum
518 839 554 901 et
567 835 677 901 ultimi
698 833 862 920 supplicii,
880 829 1061 918 aliquando
1075 849 1138 918 per
1154 833 1271 916 ignem
1284 832 1333 897 in-

158 946 301 1012 ferendi.

128 1051 130 1058 ’
199 1055 250 1122 lv.
268 1057 384 1134 Quoad
398 1076 524 1120 ocream
543 1057 801 1122 observantium.
824 1057 929 1138 abire
945 1054 1079 1120 notoria
1091 1057 1143 1136 est
1157 1057 1333 1136 peccatum

161 1185 343 1248 exgenere
359 1185 421 1230 suo
436 1185 550 1247 grave,
568 1169 647 1250 quia
660 1167 759 1230 tacite
781 1165 934 1230 diabolus
955 1165 1134 1228 invocatur
1153 1164 1251 1247 eique
1276 1164 1334 1226 tri-

160 1276 275 1339 buitur
287 1279 437 1358 potestas
452 1275 653 1342 infundendi
668 1273 836 1348 notamina,
859 1273 949 1357 quod
972 1277 1023 1335 est
1036 1271 1212 1355 proprium
1227 1267 1332 1335 solius

159 1383 230 1447 Det.
259 1381 334 1460 Sed,
357 1402 400 1448 an
421 1383 551 1448 licitum
574 1383 618 1447 stt
648 1384 696 1445 uti
718 1381 860 1446 seientia
880 1381 1043 1464 acquisita
1065 1399 1128 1463 ope
1149 1378 1334 1443 daemonis?

159 1495 339 1561 Affirmant
352 1488 579 1559 communiter
600 1494 679 1572 bb,
702 1492 887 1558 dummodo
902 1494 1005 1575 huJ'us
1027 1491 1176 1566 scientiae
1199 1507 1333 1554 eonscr-
1398 1533 1402 1543 ,

160 1605 251 1669 vatio
267 1607 302 1669 ot
319 1622 401 1669 usus
416 1622 486 1669 non
500 1603 681 1688 pendeata
698 1603 872 1680 daemone;
894 1603 973 1688 quia
986 1601 1060 1668 talis
1079 1617 1162 1666 usus
1178 1603 1231 1666 est
1242 1597 1280 1663 in
1296 1614 1333 1662 ee

160 1713 282 1778 bonus.

201 1822 229 1902 d)
245 1821 444 1888 Observatio
457 1824 651 1902 sanitatum,
667 1843 739 1900 seu,
752 1828 791 1888 ut
802 1824 905 1904 vulgo
920 1823 1051 1897 dieitur,
1065 1820 1194 1885 curatio
1208 1837 1270 1902 per
1282 1835 1334 1882 se-

161 1934 263 2007 creta,
277 1949 340 2013 ope
350 1932 537 2012 signorum,
548 1933 840 2008 caeremoniarum,
854 1930 1079 1996 formularum
1095 1926 1330 2011 quarumdam,

161 2043 213 2103 est
225 2043 403 2123 peecatum
417 2057 532 2120 grave,
546 2041 611 2104 nisi
622 2045 762 2106 excuset
772 2040 965 2121 ignorantia
973 2035 1194 2112 invincibilis;
1207 2033 1333 2098 etenim

159 2148 232 2212 haec
253 2146 367 2212 media
388 2147 518 2212 nullam
539 2147 579 2212 de
604 2167 642 2212 se
661 2149 790 2214 hahent
812 2149 997 2213 efficaciam
1019 2150 1175 2228 respectu
1197 2142 1334 2206 illorum

160 2255 344 2319 effectuum
357 2275 365 2330 ;
382 2260 453 2320 tota
470 2275 551 2336 ergo
576 2256 725 2322 efficacia
740 2260 895 2339 expecto
911 2255 1012 2319 tacito
1024 2252 1080 2317 vol
1091 2267 1253 2335 expresso
1267 2248 1334 2312 dae-

158 2364 270 2428 monis
282 2368 498 2447 exspectatur
507 2364 652 2428 eivenit.
663 2401 702 2410 -
712 2363 762 2427 Ad
775 2365 863 2428 hane
874 2361 1151 2446 superstitionem
1161 2358 1334 2422 reducitur

158 2470 281 2535 modus
296 2469 436 2535 curandi
451 2471 602 2547 vulnera,
623 2472 725 2535 etiam
744 2471 779 2533 in
793 2471 868 2535 loco
888 2469 1036 2544 distanti,
1058 2465 1249 2533 adhibendo
1263 2448 1333 2527 me-

159 2579 390 2644 dicamentum
400 2579 621 2664 quodvocant
632 2579 879 2662 sympathieum
887 2579 963 2661 (ope
973 2577 1122 2661 pulveris
1133 2571 1333 2658 sympatbici

159 2689 314 2772 applicati
326 2705 441 2772 panno
463 2689 628 2768 sanguine
644 2687 780 2770 perfuso
802 2695 861 2752 ant
878 2687 991 2768 gladio
1007 2681 1291 2765 sanguinolento).

199 2798 227 2881 a)
243 2796 465 2861 Obseruantia
477 2799 664 2859 eventuum
678 2800 731 2858 est
746 2795 856 2858 attinio
877 2793 1087 2868 divinationi,
1106 2790 1185 2855 lieet
1198 2807 1268 2853 non
1291 2789 1334 2852 sit

159 2904 294 2988 proprie
309 2903 482 2979 divinatio,
496 2921 575 2968 eum
587 2921 649 2985 per
661 2901 755 2966 ittam
772 2893 1025 2966 observantiam
1045 2903 1216 2983 quaeratur
1231 2897 1333 2961 direc-

160 3014 207 3078 tio
231 3013 480 3096 operationum,
508 3031 579 3076 non
602 3016 717 3075 antem
735 3011 963 3094 principaiiter
986 3009 1106 3074 notitia
1127 3009 1330 3071 futurorum.

159 3119 201 3184 Ut
219 3119 415 3204 plurimum,
432 3119 489 3183 itta
510 3119 725 3182 observantia
741 3124 794 3180 est
812 3118 923 3182 solum
937 3122 1114 3200 peecatum
1127 3112 1273 3188 veniale,
1288 3131 1332 3175 ne

159 3227 246 3291 torte
270 3226 345 3310 quis
368 3227 523 3290 monitus
538 3224 604 3289 illis
625 3226 841 3308 pertinaciter
863 3225 1044 3300 adhaereat,
1067 3241 1148 3287 nam
1163 3227 1243 3285 tunc
1256 3237 1334 3304 pec

159 3329 252 3400 'caret
265 3334 463 3399 mortaliter.
482 3334 534 3398 Sic
555 3351 626 3398 non
645 3332 781 3397 videtur
792 3331 947 3408 mortale,
965 3332 993 3394 si
1009 3331 1094 3414 quis,
1116 3330 1219 3393 domo
1238 3348 1334 3410 egre-

161 3445 267 3520 diens,
284 3443 407 3527 pedem
421 3441 583 3516 offendat,
602 3447 635 3505 et
649 3440 726 3506 ideo
744 3442 863 3504 timeat
875 3440 940 3504 iter
953 3439 1140 3502 infaustum
1152 3437 1236 3512 fore,
1252 3436 1332 3500 indo

161 3552 301 3615 domum
328 3553 528 3626 revertatur,
556 3555 596 3612 ut
621 3568 723 3614 omen
753 3553 899 3625 avertai;
929 3547 984 3612 vel
1008 3548 1036 3610 si
1063 3545 1138 3630 quis
1165 3545 1256 3608 inter
1282 3544 1333 3607 lu-

160 3658 310 3723 dendum
324 3663 433 3722 mutet
450 3657 565 3721 locum
584 3657 640 3721 vet
661 3657 825 3739 tantisper
837 3661 954 3736 surgat
968 3655 1010 3720 ad
1022 3653 1147 3718 maiam
1160 3654 1333 3717 fortunam

159 3765 384 3848 abjiciendam
399 3765 491 3843 (seat.
505 3763 530 3841 1,
546 3769 561 3842 ἕ
576 3765 604 3840 t,
619 3784 660 3841 rv,
678 3765 724 3845 6);
740 3765 824 3827 item
839 3763 896 3846 qui
910 3765 1114 3826 conservant
1129 3779 1194 3824 ova
1211 3759 1264 3824 dte
1276 3759 1333 3824 Pa-

158 3893 296 3940 resceve
312 3893 332 3939 a
345 3873 479 3956 gallinis
494 3873 641 3950 exclusa,
659 3873 702 3938 ad
720 3871 1009 3953 exstinguendum
1023 3868 1229 3934 incendium.

200 3980 470 4066 d)0bservantia
493 3981 714 4063 reliquiarum
736 3981 772 4043 in
794 3997 897 4043 sensu
917 3977 1094 4061 explicato,
1118 3996 1179 4042 seu
1197 3971 1332 4061 quando

159 4096 211 4154 est
224 4089 469 4173 superstitiosa,
487 4093 540 4152 est
553 4087 666 4151 illicita
681 4093 716 4152 et
728 4087 975 4171 peccaminosa.
990 4085 1105 4149 Potest
1118 4103 1193 4150 esse
1208 4089 1334 4150 morta-

157 4197 421 4272 ltsveiveniatts‚
432 4198 530 4279 juxta
542 4197 720 4261 materiam
731 4203 790 4261 aut
803 4197 906 4260 etiam
920 4195 1142 4278 pertinaciam
1156 4213 1162 4255 :
1175 4193 1233 4270 sie,
1249 4212 1283 4257 v.
1297 4211 1330 4274 g.

159 4306 216 4389 qui
229 4305 316 4371 eollo
329 4322 519 4387 appensum
531 4303 639 4368 desert
654 4303 871 4384 evangelium
885 4303 919 4365 in
931 4303 1056 4376 charta,
1073 4307 1111 4365 ut
1126 4301 1252 4376 dicunt,
1267 4301 1334 4364 vir-

157 4416 238 4496 gine
261 4415 478 4497 deseriptum,
501 4431 579 4477 eum
594 4412 797 4496 quibusdam
814 4414 920 4494 signis
941 4429 979 4476 ao
1000 4410 1120 4475 ritibus
1140 4411 1254 4488 vanis,
1276 4409 1334 4475 vel

159 4524 323 4606 quasdam
343 4522 514 4588 orationes
537 4521 594 4584 tati
619 4522 722 4586 modo
741 4541 780 4587 ac
803 4523 996 4588 charactere
1021 4521 1172 4602 scriptas,
1194 4523 1253 4582 aut
1274 4519 1332 4582 tali

158 4631 261 4696 modo
276 4631 492 4714 complicatas
509 4648 624 4695 secum
637 4630 746 4706 atteri,
763 4636 802 4694 ut
814 4631 849 4693 in
871 4629 960 4694 betto
977 4629 1033 4692 vet
1049 4628 1147 4693 aliter
1161 4627 1334 4692 vulnerari

159 4745 317 4825 nequeat,
327 4777 366 4788 -
379 4739 703 4823 seclusapertinaota
716 4744 794 4822 post
807 4738 1043 4814 monitionem,
1054 4741 1088 4802 et
1101 4737 1209 4802 multo
1223 4736 1332 4817 inagis
