3482 5560
359 545 420 612 itt
821 563 871 612 tas
892 548 1071 611 cauourcutt.

360 701 392 748 v.
409 701 442 763 g.
456 683 514 766 jus
527 682 719 766 praehendae
736 683 928 746 annectitur
951 680 1063 746 cilicio
1079 679 1255 764 spirituali.
1272 679 1371 746 —De
1394 681 1537 764 singulis

360 791 433 854 istis
449 790 628 874 speciebus
642 790 691 854 rei
707 789 889 872 spiritualis
903 788 1076 871 agendum
1086 793 1148 852 ost.

401 894 465 965 Res
483 899 678 982 formaliter
691 899 883 984 spirituales
899 905 980 964 sunt
998 899 1142 965 materia
1157 899 1321 974 simoniae,
1336 901 1408 966 sive
1424 917 1538 964 eman-

362 1009 473 1071 turin
495 1009 676 1083 abstracto,
703 1007 790 1073 sicut
818 1008 935 1074 Simon
959 1009 1076 1090 llagus
1099 1007 1209 1074 voluit
1233 1025 1347 1074 emere
1376 1007 1538 1092 Spiritum

362 1121 516 1180 sanctum
533 1136 595 1182 seu
609 1117 736 1200 gratias
749 1119 856 1198 matis
869 1116 975 1193 datas,
993 1119 1064 1184 sire
1079 1117 1114 1182 in
1130 1122 1300 1182 concreto.

402 1226 478 1298 llos¹
493 1226 676 1290 causaliter
705 1225 910 1308 spirituales,
948 1231 986 1289 ut
1014 1229 1237 1302 sacramenta,
1267 1224 1535 1300 sacramentalia,

362 1333 434 1398 sive
450 1333 673 1409 transeuntia,
690 1336 727 1395 ut
740 1331 921 1397 exorcismi
938 1331 1094 1396 Ecclesiae
1109 1332 1255 1397 etvariae
1270 1331 1535 1408 benedictiones,

363 1440 435 1505 sive
450 1440 698 1523 permanentia,
714 1445 753 1503 ut
766 1457 821 1505 res
835 1444 1041 1505 consecrata
1056 1445 1091 1504 et
1111 1439 1316 1517 bonediotae;
1331 1441 1415 1506 item
1428 1439 1539 1504 oliloie
1582 1435 1586 1440 ’

363 1547 599 1624 ecclesiastica,
618 1552 656 1611 ut
676 1547 826 1613 osticium
842 1547 1002 1630 episcopi,
1024 1547 1173 1631 parochi,
1191 1553 1268 1624 eta,
1291 1553 1373 1612 sunt
1396 1548 1540 1614 materia

362 1656 528 1732 simonias,
546 1655 668 1720 saltem
681 1659 785 1738 prout
798 1657 1010 1738 accipiuntur
1024 1673 1103 1720 cum
1126 1675 1189 1721 suo
1205 1655 1382 1740 spirituali.
1401 1656 1540 1722 Constet

362 1784 406 1829 ex
420 1765 524 1829 variis
545 1764 690 1846 juribus,
708 1767 747 1827 ut
759 1781 787 1828 c.
807 1765 826 1827 9
844 1764 877 1827 h.
895 1765 960 1841 tit,
982 1769 1045 1829 etc.
1066 1764 1187 1848 Excipe
1202 1767 1363 1832 materias
1383 1770 1533 1832 remotas

363 1876 655 1938 sacramentorum
670 1875 705 1935 et
719 1871 1028 1948 sacramentalium,
1046 1891 1121 1956 quae
1136 1873 1205 1938 emi
1219 1879 1374 1957 possunt,
1390 1881 1429 1938 ut
1439 1874 1537 1960 panis

362 2001 424 2066 pro
439 1981 657 2058 Eucharistia,
676 1980 809 2056 calices,
831 1984 895 2044 etc.
953 2039 956 2048 ,

401 2091 465 2155 Res
489 2088 681 2174 spirituales
706 2087 855 2170 effective
880 2107 942 2172 per
967 2089 1109 2155 modum
1130 2090 1272 2156 actionis
1298 2096 1378 2155 sunt
1397 2093 1540 2157 matoria

364 2198 538 2272 simoniae;
555 2189 635 2261 narn'
649 2197 724 2260 ister
739 2197 890 2262 actiones
901 2198 1103 2264 ordinantur
1116 2199 1158 2264 ad
1174 2199 1320 2265 salutem
1334 2201 1536 2278 animarum,

363 2305 517 2390 adeoque
533 2304 704 2369 excedunt
717 2323 817 2370 omne
831 2306 981 2389 pretium
995 2307 1194 2390 temporale.

271 2393 273 2398 ¹
404 2413 433 2494 d)
453 2411 656 2496 Huiusmodi
680 2417 782 2476 sunt:
803 2415 833 2477 1ο
847 2417 942 2478 actus
967 2432 987 2478 a
1009 2415 1127 2495 gratiis
1150 2416 1256 2497 gratis
1282 2415 1368 2480 datis
1391 2416 1538 2499 proticis-

363 2527 491 2599 centes,
509 2529 548 2586 ut
560 2523 748 2606 prophetia,
762 2524 907 2606 patratio
921 2525 1174 2602 miraculorum,
1189 2531 1252 2590 eto.
1270 2547 1277 2602 ;
1299 2527 1331 2590 2⁰
1345 2530 1440 2591 actus
1453 2525 1539 2610 ordi-

363 2647 446 2694 num
470 2629 687 2707 clericalium,
715 2635 754 2695 ut
772 2648 982 2708 consecrare,
1006 2633 1174 2709 ordinare,
1201 2633 1389 2698 sacrificare
1404 2637 1443 2716 (c.
1460 2634 1490 2708 1,
1506 2631 1535 2708 8,

362 2739 392 2815 9,
414 2745 477 2803 etc.
498 2739 531 2802 h.
555 2739 630 2820 tit.);
649 2739 681 2802 3⁰
702 2743 797 2803 actus
815 2740 918 2803 oflicii
938 2746 1000 2804 seu
1021 2741 1266 2822 jurisdictionis
1286 2739 1480 2824 spiritualis,
1502 2744 1540 2804 ut

362 2847 516 2912 conterre
529 2847 939 2924 benessoiaeoclesiastioa,
952 2850 1139 2932 approbare
1152 2849 1195 2915 ad
1205 2867 1323 2914 curam
1333 2849 1535 2924 animarum,

362 2953 548 3020 concedere
561 2954 835 3037 jurisdictionem
849 2973 910 3038 pro
923 2957 998 3021 loro
1013 2957 1160 3034 interno,
1182 2957 1360 3023 absolvere
1379 2976 1400 3022 a
1418 2973 1539 3021 censu-

363 3062 420 3139 ris,
438 3061 634 3144 dispensare
649 3061 686 3126 in
697 3063 795 3138 votis,
808 3063 1024 3145 juramentis,
1040 3064 1293 3147 impedimentis
1307 3064 1539 3130 matrimonio·

362 3189 440 3236 rum
454 3170 510 3235 vel
524 3171 694 3248 ordinum,
711 3176 745 3236 et
757 3161 890 3252 legibus
904 3173 1008 3256 (cono.
1025 3173 1127 3252 Trid,
1144 3193 1227 3239 sess.
1243 3174 1294 3246 11,
1314 3193 1342 3241 c.
1360 3177 1390 3252 5,
1406 3175 1448 3240 de
1461 3174 1535 3255 Res.

363 3287 478 3356 matr,
505 3297 588 3343 sess.
609 3279 660 3356 at,
684 3296 713 3343 c.
744 3281 795 3358 18,
818 3280 859 3344 de
878 3281 979 3363 Res-l,
1001 3281 1180 3348 admittere
1204 3284 1246 3348 ad
1273 3284 1477 3350 novitiatum
1502 3288 1537 3348 et

363 3387 610 3470 professionem
630 3387 837 3468 religiosam,
855 3407 915 3453 seu
929 3391 1120 3470 generatim
1135 3409 1256 3457 ornnes
1271 3397 1366 3458 actus
1383 3391 1537 3475 jurisdic-

365 3495 466 3559 tionis
481 3493 726 3570 occlesiasticae,
746 3495 818 3559 sive
832 3495 1043 3573 voluntarias,
1061 3498 1132 3564 sive
1152 3500 1386 3564 contentiosae.

403 3601 645 3666 Adnotandum
658 3606 726 3665 est:
744 3604 775 3666 1ο
792 3607 887 3667 actus
902 3603 1060 3668 ordinum
1075 3605 1258 3683 minorum,
1275 3607 1377 3672 etiam
1392 3611 1463 3671 uta
1478 3607 1536 3671 lai-

364 3711 412 3774 cis
443 3713 655 3785 exercentur,
689 3715 770 3773 sunt
802 3711 945 3776 materia
969 3712 1134 3788 simonias,
1166 3718 1204 3777 ut
1233 3714 1416 3779 advertunt
1438 3714 1535 3778 multi

364 3817 560 3882 canonistae.
573 3817 669 3882 Ratio
679 3821 740 3893 est,
759 3819 838 3902 quia
850 3823 945 3884 actus
957 3819 1023 3896 isti,
1035 3820 1114 3885 licet
1126 3821 1342 3888 inlaicisnon
1353 3824 1537 3907 procedant

365 3943 408 3988 ex
421 3929 589 4008 potestate
602 3924 777 4006 spirituali,
794 3929 909 3990 tamen
925 3946 968 3992 ex
977 3927 1044 3992 flno
1059 3945 1121 3993 suo
1138 3933 1218 3994 sunt
1232 3929 1440 4012 spirituales;
1453 3950 1535 4013 ergo

364 4033 470 4115 gratis
495 4032 645 4097 exerceri
669 4033 817 4098 dehent:
840 4039 955 4100 tamen
977 4035 1125 4118 pretium
1145 4038 1215 4120 peti
1235 4043 1349 4120 potest
1366 4057 1409 4104 ex
1429 4039 1535 4105 altero

366 4139 475 4216 titulo,
491 4159 524 4204 v.
540 4158 573 4222 g.
590 4141 857 4217 sustentationis,
885 4141 1010 4206 laboris
1030 4144 1222 4218 extrinseci,
1239 4149 1302 4209 eto.

405 4249 437 4312 2⁰
452 4247 516 4311 Pro
531 4246 711 4312 collatione
727 4267 1019 4333 quorumcumque
1036 4250 1204 4327 ordinum,
1217 4253 1320 4317 etiam
1333 4254 1451 4337 primes
1466 4258 1537 4320 ton·

366 4375 465 4432 sures,
490 4354 651 4421 ordinans
673 4354 755 4418 nihil
778 4361 892 4438 potest
912 4357 1072 4439 recipere,
1092 4359 1158 4422 nisi
1181 4378 1340 4437 cereum;
1368 4362 1451 4426 item
1474 4380 1535 4445 pro

364 4463 485 4527 litteris
513 4461 712 4527 dimissoriis
735 4467 795 4526 aut
820 4463 1114 4542 testimonialibus,
1138 4471 1198 4530 aut
1224 4485 1285 4551 pro
1311 4469 1432 4550 sigillo,
1467 4469 1537 4552 epi-

366 4571 459 4652 scopi
474 4575 509 4634 et
526 4587 645 4635 eorum
659 4569 817 4646 ministri,
833 4571 1046 4655 praecedonte
1061 4578 1159 4657 pecto
1175 4579 1233 4639 aut
1251 4577 1437 4652 exactione,
1454 4576 1537 4640 nihil

367 4678 516 4760 recipere
539 4683 685 4762 possunt
704 4679 789 4743 citra
811 4679 932 4744 vitium
954 4680 1108 4746 simoniae
1123 4683 1163 4766 (c.
1185 4685 1200 4747 l
1226 4682 1259 4748 h.
1277 4684 1357 4768 tit.);
1378 4685 1448 4750 imo
1473 4701 1536 4750 nec
