<?xml version="1.0" encoding="UTF-8"?>
<!DOCTYPE html PUBLIC "-//W3C//DTD XHTML 1.0 Transitional//EN"
    "http://www.w3.org/TR/xhtml1/DTD/xhtml1-transitional.dtd">
<html xmlns="http://www.w3.org/1999/xhtml" xml:lang="en" lang="en">
 <head>
  <title>
</title>
<meta http-equiv="Content-Type" content="text/html;charset=utf-8" />
  <meta name='ocr-system' content='tesseract 3.04.00' />
  <meta name='ocr-capabilities' content='ocr_page ocr_carea ocr_par ocr_line ocrx_word'/>
</head>
<body>
  <div class='ocr_page' id='page_1' title='image "./juscanonicumjux01grangoog/juscanonicumjux01grangoog_0602.png"; bbox 0 0 3500 5552; ppageno 0'>
   <div class='ocr_carea' id='block_1_1' title="bbox 456 482 1161 548">
    <p class='ocr_par' dir='ltr' id='par_1_1' title="bbox 456 482 1161 548">
     <span class='ocr_line' id='line_1_1' title="bbox 456 482 1161 548; baseline 0 0"><span class='ocrx_word' id='word_1_1' title='bbox 456 482 517 548; x_wconf 67' lang='lat'>599</span> <span class='ocrx_word' id='word_1_2' title='bbox 912 500 962 545; x_wconf 78' lang='lat' dir='ltr'>rus</span> <span class='ocrx_word' id='word_1_3' title='bbox 983 499 1161 548; x_wconf 77' lang='lat' dir='ltr'>cnuonrcun.</span> 
     </span>
    </p>
   </div>
   <div class='ocr_carea' id='block_1_2' title="bbox 495 613 1687 702">
    <p class='ocr_par' dir='ltr' id='par_1_2' title="bbox 495 613 1687 702">
     <span class='ocr_line' id='line_1_2' title="bbox 495 613 1687 702; baseline 0.001 -20"><span class='ocrx_word' id='word_1_4' title='bbox 495 619 528 682; x_wconf 72' lang='lat'>4⁰</span> <span class='ocrx_word' id='word_1_5' title='bbox 540 619 612 684; x_wconf 91' lang='lat' dir='ltr'>Non</span> <span class='ocrx_word' id='word_1_6' title='bbox 625 623 676 682; x_wconf 91' lang='lat' dir='ltr'>est</span> <span class='ocrx_word' id='word_1_7' title='bbox 690 617 895 701; x_wconf 88' lang='lat' dir='ltr'>prohibitum</span> <span class='ocrx_word' id='word_1_8' title='bbox 906 619 1208 694; x_wconf 85' lang='lat' dir='ltr'>excommunicato,</span> <span class='ocrx_word' id='word_1_9' title='bbox 1222 619 1324 683; x_wconf 87' lang='lat' dir='ltr'>etiam</span> <span class='ocrx_word' id='word_1_10' title='bbox 1334 617 1485 692; x_wconf 85' lang='lat' dir='ltr'>vitando,</span> <span class='ocrx_word' id='word_1_11' title='bbox 1494 613 1620 702; x_wconf 79' lang='lat' dir='ltr'>ingredi</span> <span class='ocrx_word' id='word_1_12' title='bbox 1686 631 1687 666; x_wconf 64' lang='lat'>1</span> 
     </span>
    </p>
   </div>
   <div class='ocr_carea' id='block_1_3' title="bbox 457 701 1687 812">
    <p class='ocr_par' dir='ltr' id='par_1_3' title="bbox 457 701 1687 812">
     <span class='ocr_line' id='line_1_3' title="bbox 457 701 1687 812; baseline -0.002 -18"><span class='ocrx_word' id='word_1_13' title='bbox 457 727 643 804; x_wconf 85' lang='lat' dir='ltr'>ecclesiam,</span> <span class='ocrx_word' id='word_1_14' title='bbox 659 726 773 810; x_wconf 82' lang='lat' dir='ltr'>ibique</span> <span class='ocrx_word' id='word_1_15' title='bbox 788 728 913 792; x_wconf 91' lang='lat' dir='ltr'>morari</span> <span class='ocrx_word' id='word_1_16' title='bbox 927 732 961 792; x_wconf 88' lang='lat' dir='ltr'>et</span> <span class='ocrx_word' id='word_1_17' title='bbox 975 746 1093 812; x_wconf 90' lang='lat' dir='ltr'>preces</span> <span class='ocrx_word' id='word_1_18' title='bbox 1105 728 1255 811; x_wconf 86' lang='lat' dir='ltr'>privatas</span> <span class='ocrx_word' id='word_1_19' title='bbox 1269 727 1411 792; x_wconf 83' lang='lat' dir='ltr'>fundere</span> <span class='ocrx_word' id='word_1_20' title='bbox 1428 729 1570 793; x_wconf 83' lang='lat' dir='ltr'>seorsim</span> <span class='ocrx_word' id='word_1_21' title='bbox 1585 731 1620 792; x_wconf 88' lang='lat' dir='ltr'>ab</span> <span class='ocrx_word' id='word_1_22' title='bbox 1686 701 1687 774; x_wconf 55' lang='grc' dir='ltr'><strong>ἶ</strong></span> 
     </span>
    </p>
   </div>
   <div class='ocr_carea' id='block_1_4' title="bbox 457 835 1622 1139">
    <p class='ocr_par' dir='ltr' id='par_1_4' title="bbox 457 835 1622 1139">
     <span class='ocr_line' id='line_1_4' title="bbox 457 835 1622 922; baseline -0.001 -20"><span class='ocrx_word' id='word_1_23' title='bbox 457 837 529 903; x_wconf 84' lang='lat' dir='ltr'>aliis</span> <span class='ocrx_word' id='word_1_24' title='bbox 546 836 710 916; x_wconf 80' lang='lat' dir='ltr'>fidelibus,</span> <span class='ocrx_word' id='word_1_25' title='bbox 725 837 805 920; x_wconf 90' lang='lat' dir='ltr'>qnia</span> <span class='ocrx_word' id='word_1_26' title='bbox 813 837 947 902; x_wconf 89' lang='lat' dir='ltr'>nullum</span> <span class='ocrx_word' id='word_1_27' title='bbox 955 841 1067 904; x_wconf 84' lang='lat' dir='ltr'>exstat</span> <span class='ocrx_word' id='word_1_28' title='bbox 1078 841 1286 922; x_wconf 85' lang='lat' dir='ltr'>praeoeptum</span> <span class='ocrx_word' id='word_1_29' title='bbox 1298 835 1482 902; x_wconf 81' lang='lat' dir='ltr'>excludens</span> <span class='ocrx_word' id='word_1_30' title='bbox 1494 855 1622 903; x_wconf 86' lang='lat' dir='ltr'>excom-</span> 
     </span>
     <span class='ocr_line' id='line_1_5' title="bbox 457 945 1621 1030; baseline 0 -20"><span class='ocrx_word' id='word_1_31' title='bbox 457 947 667 1010; x_wconf 89' lang='lat' dir='ltr'>municatum</span> <span class='ocrx_word' id='word_1_32' title='bbox 681 945 723 1010; x_wconf 88' lang='lat' dir='ltr'>ab</span> <span class='ocrx_word' id='word_1_33' title='bbox 738 945 895 1026; x_wconf 77' lang='lat' dir='ltr'>ingressu</span> <span class='ocrx_word' id='word_1_34' title='bbox 910 945 1071 1023; x_wconf 71' lang='lat' dir='ltr'>ecclesiae,</span> <span class='ocrx_word' id='word_1_35' title='bbox 1090 945 1225 1030; x_wconf 89' lang='lat' dir='ltr'>quando</span> <span class='ocrx_word' id='word_1_36' title='bbox 1238 945 1353 1010; x_wconf 80' lang='lat' dir='ltr'>divina</span> <span class='ocrx_word' id='word_1_37' title='bbox 1368 946 1480 1011; x_wconf 83' lang='lat' dir='ltr'>oldaia</span> <span class='ocrx_word' id='word_1_38' title='bbox 1493 963 1564 1010; x_wconf 93' lang='lat' dir='ltr'>non</span> <span class='ocrx_word' id='word_1_39' title='bbox 1576 965 1621 1010; x_wconf 83' lang='lat' dir='ltr'>oe</span> 
     </span>
     <span class='ocr_line' id='line_1_6' title="bbox 457 1051 1622 1139; baseline 0 -23"><span class='ocrx_word' id='word_1_40' title='bbox 457 1052 640 1120; x_wconf 89' lang='lat' dir='ltr'>lebrantur.</span> <span class='ocrx_word' id='word_1_41' title='bbox 660 1051 775 1118; x_wconf 87' lang='lat' dir='ltr'>Potest</span> <span class='ocrx_word' id='word_1_42' title='bbox 789 1072 925 1119; x_wconf 88' lang='lat' dir='ltr'>sumere</span> <span class='ocrx_word' id='word_1_43' title='bbox 940 1073 1064 1139; x_wconf 86' lang='lat' dir='ltr'>aquarn</span> <span class='ocrx_word' id='word_1_44' title='bbox 1079 1054 1302 1131; x_wconf 78' lang='lat' dir='ltr'>benedictam,</span> <span class='ocrx_word' id='word_1_45' title='bbox 1318 1055 1366 1118; x_wconf 90' lang='lat' dir='ltr'>uti</span> <span class='ocrx_word' id='word_1_46' title='bbox 1378 1053 1583 1136; x_wconf 80' lang='lat' dir='ltr'>imaginibus</span> <span class='ocrx_word' id='word_1_47' title='bbox 1593 1059 1622 1117; x_wconf 87' lang='lat' dir='ltr'>et</span> 
     </span>
    </p>
   </div>
   <div class='ocr_carea' id='block_1_5' title="bbox 456 1161 1687 1244">
    <p class='ocr_par' dir='ltr' id='par_1_5' title="bbox 456 1161 1687 1244">
     <span class='ocr_line' id='line_1_7' title="bbox 456 1161 1687 1244; baseline -0.001 -18"><span class='ocrx_word' id='word_1_48' title='bbox 456 1161 530 1226; x_wconf 82' lang='lat' dir='ltr'>aliis</span> <span class='ocrx_word' id='word_1_49' title='bbox 552 1161 718 1226; x_wconf 82' lang='lat' dir='ltr'>similibus</span> <span class='ocrx_word' id='word_1_50' title='bbox 737 1162 839 1228; x_wconf 88' lang='lat' dir='ltr'>robus</span> <span class='ocrx_word' id='word_1_51' title='bbox 861 1161 985 1240; x_wconf 90' lang='lat' dir='ltr'>sacris;</span> <span class='ocrx_word' id='word_1_52' title='bbox 1005 1166 1244 1228; x_wconf 80' lang='lat' dir='ltr'>verumtamen</span> <span class='ocrx_word' id='word_1_53' title='bbox 1265 1179 1335 1226; x_wconf 93' lang='lat' dir='ltr'>non</span> <span class='ocrx_word' id='word_1_54' title='bbox 1350 1163 1530 1244; x_wconf 87' lang='lat' dir='ltr'>participat</span> <span class='ocrx_word' id='word_1_55' title='bbox 1543 1163 1622 1226; x_wconf 85' lang='lat' dir='ltr'>fruc·</span> <span class='ocrx_word' id='word_1_56' title='bbox 1686 1221 1687 1238; x_wconf 16' lang='grc' dir='ltr'>ἶ</span> 
     </span>
    </p>
   </div>
   <div class='ocr_carea' id='block_1_6' title="bbox 457 1267 1432 1364">
    <p class='ocr_par' dir='ltr' id='par_1_6' title="bbox 457 1267 1432 1364">
     <span class='ocr_line' id='line_1_8' title="bbox 457 1267 1432 1364; baseline 0 -32"><span class='ocrx_word' id='word_1_57' title='bbox 457 1274 531 1333; x_wconf 89' lang='lat' dir='ltr'>tum</span> <span class='ocrx_word' id='word_1_58' title='bbox 547 1287 649 1354; x_wconf 87' lang='lat' dir='ltr'>quem</span> <span class='ocrx_word' id='word_1_59' title='bbox 662 1286 751 1352; x_wconf 88' lang='lat' dir='ltr'>aqua</span> <span class='ocrx_word' id='word_1_60' title='bbox 761 1267 819 1333; x_wconf 92' lang='lat' dir='ltr'>illa</span> <span class='ocrx_word' id='word_1_61' title='bbox 834 1269 938 1364; x_wconf 87' lang='lat' dir='ltr'>babet</span> <span class='ocrx_word' id='word_1_62' title='bbox 953 1289 995 1335; x_wconf 87' lang='lat' dir='ltr'>ox</span> <span class='ocrx_word' id='word_1_63' title='bbox 1014 1271 1249 1336; x_wconf 88' lang='lat' dir='ltr'>benedictione</span> <span class='ocrx_word' id='word_1_64' title='bbox 1267 1269 1432 1336; x_wconf 74' lang='lat' dir='ltr'>Ecclesia.</span> 
     </span>
    </p>
   </div>
   <div class='ocr_carea' id='block_1_7' title="bbox 458 1359 1687 1556">
    <p class='ocr_par' dir='ltr' id='par_1_7' title="bbox 458 1359 1687 1556">
     <span class='ocr_line' id='line_1_9' title="bbox 497 1359 1687 1462; baseline -0.003 -20"><span class='ocrx_word' id='word_1_65' title='bbox 497 1377 598 1443; x_wconf 80' lang='lat' dir='ltr'>licite</span> <span class='ocrx_word' id='word_1_66' title='bbox 616 1381 729 1462; x_wconf 88' lang='lat' dir='ltr'>potest</span> <span class='ocrx_word' id='word_1_67' title='bbox 748 1377 906 1443; x_wconf 88' lang='lat' dir='ltr'>assistere</span> <span class='ocrx_word' id='word_1_68' title='bbox 922 1379 1089 1458; x_wconf 90' lang='lat' dir='ltr'>concioni,</span> <span class='ocrx_word' id='word_1_69' title='bbox 1105 1377 1242 1444; x_wconf 88' lang='lat' dir='ltr'>lectioni</span> <span class='ocrx_word' id='word_1_70' title='bbox 1263 1377 1455 1460; x_wconf 76' lang='lat' dir='ltr'>theologie,</span> <span class='ocrx_word' id='word_1_71' title='bbox 1471 1395 1537 1442; x_wconf 89' lang='lat' dir='ltr'>nec</span> <span class='ocrx_word' id='word_1_72' title='bbox 1551 1381 1621 1440; x_wconf 86' lang='lat' dir='ltr'>tunc</span> <span class='ocrx_word' id='word_1_73' title='bbox 1686 1359 1687 1396; x_wconf 52' lang='lat' dir='ltr'>r</span> 
     </span>
     <span class='ocr_line' id='line_1_10' title="bbox 458 1484 1687 1556; baseline -0.002 -4"><span class='ocrx_word' id='word_1_74' title='bbox 458 1485 513 1552; x_wconf 83' lang='lat' dir='ltr'>alii</span> <span class='ocrx_word' id='word_1_75' title='bbox 527 1484 645 1552; x_wconf 88' lang='lat' dir='ltr'>ssdeles</span> <span class='ocrx_word' id='word_1_76' title='bbox 660 1490 819 1550; x_wconf 88' lang='lat' dir='ltr'>tenentur</span> <span class='ocrx_word' id='word_1_77' title='bbox 833 1486 1003 1552; x_wconf 88' lang='lat' dir='ltr'>recodere.</span> <span class='ocrx_word' id='word_1_78' title='bbox 1023 1487 1107 1554; x_wconf 90' lang='lat' dir='ltr'>Nam</span> <span class='ocrx_word' id='word_1_79' title='bbox 1120 1489 1156 1554; x_wconf 94' lang='lat' dir='ltr'>in</span> <span class='ocrx_word' id='word_1_80' title='bbox 1170 1489 1235 1553; x_wconf 93' lang='lat' dir='ltr'>hoc</span> <span class='ocrx_word' id='word_1_81' title='bbox 1257 1506 1327 1553; x_wconf 93' lang='lat' dir='ltr'>non</span> <span class='ocrx_word' id='word_1_82' title='bbox 1342 1489 1381 1551; x_wconf 88' lang='lat' dir='ltr'>tlt</span> <span class='ocrx_word' id='word_1_83' title='bbox 1402 1486 1622 1552; x_wconf 89' lang='lat' dir='ltr'>communica·</span> <span class='ocrx_word' id='word_1_84' title='bbox 1686 1529 1687 1556; x_wconf 65' lang='lat'><em>2</em></span> 
     </span>
    </p>
   </div>
   <div class='ocr_carea' id='block_1_8' title="bbox 458 1593 1622 1680">
    <p class='ocr_par' dir='ltr' id='par_1_8' title="bbox 458 1593 1622 1680">
     <span class='ocr_line' id='line_1_11' title="bbox 458 1593 1622 1680; baseline -0.001 -22"><span class='ocrx_word' id='word_1_85' title='bbox 458 1597 515 1673; x_wconf 90' lang='lat' dir='ltr'>tio,</span> <span class='ocrx_word' id='word_1_86' title='bbox 538 1611 617 1659; x_wconf 90' lang='lat' dir='ltr'>cum</span> <span class='ocrx_word' id='word_1_87' title='bbox 641 1593 876 1680; x_wconf 86' lang='lat' dir='ltr'>unusquisque</span> <span class='ocrx_word' id='word_1_88' title='bbox 896 1613 939 1660; x_wconf 85' lang='lat' dir='ltr'>ex</span> <span class='ocrx_word' id='word_1_89' title='bbox 963 1595 1178 1662; x_wconf 77' lang='lat' dir='ltr'>audientibus</span> <span class='ocrx_word' id='word_1_90' title='bbox 1195 1597 1338 1661; x_wconf 83' lang='lat' dir='ltr'>seorsim</span> <span class='ocrx_word' id='word_1_91' title='bbox 1358 1593 1483 1660; x_wconf 90' lang='lat' dir='ltr'>audiat.</span> <span class='ocrx_word' id='word_1_92' title='bbox 1506 1594 1622 1658; x_wconf 79' lang='lat' dir='ltr'>Atnon</span> 
     </span>
    </p>
   </div>
   <div class='ocr_carea' id='block_1_9' title="bbox 457 1701 1687 1894">
    <p class='ocr_par' dir='ltr' id='par_1_9' title="bbox 457 1701 1687 1894">
     <span class='ocr_line' id='line_1_12' title="bbox 457 1701 1687 1786; baseline -0.007 -15"><span class='ocrx_word' id='word_1_93' title='bbox 457 1708 573 1786; x_wconf 90' lang='lat' dir='ltr'>posset</span> <span class='ocrx_word' id='word_1_94' title='bbox 595 1703 755 1769; x_wconf 86' lang='lat' dir='ltr'>vitandus</span> <span class='ocrx_word' id='word_1_95' title='bbox 778 1702 972 1767; x_wconf 88' lang='lat' dir='ltr'>concionari</span> <span class='ocrx_word' id='word_1_96' title='bbox 990 1702 1045 1767; x_wconf 88' lang='lat' dir='ltr'>vel</span> <span class='ocrx_word' id='word_1_97' title='bbox 1067 1702 1183 1785; x_wconf 80' lang='lat' dir='ltr'>legere</span> <span class='ocrx_word' id='word_1_98' title='bbox 1203 1702 1421 1785; x_wconf 76' lang='lat' dir='ltr'>theologiam,</span> <span class='ocrx_word' id='word_1_99' title='bbox 1452 1701 1533 1786; x_wconf 86' lang='lat' dir='ltr'>quia</span> <span class='ocrx_word' id='word_1_100' title='bbox 1552 1707 1622 1764; x_wconf 87' lang='lat' dir='ltr'>tunc</span> <span class='ocrx_word' id='word_1_101' title='bbox 1686 1713 1687 1778; x_wconf 69' lang='grc' dir='ltr'><strong>ξ</strong></span> 
     </span>
     <span class='ocr_line' id='line_1_13' title="bbox 458 1809 1687 1894; baseline -0.005 -18"><span class='ocrx_word' id='word_1_102' title='bbox 458 1811 635 1876; x_wconf 75' lang='lat' dir='ltr'>audientes</span> <span class='ocrx_word' id='word_1_103' title='bbox 649 1831 728 1876; x_wconf 93' lang='lat' dir='ltr'>cum</span> <span class='ocrx_word' id='word_1_104' title='bbox 743 1827 784 1876; x_wconf 92' lang='lat' dir='ltr'>eo</span> <span class='ocrx_word' id='word_1_105' title='bbox 799 1811 1100 1876; x_wconf 90' lang='lat' dir='ltr'>communicarent.</span> <span class='ocrx_word' id='word_1_106' title='bbox 1119 1811 1244 1876; x_wconf 88' lang='lat' dir='ltr'>Verum</span> <span class='ocrx_word' id='word_1_107' title='bbox 1260 1810 1423 1877; x_wconf 87' lang='lat' dir='ltr'>toleratus</span> <span class='ocrx_word' id='word_1_108' title='bbox 1435 1815 1560 1894; x_wconf 87' lang='lat' dir='ltr'>potest,</span> <span class='ocrx_word' id='word_1_109' title='bbox 1572 1809 1623 1872; x_wconf 88' lang='lat' dir='ltr'>sal-</span> <span class='ocrx_word' id='word_1_110' title='bbox 1686 1853 1687 1860; x_wconf 16' lang='grc' dir='ltr'><strong>κ</strong></span> 
     </span>
    </p>
   </div>
   <div class='ocr_carea' id='block_1_10' title="bbox 456 1918 1623 2744">
    <p class='ocr_par' dir='ltr' id='par_1_10' title="bbox 456 1918 1623 2113">
     <span class='ocr_line' id='line_1_14' title="bbox 458 1918 1623 2004; baseline -0.003 -20"><span class='ocrx_word' id='word_1_111' title='bbox 458 1925 529 1984; x_wconf 90' lang='lat' dir='ltr'>tem</span> <span class='ocrx_word' id='word_1_112' title='bbox 549 1920 591 1986; x_wconf 89' lang='lat' dir='ltr'>ad</span> <span class='ocrx_word' id='word_1_113' title='bbox 609 1921 810 2004; x_wconf 82' lang='lat' dir='ltr'>petitionem</span> <span class='ocrx_word' id='word_1_114' title='bbox 829 1918 993 1999; x_wconf 81' lang='lat' dir='ltr'>bdelium,</span> <span class='ocrx_word' id='word_1_115' title='bbox 1010 1919 1206 1986; x_wconf 91' lang='lat' dir='ltr'>concionari</span> <span class='ocrx_word' id='word_1_116' title='bbox 1221 1919 1395 2001; x_wconf 79' lang='lat' dir='ltr'>ellegere,</span> <span class='ocrx_word' id='word_1_117' title='bbox 1412 1924 1450 1983; x_wconf 93' lang='lat' dir='ltr'>nt</span> <span class='ocrx_word' id='word_1_118' title='bbox 1463 1922 1623 1984; x_wconf 87' lang='lat' dir='ltr'>constata</span> 
     </span>
     <span class='ocr_line' id='line_1_15' title="bbox 456 2027 1551 2113; baseline -0.003 -21"><span class='ocrx_word' id='word_1_119' title='bbox 456 2028 586 2093; x_wconf 84' lang='lat' dir='ltr'>fortiori</span> <span class='ocrx_word' id='word_1_120' title='bbox 599 2047 642 2092; x_wconf 84' lang='lat' dir='ltr'>cx</span> <span class='ocrx_word' id='word_1_121' title='bbox 657 2047 758 2113; x_wconf 89' lang='lat' dir='ltr'>supra</span> <span class='ocrx_word' id='word_1_122' title='bbox 771 2028 867 2093; x_wconf 89' lang='lat' dir='ltr'>dictis</span> <span class='ocrx_word' id='word_1_123' title='bbox 884 2028 926 2093; x_wconf 90' lang='lat' dir='ltr'>de</span> <span class='ocrx_word' id='word_1_124' title='bbox 939 2027 1232 2093; x_wconf 83' lang='lat' dir='ltr'>administratione</span> <span class='ocrx_word' id='word_1_125' title='bbox 1248 2032 1551 2093; x_wconf 89' lang='lat' dir='ltr'>sacramentorum.</span> 
     </span>
    </p>

    <p class='ocr_par' dir='ltr' id='par_1_11' title="bbox 460 2133 1623 2744">
     <span class='ocr_line' id='line_1_16' title="bbox 499 2133 1622 2220; baseline -0.003 -20"><span class='ocrx_word' id='word_1_126' title='bbox 499 2136 570 2202; x_wconf 90' lang='lat' dir='ltr'>lmo</span> <span class='ocrx_word' id='word_1_127' title='bbox 586 2137 909 2213; x_wconf 85' lang='lat' dir='ltr'>excommunicatus,</span> <span class='ocrx_word' id='word_1_128' title='bbox 923 2136 1082 2220; x_wconf 90' lang='lat' dir='ltr'>privatim</span> <span class='ocrx_word' id='word_1_129' title='bbox 1093 2137 1265 2202; x_wconf 92' lang='lat' dir='ltr'>recitando</span> <span class='ocrx_word' id='word_1_130' title='bbox 1276 2136 1437 2212; x_wconf 81' lang='lat' dir='ltr'>officium,</span> <span class='ocrx_word' id='word_1_131' title='bbox 1450 2139 1567 2220; x_wconf 90' lang='lat' dir='ltr'>posset</span> <span class='ocrx_word' id='word_1_132' title='bbox 1576 2133 1622 2198; x_wconf 88' lang='lat' dir='ltr'>ali-</span> 
     </span>
     <span class='ocr_line' id='line_1_17' title="bbox 460 2241 1623 2329; baseline -0.007 -19"><span class='ocrx_word' id='word_1_133' title='bbox 460 2244 595 2329; x_wconf 92' lang='lat' dir='ltr'>quando</span> <span class='ocrx_word' id='word_1_134' title='bbox 609 2244 768 2310; x_wconf 87' lang='lat' dir='ltr'>adhibere</span> <span class='ocrx_word' id='word_1_135' title='bbox 783 2245 914 2310; x_wconf 89' lang='lat' dir='ltr'>socium</span> <span class='ocrx_word' id='word_1_136' title='bbox 928 2261 997 2309; x_wconf 91' lang='lat' dir='ltr'>non</span> <span class='ocrx_word' id='word_1_137' title='bbox 1013 2245 1356 2322; x_wconf 86' lang='lat' dir='ltr'>excommunicatum,</span> <span class='ocrx_word' id='word_1_138' title='bbox 1372 2249 1408 2308; x_wconf 89' lang='lat' dir='ltr'>et</span> <span class='ocrx_word' id='word_1_139' title='bbox 1426 2243 1510 2308; x_wconf 87' lang='lat' dir='ltr'>alias</span> <span class='ocrx_word' id='word_1_140' title='bbox 1524 2241 1623 2326; x_wconf 89' lang='lat' dir='ltr'>prohi-</span> 
     </span>
     <span class='ocr_line' id='line_1_18' title="bbox 460 2349 1622 2418; baseline -0.007 0"><span class='ocrx_word' id='word_1_141' title='bbox 460 2353 542 2418; x_wconf 91' lang='lat' dir='ltr'>bitio</span> <span class='ocrx_word' id='word_1_142' title='bbox 568 2353 698 2418; x_wconf 90' lang='lat' dir='ltr'>socium</span> <span class='ocrx_word' id='word_1_143' title='bbox 726 2351 906 2418; x_wconf 88' lang='lat' dir='ltr'>adhibendi</span> <span class='ocrx_word' id='word_1_144' title='bbox 936 2369 1006 2418; x_wconf 91' lang='lat' dir='ltr'>non</span> <span class='ocrx_word' id='word_1_145' title='bbox 1035 2352 1367 2418; x_wconf 83' lang='lat' dir='ltr'>excommunicatum</span> <span class='ocrx_word' id='word_1_146' title='bbox 1395 2356 1447 2416; x_wconf 90' lang='lat' dir='ltr'>est</span> <span class='ocrx_word' id='word_1_147' title='bbox 1474 2352 1540 2414; x_wconf 84' lang='lat' dir='ltr'>sub</span> <span class='ocrx_word' id='word_1_148' title='bbox 1566 2349 1622 2412; x_wconf 84' lang='lat' dir='ltr'>levi</span> 
     </span>
     <span class='ocr_line' id='line_1_19' title="bbox 462 2460 1622 2556; baseline -0.009 -28"><span class='ocrx_word' id='word_1_149' title='bbox 462 2466 604 2528; x_wconf 86' lang='lat' dir='ltr'>tantum.</span> <span class='ocrx_word' id='word_1_150' title='bbox 621 2462 783 2538; x_wconf 81' lang='lat' dir='ltr'>Quaelibot</span> <span class='ocrx_word' id='word_1_151' title='bbox 797 2479 880 2544; x_wconf 79' lang='lat' dir='ltr'>ergo</span> <span class='ocrx_word' id='word_1_152' title='bbox 894 2462 1080 2527; x_wconf 79' lang='lat' dir='ltr'>necessitas</span> <span class='ocrx_word' id='word_1_153' title='bbox 1090 2461 1146 2526; x_wconf 85' lang='lat' dir='ltr'>vel</span> <span class='ocrx_word' id='word_1_154' title='bbox 1156 2461 1282 2556; x_wconf 84' lang='lat' dir='ltr'>utilitas</span> <span class='ocrx_word' id='word_1_155' title='bbox 1294 2465 1473 2528; x_wconf 81' lang='lat' dir='ltr'>excusaret</span> <span class='ocrx_word' id='word_1_156' title='bbox 1482 2461 1528 2526; x_wconf 91' lang='lat' dir='ltr'>ab</span> <span class='ocrx_word' id='word_1_157' title='bbox 1541 2460 1622 2524; x_wconf 89' lang='lat' dir='ltr'>omni</span> 
     </span>
     <span class='ocr_line' id='line_1_20' title="bbox 461 2566 1623 2654; baseline -0.005 -19"><span class='ocrx_word' id='word_1_158' title='bbox 461 2575 595 2654; x_wconf 90' lang='lat' dir='ltr'>peccato</span> <span class='ocrx_word' id='word_1_159' title='bbox 621 2591 629 2634; x_wconf 73' lang='grc' dir='ltr'>ε</span> <span class='ocrx_word' id='word_1_160' title='bbox 655 2571 702 2635; x_wconf 89' lang='lat' dir='ltr'>sic</span> <span class='ocrx_word' id='word_1_161' title='bbox 725 2572 904 2654; x_wconf 89' lang='lat' dir='ltr'>episcopus</span> <span class='ocrx_word' id='word_1_162' title='bbox 929 2574 1046 2653; x_wconf 88' lang='lat' dir='ltr'>posset</span> <span class='ocrx_word' id='word_1_163' title='bbox 1069 2589 1190 2637; x_wconf 85' lang='lat' dir='ltr'>vocare</span> <span class='ocrx_word' id='word_1_164' title='bbox 1212 2571 1425 2654; x_wconf 86' lang='lat' dir='ltr'>capellanum</span> <span class='ocrx_word' id='word_1_165' title='bbox 1449 2586 1562 2647; x_wconf 86' lang='lat' dir='ltr'>suurn.</span> <span class='ocrx_word' id='word_1_166' title='bbox 1583 2566 1623 2629; x_wconf 89' lang='lat' dir='ltr'>lla</span> 
     </span>
     <span class='ocr_line' id='line_1_21' title="bbox 463 2677 889 2744; baseline -0.007 -2"><span class='ocrx_word' id='word_1_167' title='bbox 463 2679 567 2743; x_wconf 89' lang='lat' dir='ltr'>etiam</span> <span class='ocrx_word' id='word_1_168' title='bbox 584 2679 811 2744; x_wconf 88' lang='lat' dir='ltr'>communiter</span> <span class='ocrx_word' id='word_1_169' title='bbox 825 2677 889 2740; x_wconf 81' lang='lat' dir='ltr'>bl).</span> 
     </span>
    </p>
   </div>
   <div class='ocr_carea' id='block_1_11' title="bbox 463 2784 1687 2978">
    <p class='ocr_par' dir='ltr' id='par_1_12' title="bbox 463 2784 1687 2984">
     <span class='ocr_line' id='line_1_22' title="bbox 501 2784 1687 2886; baseline -0.008 -34"><span class='ocrx_word' id='word_1_170' title='bbox 501 2789 533 2852; x_wconf 65' lang='grc' dir='ltr'>δ’</span> <span class='ocrx_word' id='word_1_171' title='bbox 545 2786 863 2852; x_wconf 86' lang='lat' dir='ltr'>Excommunioatus</span> <span class='ocrx_word' id='word_1_172' title='bbox 878 2784 1031 2868; x_wconf 89' lang='lat' dir='ltr'>privatur</span> <span class='ocrx_word' id='word_1_173' title='bbox 1041 2786 1145 2851; x_wconf 89' lang='lat' dir='ltr'>etiam</span> <span class='ocrx_word' id='word_1_174' title='bbox 1160 2787 1380 2852; x_wconf 82' lang='lat' dir='ltr'>ecclesiastica</span> <span class='ocrx_word' id='word_1_175' title='bbox 1393 2786 1578 2872; x_wconf 80' lang='lat' dir='ltr'>sepultura,</span> <span class='ocrx_word' id='word_1_176' title='bbox 1597 2786 1622 2845; x_wconf 89' lang='lat' dir='ltr'>el</span> <span class='ocrx_word' id='word_1_177' title='bbox 1686 2819 1687 2886; x_wconf 55' lang='lat' dir='ltr'>f</span> 
     </span>
     <span class='ocr_line' id='line_1_23' title="bbox 463 2889 1623 2978; baseline -0.008 -17"><span class='ocrx_word' id='word_1_178' title='bbox 463 2896 504 2962; x_wconf 90' lang='lat' dir='ltr'>de</span> <span class='ocrx_word' id='word_1_179' title='bbox 517 2896 582 2960; x_wconf 94' lang='lat' dir='ltr'>boc</span> <span class='ocrx_word' id='word_1_180' title='bbox 596 2895 719 2960; x_wconf 87' lang='lat' dir='ltr'>effectu</span> <span class='ocrx_word' id='word_1_181' title='bbox 730 2892 828 2976; x_wconf 93' lang='lat' dir='ltr'>plura</span> <span class='ocrx_word' id='word_1_182' title='bbox 838 2897 919 2956; x_wconf 91' lang='lat' dir='ltr'>sunt</span> <span class='ocrx_word' id='word_1_183' title='bbox 931 2891 1084 2958; x_wconf 89' lang='lat' dir='ltr'>dicenda.</span> <span class='ocrx_word' id='word_1_184' title='bbox 1100 2893 1267 2978; x_wconf 85' lang='lat' dir='ltr'>Imprimis</span> <span class='ocrx_word' id='word_1_185' title='bbox 1277 2895 1468 2961; x_wconf 88' lang='lat' dir='ltr'>notandum</span> <span class='ocrx_word' id='word_1_186' title='bbox 1480 2889 1623 2975; x_wconf 85' lang='lat' dir='ltr'>estquod</span> 
     </span>
    </p>
   </div>
   <div class='ocr_carea' id='block_1_12' title="bbox 385 2999 1625 4388">
    <p class='ocr_par' dir='ltr' id='par_1_13' title="bbox 385 2999 1625 4388">
     <span class='ocr_line' id='line_1_24' title="bbox 385 2999 1624 3096; baseline -0.006 -27"><span class='ocrx_word' id='word_1_187' title='bbox 385 3071 389 3080; x_wconf 76' lang='grc'><strong>,</strong></span> <span class='ocrx_word' id='word_1_188' title='bbox 462 3003 774 3068; x_wconf 86' lang='lat' dir='ltr'>excommunicatus</span> <span class='ocrx_word' id='word_1_189' title='bbox 784 3003 959 3085; x_wconf 86' lang='lat' dir='ltr'>sepultura</span> <span class='ocrx_word' id='word_1_190' title='bbox 967 3002 1359 3086; x_wconf 84' lang='lat' dir='ltr'>ecclesiasticaprivatur,</span> <span class='ocrx_word' id='word_1_191' title='bbox 1371 3001 1506 3096; x_wconf 86' lang='lat' dir='ltr'>etiamsi</span> <span class='ocrx_word' id='word_1_192' title='bbox 1522 2999 1624 3064; x_wconf 91' lang='lat' dir='ltr'>deces-</span> 
     </span>
     <span class='ocr_line' id='line_1_25' title="bbox 462 3110 1622 3196; baseline 0.003 -22"><span class='ocrx_word' id='word_1_193' title='bbox 462 3111 544 3175; x_wconf 87' lang='lat' dir='ltr'>serit</span> <span class='ocrx_word' id='word_1_194' title='bbox 556 3129 634 3174; x_wconf 91' lang='lat' dir='ltr'>cum</span> <span class='ocrx_word' id='word_1_195' title='bbox 659 3111 765 3192; x_wconf 82' lang='lat' dir='ltr'>signis</span> <span class='ocrx_word' id='word_1_196' title='bbox 785 3111 996 3176; x_wconf 85' lang='lat' dir='ltr'>contritionis</span> <span class='ocrx_word' id='word_1_197' title='bbox 1021 3110 1189 3188; x_wconf 84' lang='lat' dir='ltr'>exhibitis,</span> <span class='ocrx_word' id='word_1_198' title='bbox 1208 3117 1252 3188; x_wconf 89' lang='lat' dir='ltr'>et,</span> <span class='ocrx_word' id='word_1_199' title='bbox 1271 3116 1435 3196; x_wconf 90' lang='lat' dir='ltr'>quantum</span> <span class='ocrx_word' id='word_1_200' title='bbox 1459 3115 1514 3174; x_wconf 87' lang='lat' dir='ltr'>est</span> <span class='ocrx_word' id='word_1_201' title='bbox 1528 3127 1569 3173; x_wconf 82' lang='lat' dir='ltr'>ex</span> <span class='ocrx_word' id='word_1_202' title='bbox 1583 3124 1622 3177; x_wconf 71' lang='lat' dir='ltr'>ss,</span> 
     </span>
     <span class='ocr_line' id='line_1_26' title="bbox 462 3216 1622 3302; baseline -0.003 -20"><span class='ocrx_word' id='word_1_203' title='bbox 462 3216 1622 3302; x_wconf 76' lang='lat' dir='ltr'>quaesieritabsolntionem:constatexc.Socris,deSepult.,Glem.l¹,</span> 
     </span>
     <span class='ocr_line' id='line_1_27' title="bbox 463 3323 1625 3410; baseline -0.005 -21"><span class='ocrx_word' id='word_1_204' title='bbox 463 3325 537 3390; x_wconf 87' lang='lat' dir='ltr'>aod.</span> <span class='ocrx_word' id='word_1_205' title='bbox 554 3325 617 3402; x_wconf 90' lang='lat' dir='ltr'>tit.;</span> <span class='ocrx_word' id='word_1_206' title='bbox 644 3343 672 3389; x_wconf 91' lang='lat' dir='ltr'>c.</span> <span class='ocrx_word' id='word_1_207' title='bbox 691 3325 910 3409; x_wconf 78' lang='lat' dir='ltr'>Quicumque,</span> <span class='ocrx_word' id='word_1_208' title='bbox 925 3325 966 3389; x_wconf 82' lang='lat' dir='ltr'>cle</span> <span class='ocrx_word' id='word_1_209' title='bbox 981 3325 1120 3402; x_wconf 68' lang='lat' dir='ltr'>Haeret„</span> <span class='ocrx_word' id='word_1_210' title='bbox 1139 3328 1175 3390; x_wconf 92' lang='lat' dir='ltr'>in</span> <span class='ocrx_word' id='word_1_211' title='bbox 1189 3327 1231 3401; x_wconf 81' lang='lat'>6⁰,</span> <span class='ocrx_word' id='word_1_212' title='bbox 1249 3331 1312 3390; x_wconf 89' lang='lat' dir='ltr'>etc.</span> <span class='ocrx_word' id='word_1_213' title='bbox 1328 3323 1424 3390; x_wconf 88' lang='lat' dir='ltr'>Unde</span> <span class='ocrx_word' id='word_1_214' title='bbox 1439 3343 1510 3390; x_wconf 94' lang='lat' dir='ltr'>non</span> <span class='ocrx_word' id='word_1_215' title='bbox 1525 3327 1625 3410; x_wconf 87' lang='lat' dir='ltr'>potest</span> 
     </span>
     <span class='ocr_line' id='line_1_28' title="bbox 463 3427 1623 3520; baseline -0.003 -22"><span class='ocrx_word' id='word_1_216' title='bbox 463 3435 774 3500; x_wconf 86' lang='lat' dir='ltr'>excommunicatus</span> <span class='ocrx_word' id='word_1_217' title='bbox 789 3434 922 3519; x_wconf 92' lang='lat' dir='ltr'>sepeliri</span> <span class='ocrx_word' id='word_1_218' title='bbox 937 3435 972 3499; x_wconf 90' lang='lat' dir='ltr'>in</span> <span class='ocrx_word' id='word_1_219' title='bbox 992 3433 1069 3499; x_wconf 91' lang='lat' dir='ltr'>loco</span> <span class='ocrx_word' id='word_1_220' title='bbox 1086 3453 1195 3512; x_wconf 84' lang='lat' dir='ltr'>sacro,</span> <span class='ocrx_word' id='word_1_221' title='bbox 1213 3427 1398 3520; x_wconf 85' lang='lat' dir='ltr'>antequam</span> <span class='ocrx_word' id='word_1_222' title='bbox 1413 3434 1623 3501; x_wconf 90' lang='lat' dir='ltr'>absolvatur:</span> 
     </span>
     <span class='ocr_line' id='line_1_29' title="bbox 462 3541 1625 3618; baseline -0.003 -12"><span class='ocrx_word' id='word_1_223' title='bbox 462 3542 509 3607; x_wconf 91' lang='lat' dir='ltr'>ita</span> <span class='ocrx_word' id='word_1_224' title='bbox 523 3541 748 3606; x_wconf 90' lang='lat' dir='ltr'>communiter</span> <span class='ocrx_word' id='word_1_225' title='bbox 766 3542 832 3604; x_wconf 81' lang='lat' dir='ltr'>bb.</span> <span class='ocrx_word' id='word_1_226' title='bbox 851 3541 915 3606; x_wconf 87' lang='lat' dir='ltr'>Per</span> <span class='ocrx_word' id='word_1_227' title='bbox 932 3541 1047 3608; x_wconf 89' lang='lat' dir='ltr'>locum</span> <span class='ocrx_word' id='word_1_228' title='bbox 1071 3561 1204 3608; x_wconf 86' lang='lat' dir='ltr'>sacrum</span> <span class='ocrx_word' id='word_1_229' title='bbox 1223 3544 1318 3608; x_wconf 88' lang='lat' dir='ltr'>venit</span> <span class='ocrx_word' id='word_1_230' title='bbox 1340 3543 1492 3618; x_wconf 88' lang='lat' dir='ltr'>ecclesia,</span> <span class='ocrx_word' id='word_1_231' title='bbox 1514 3558 1625 3607; x_wconf 77' lang='lat' dir='ltr'>cosme</span> 
     </span>
     <span class='ocr_line' id='line_1_30' title="bbox 465 3644 1625 3733; baseline 0.001 -21"><span class='ocrx_word' id='word_1_232' title='bbox 465 3649 558 3725; x_wconf 88' lang='lat' dir='ltr'>teria,</span> <span class='ocrx_word' id='word_1_233' title='bbox 583 3646 728 3713; x_wconf 89' lang='lat' dir='ltr'>claustra</span> <span class='ocrx_word' id='word_1_234' title='bbox 750 3653 784 3712; x_wconf 92' lang='lat' dir='ltr'>et</span> <span class='ocrx_word' id='word_1_235' title='bbox 807 3647 872 3712; x_wconf 89' lang='lat' dir='ltr'>alia</span> <span class='ocrx_word' id='word_1_236' title='bbox 892 3647 966 3716; x_wconf 87' lang='lat' dir='ltr'>loca</span> <span class='ocrx_word' id='word_1_237' title='bbox 990 3649 1149 3733; x_wconf 88' lang='lat' dir='ltr'>deputata</span> <span class='ocrx_word' id='word_1_238' title='bbox 1169 3669 1213 3715; x_wconf 82' lang='lat' dir='ltr'>ax</span> <span class='ocrx_word' id='word_1_239' title='bbox 1231 3651 1465 3718; x_wconf 86' lang='lat' dir='ltr'>benedictione</span> <span class='ocrx_word' id='word_1_240' title='bbox 1488 3644 1625 3733; x_wconf 85' lang='lat' dir='ltr'>episcopi</span> 
     </span>
     <span class='ocr_line' id='line_1_31' title="bbox 464 3751 1625 3824; baseline -0.004 -4"><span class='ocrx_word' id='word_1_241' title='bbox 464 3761 523 3820; x_wconf 90' lang='lat' dir='ltr'>aut</span> <span class='ocrx_word' id='word_1_242' title='bbox 546 3756 718 3822; x_wconf 90' lang='lat' dir='ltr'>communi</span> <span class='ocrx_word' id='word_1_243' title='bbox 743 3773 808 3819; x_wconf 88' lang='lat' dir='ltr'>usu</span> <span class='ocrx_word' id='word_1_244' title='bbox 830 3755 983 3821; x_wconf 80' lang='lat' dir='ltr'>fidelium</span> <span class='ocrx_word' id='word_1_245' title='bbox 1009 3757 1051 3822; x_wconf 91' lang='lat' dir='ltr'>ad</span> <span class='ocrx_word' id='word_1_246' title='bbox 1074 3757 1189 3824; x_wconf 86' lang='lat' dir='ltr'>divina</span> <span class='ocrx_word' id='word_1_247' title='bbox 1208 3759 1319 3824; x_wconf 84' lang='lat' dir='ltr'>officia</span> <span class='ocrx_word' id='word_1_248' title='bbox 1339 3757 1512 3824; x_wconf 88' lang='lat' dir='ltr'>recitanda</span> <span class='ocrx_word' id='word_1_249' title='bbox 1525 3755 1578 3820; x_wconf 88' lang='lat' dir='ltr'>vel</span> <span class='ocrx_word' id='word_1_250' title='bbox 1591 3751 1625 3817; x_wconf 91' lang='lat' dir='ltr'>ad</span> 
     </span>
     <span class='ocr_line' id='line_1_32' title="bbox 466 3851 1625 3951; baseline -0.002 -21"><span class='ocrx_word' id='word_1_251' title='bbox 466 3864 655 3948; x_wconf 87' lang='lat' dir='ltr'>sepulturas</span> <span class='ocrx_word' id='word_1_252' title='bbox 669 3863 822 3929; x_wconf 88' lang='lat' dir='ltr'>ildelium</span> <span class='ocrx_word' id='word_1_253' title='bbox 837 3865 876 3948; x_wconf 90' lang='lat' dir='ltr'>(c.</span> <span class='ocrx_word' id='word_1_254' title='bbox 894 3866 966 3943; x_wconf 82' lang='lat' dir='ltr'>lin,</span> <span class='ocrx_word' id='word_1_255' title='bbox 982 3867 1020 3930; x_wconf 86' lang='lat' dir='ltr'>de</span> <span class='ocrx_word' id='word_1_256' title='bbox 1036 3851 1174 3932; x_wconf 58' lang='lat' dir='ltr'>Census</span> <span class='ocrx_word' id='word_1_257' title='bbox 1200 3869 1334 3951; x_wconf 75' lang='lat' dir='ltr'>scales).</span> <span class='ocrx_word' id='word_1_258' title='bbox 1351 3868 1391 3933; x_wconf 87' lang='lat' dir='ltr'>Et</span> <span class='ocrx_word' id='word_1_259' title='bbox 1410 3869 1437 3932; x_wconf 91' lang='lat' dir='ltr'>si</span> <span class='ocrx_word' id='word_1_260' title='bbox 1452 3868 1540 3933; x_wconf 85' lang='lat' dir='ltr'>forte</span> <span class='ocrx_word' id='word_1_261' title='bbox 1559 3883 1625 3931; x_wconf 88' lang='lat' dir='ltr'>con-</span> 
     </span>
     <span class='ocr_line' id='line_1_33' title="bbox 468 3961 1624 4060; baseline -0.001 -23"><span class='ocrx_word' id='word_1_262' title='bbox 468 3975 576 4056; x_wconf 80' lang='lat' dir='ltr'>tingat</span> <span class='ocrx_word' id='word_1_263' title='bbox 592 3991 715 4056; x_wconf 90' lang='lat' dir='ltr'>corpus</span> <span class='ocrx_word' id='word_1_264' title='bbox 735 3971 871 4057; x_wconf 88' lang='lat' dir='ltr'>aliquod</span> <span class='ocrx_word' id='word_1_265' title='bbox 890 3961 1174 4040; x_wconf 68' lang='lat' dir='ltr'>oicommunicati</span> <span class='ocrx_word' id='word_1_266' title='bbox 1192 3976 1321 4041; x_wconf 90' lang='lat' dir='ltr'>vitandi</span> <span class='ocrx_word' id='word_1_267' title='bbox 1340 3975 1513 4060; x_wconf 88' lang='lat' dir='ltr'>sepultum</span> <span class='ocrx_word' id='word_1_268' title='bbox 1532 3975 1624 4040; x_wconf 84' lang='lat' dir='ltr'>luisse</span> 
     </span>
     <span class='ocr_line' id='line_1_34' title="bbox 465 4081 1625 4168; baseline -0.004 -24"><span class='ocrx_word' id='word_1_269' title='bbox 465 4082 501 4146; x_wconf 90' lang='lat' dir='ltr'>in</span> <span class='ocrx_word' id='word_1_270' title='bbox 514 4082 590 4146; x_wconf 90' lang='lat' dir='ltr'>loco</span> <span class='ocrx_word' id='word_1_271' title='bbox 605 4099 711 4168; x_wconf 85' lang='lat' dir='ltr'>sacro,</span> <span class='ocrx_word' id='word_1_272' title='bbox 728 4086 809 4146; x_wconf 92' lang='lat' dir='ltr'>tunc</span> <span class='ocrx_word' id='word_1_273' title='bbox 822 4083 850 4145; x_wconf 92' lang='lat' dir='ltr'>si</span> <span class='ocrx_word' id='word_1_274' title='bbox 860 4081 1006 4146; x_wconf 88' lang='lat' dir='ltr'>discerni</span> <span class='ocrx_word' id='word_1_275' title='bbox 1017 4085 1126 4167; x_wconf 86' lang='lat' dir='ltr'>possit</span> <span class='ocrx_word' id='word_1_276' title='bbox 1140 4085 1182 4148; x_wconf 91' lang='lat' dir='ltr'>ab</span> <span class='ocrx_word' id='word_1_277' title='bbox 1193 4083 1277 4162; x_wconf 88' lang='lat' dir='ltr'>aliis,</span> <span class='ocrx_word' id='word_1_278' title='bbox 1291 4083 1625 4149; x_wconf 87' lang='lat' dir='ltr'>extumulandumest</span> 
     </span>
     <span class='ocr_line' id='line_1_35' title="bbox 468 4191 1623 4278; baseline -0.003 -24"><span class='ocrx_word' id='word_1_279' title='bbox 468 4197 502 4255; x_wconf 88' lang='lat' dir='ltr'>ot</span> <span class='ocrx_word' id='word_1_280' title='bbox 523 4191 642 4274; x_wconf 91' lang='lat' dir='ltr'>procul</span> <span class='ocrx_word' id='word_1_281' title='bbox 664 4191 921 4274; x_wconf 85' lang='lat' dir='ltr'>projiciendum.</span> <span class='ocrx_word' id='word_1_282' title='bbox 939 4192 983 4256; x_wconf 82' lang='lat' dir='ltr'>dt</span> <span class='ocrx_word' id='word_1_283' title='bbox 997 4193 1025 4256; x_wconf 90' lang='lat' dir='ltr'>si</span> <span class='ocrx_word' id='word_1_284' title='bbox 1047 4212 1117 4259; x_wconf 94' lang='lat' dir='ltr'>non</span> <span class='ocrx_word' id='word_1_285' title='bbox 1137 4199 1253 4277; x_wconf 87' lang='lat' dir='ltr'>posset</span> <span class='ocrx_word' id='word_1_286' title='bbox 1267 4193 1421 4274; x_wconf 88' lang='lat' dir='ltr'>discerni,</span> <span class='ocrx_word' id='word_1_287' title='bbox 1438 4212 1477 4260; x_wconf 90' lang='lat' dir='ltr'>ao</span> <span class='ocrx_word' id='word_1_288' title='bbox 1496 4191 1623 4278; x_wconf 85' lang='lat' dir='ltr'>proinde</span> 
     </span>
     <span class='ocr_line' id='line_1_36' title="bbox 468 4301 1621 4388; baseline -0.001 -25"><span class='ocrx_word' id='word_1_289' title='bbox 468 4301 608 4376; x_wconf 84' lang='lat' dir='ltr'>extrahi,</span> <span class='ocrx_word' id='word_1_290' title='bbox 618 4303 852 4366; x_wconf 76' lang='lat' dir='ltr'>caemeterium</span> <span class='ocrx_word' id='word_1_291' title='bbox 862 4307 1018 4367; x_wconf 89' lang='lat' dir='ltr'>remanet</span> <span class='ocrx_word' id='word_1_292' title='bbox 1026 4302 1205 4388; x_wconf 87' lang='lat' dir='ltr'>pollutum,</span> <span class='ocrx_word' id='word_1_293' title='bbox 1218 4310 1252 4369; x_wconf 90' lang='lat' dir='ltr'>et</span> <span class='ocrx_word' id='word_1_294' title='bbox 1261 4311 1340 4387; x_wconf 79' lang='lat' dir='ltr'>egat</span> <span class='ocrx_word' id='word_1_295' title='bbox 1351 4304 1621 4370; x_wconf 87' lang='lat' dir='ltr'>reconciliatione.</span> 
     </span>
    </p>
   </div>
   <div class='ocr_carea' id='block_1_13' title="bbox 469 4407 1687 4496">
    <p class='ocr_par' dir='ltr' id='par_1_14' title="bbox 469 4407 1687 4496">
     <span class='ocr_line' id='line_1_37' title="bbox 469 4407 1687 4496; baseline 0.001 -26"><span class='ocrx_word' id='word_1_296' title='bbox 469 4407 501 4471; x_wconf 86' lang='lat' dir='ltr'>Si</span> <span class='ocrx_word' id='word_1_297' title='bbox 516 4414 594 4478; x_wconf 87' lang='lat' dir='ltr'>ante</span> <span class='ocrx_word' id='word_1_298' title='bbox 610 4415 755 4474; x_wconf 89' lang='lat' dir='ltr'>mortem</span> <span class='ocrx_word' id='word_1_299' title='bbox 769 4409 825 4474; x_wconf 92' lang='lat' dir='ltr'>ille</span> <span class='ocrx_word' id='word_1_300' title='bbox 847 4410 1006 4476; x_wconf 84' lang='lat' dir='ltr'>vitandus</span> <span class='ocrx_word' id='word_1_301' title='bbox 1027 4412 1176 4478; x_wconf 88' lang='lat' dir='ltr'>dedisset</span> <span class='ocrx_word' id='word_1_302' title='bbox 1198 4414 1295 4495; x_wconf 76' lang='lat' dir='ltr'>signa</span> <span class='ocrx_word' id='word_1_303' title='bbox 1318 4413 1540 4496; x_wconf 73' lang='lat' dir='ltr'>poenitentiae,</span> <span class='ocrx_word' id='word_1_304' title='bbox 1566 4426 1623 4474; x_wconf 92' lang='lat' dir='ltr'>non</span> <span class='ocrx_word' id='word_1_305' title='bbox 1686 4437 1687 4462; x_wconf 61' lang='lat' dir='ltr'>t</span> 
     </span>
    </p>
   </div>
   <div class='ocr_carea' id='block_1_14' title="bbox 469 4518 1687 4606">
    <p class='ocr_par' dir='ltr' id='par_1_15' title="bbox 469 4518 1687 4606">
     <span class='ocr_line' id='line_1_38' title="bbox 469 4518 1687 4606; baseline 0.007 -26"><span class='ocrx_word' id='word_1_306' title='bbox 469 4523 560 4582; x_wconf 87' lang='lat' dir='ltr'>esset</span> <span class='ocrx_word' id='word_1_307' title='bbox 580 4519 827 4598; x_wconf 81' lang='lat' dir='ltr'>exhumandus,</span> <span class='ocrx_word' id='word_1_308' title='bbox 849 4518 909 4584; x_wconf 86' lang='lat' dir='ltr'>sed</span> <span class='ocrx_word' id='word_1_309' title='bbox 932 4520 1159 4588; x_wconf 88' lang='lat' dir='ltr'>absolvendus</span> <span class='ocrx_word' id='word_1_310' title='bbox 1182 4539 1203 4586; x_wconf 85' lang='lat' dir='ltr'>a</span> <span class='ocrx_word' id='word_1_311' title='bbox 1223 4521 1375 4604; x_wconf 76' lang='lat' dir='ltr'>legitimo</span> <span class='ocrx_word' id='word_1_312' title='bbox 1397 4523 1579 4606; x_wconf 88' lang='lat' dir='ltr'>superiore,</span> <span class='ocrx_word' id='word_1_313' title='bbox 1593 4519 1623 4580; x_wconf 87' lang='lat' dir='ltr'>ut</span> <span class='ocrx_word' id='word_1_314' title='bbox 1686 4527 1687 4598; x_wconf 63' lang='grc' dir='ltr'>ξ</span> 
     </span>
    </p>
   </div>
   <div class='ocr_carea' id='block_1_15' title="bbox 469 4623 1362 4711">
    <p class='ocr_par' dir='ltr' id='par_1_16' title="bbox 469 4623 1362 4711">
     <span class='ocr_line' id='line_1_39' title="bbox 469 4623 1362 4711; baseline 0.009 -25"><span class='ocrx_word' id='word_1_315' title='bbox 469 4623 558 4688; x_wconf 90' lang='lat' dir='ltr'>illius</span> <span class='ocrx_word' id='word_1_316' title='bbox 572 4643 650 4691; x_wconf 87' lang='lat' dir='ltr'>ossa</span> <span class='ocrx_word' id='word_1_317' title='bbox 664 4646 733 4693; x_wconf 90' lang='lat' dir='ltr'>non</span> <span class='ocrx_word' id='word_1_318' title='bbox 748 4627 979 4711; x_wconf 85' lang='lat' dir='ltr'>projiciantur.</span> <span class='ocrx_word' id='word_1_319' title='bbox 997 4629 1045 4694; x_wconf 84' lang='lat' dir='ltr'>lta</span> <span class='ocrx_word' id='word_1_320' title='bbox 1059 4631 1286 4708; x_wconf 88' lang='lat' dir='ltr'>communiter</span> <span class='ocrx_word' id='word_1_321' title='bbox 1298 4631 1362 4696; x_wconf 87' lang='lat' dir='ltr'>DD.</span> 
     </span>
    </p>
   </div>
   <div class='ocr_carea' id='block_1_16' title="bbox 0 0 1765 5552">
    <p class='ocr_par' dir='ltr' id='par_1_17' title="bbox 0 0 1765 5552">
     <span class='ocr_line' id='line_1_40' title="bbox 0 0 1765 5552; baseline 0 0"><span class='ocrx_word' id='word_1_322' title='bbox 0 0 1765 5552; x_wconf 95' lang='lat' dir='ltr'> </span> 
     </span>
    </p>
   </div>
  </div>
 </body>
</html>
