<?xml version="1.0" encoding="UTF-8"?>
<!DOCTYPE html PUBLIC "-//W3C//DTD XHTML 1.0 Transitional//EN"
    "http://www.w3.org/TR/xhtml1/DTD/xhtml1-transitional.dtd">
<html xmlns="http://www.w3.org/1999/xhtml" xml:lang="en" lang="en">
 <head>
  <title>
</title>
<meta http-equiv="Content-Type" content="text/html;charset=utf-8" />
  <meta name='ocr-system' content='tesseract 3.04.00' />
  <meta name='ocr-capabilities' content='ocr_page ocr_carea ocr_par ocr_line ocrx_word'/>
</head>
<body>
  <div class='ocr_page' id='page_1' title='image "./juscanonicumjux01grangoog/juscanonicumjux01grangoog_0353.png"; bbox 0 0 3418 5566; ppageno 0'>
   <div class='ocr_carea' id='block_1_1' title="bbox 542 602 1368 710">
    <p class='ocr_par' dir='ltr' id='par_1_1' title="bbox 542 602 1368 710">
     <span class='ocr_line' id='line_1_1' title="bbox 542 602 1368 710; baseline -0.006 -29"><span class='ocrx_word' id='word_1_1' title='bbox 542 633 630 710; x_wconf 75' lang='lat' dir='ltr'>nisus</span> <span class='ocrx_word' id='word_1_2' title='bbox 652 602 779 690; x_wconf 77' lang='lat' dir='ltr'>poturus</span> <span class='ocrx_word' id='word_1_3' title='bbox 797 631 1017 680; x_wconf 75' lang='lat' dir='ltr'>cesseramus.</span> <span class='ocrx_word' id='word_1_4' title='bbox 1309 611 1368 676; x_wconf 77' lang='grc'>313</span> 
     </span>
    </p>
   </div>
   <div class='ocr_carea' id='block_1_2' title="bbox 198 699 1388 837">
    <p class='ocr_par' dir='ltr' id='par_1_2' title="bbox 198 699 1388 837">
     <span class='ocr_line' id='line_1_2' title="bbox 198 699 1388 837; baseline -0.006 -17"><span class='ocrx_word' id='word_1_5' title='bbox 198 773 273 820; x_wconf 88' lang='lat' dir='ltr'>esso</span> <span class='ocrx_word' id='word_1_6' title='bbox 305 756 495 837; x_wconf 87' lang='lat' dir='ltr'>apostatam</span> <span class='ocrx_word' id='word_1_7' title='bbox 524 753 581 837; x_wconf 90' lang='lat' dir='ltr'>qui</span> <span class='ocrx_word' id='word_1_8' title='bbox 600 753 673 818; x_wconf 88' lang='lat' dir='ltr'>sine</span> <span class='ocrx_word' id='word_1_9' title='bbox 694 751 846 835; x_wconf 74' lang='lat' dir='ltr'>legitima</span> <span class='ocrx_word' id='word_1_10' title='bbox 867 751 1028 816; x_wconf 77' lang='lat' dir='ltr'>facultate</span> <span class='ocrx_word' id='word_1_11' title='bbox 1043 749 1086 814; x_wconf 91' lang='lat' dir='ltr'>ad</span> <span class='ocrx_word' id='word_1_12' title='bbox 1111 749 1213 816; x_wconf 91' lang='lat' dir='ltr'>aliam</span> <span class='ocrx_word' id='word_1_13' title='bbox 1235 699 1388 833; x_wconf 26' lang='lat' dir='ltr'>oilardo-u¹</span> 
     </span>
    </p>
   </div>
   <div class='ocr_carea' id='block_1_3' title="bbox 197 832 1596 944">
    <p class='ocr_par' dir='ltr' id='par_1_3' title="bbox 197 832 1596 944">
     <span class='ocr_line' id='line_1_3' title="bbox 197 832 1596 944; baseline -0.003 -17"><span class='ocrx_word' id='word_1_14' title='bbox 197 882 271 928; x_wconf 90' lang='lat' dir='ltr'>rom</span> <span class='ocrx_word' id='word_1_15' title='bbox 287 888 303 922; x_wconf 72' lang='lat' dir='ltr'>a</span> <span class='ocrx_word' id='word_1_16' title='bbox 322 862 525 944; x_wconf 76' lang='lat' dir='ltr'>religionem</span> <span class='ocrx_word' id='word_1_17' title='bbox 544 861 714 938; x_wconf 81' lang='lat' dir='ltr'>transiret,</span> <span class='ocrx_word' id='word_1_18' title='bbox 742 861 821 944; x_wconf 81' lang='lat' dir='ltr'>quia</span> <span class='ocrx_word' id='word_1_19' title='bbox 845 861 970 924; x_wconf 90' lang='lat' dir='ltr'>retinet</span> <span class='ocrx_word' id='word_1_20' title='bbox 992 857 1107 923; x_wconf 88' lang='lat' dir='ltr'>omnia</span> <span class='ocrx_word' id='word_1_21' title='bbox 1130 857 1387 924; x_wconf 84' lang='lat' dir='ltr'>substantialia</span> <span class='ocrx_word' id='word_1_22' title='bbox 1467 919 1470 924; x_wconf 85' lang='grc'><strong>,</strong></span> <span class='ocrx_word' id='word_1_23' title='bbox 1590 832 1596 844; x_wconf 57' lang='grc'><strong>’</strong></span> 
     </span>
    </p>
   </div>
   <div class='ocr_carea' id='block_1_4' title="bbox 185 967 1373 1596">
    <p class='ocr_par' dir='ltr' id='par_1_4' title="bbox 197 967 1370 1378">
     <span class='ocr_line' id='line_1_4' title="bbox 198 967 1369 1052; baseline -0.004 -16"><span class='ocrx_word' id='word_1_24' title='bbox 198 972 327 1036; x_wconf 87' lang='lat' dir='ltr'>ordinis</span> <span class='ocrx_word' id='word_1_25' title='bbox 341 969 501 1052; x_wconf 77' lang='lat' dir='ltr'><strong>religiosi.</strong></span> <span class='ocrx_word' id='word_1_26' title='bbox 516 968 630 1034; x_wconf 83' lang='lat' dir='ltr'>Altera</span> <span class='ocrx_word' id='word_1_27' title='bbox 643 970 852 1036; x_wconf 90' lang='lat' dir='ltr'>eontrarium</span> <span class='ocrx_word' id='word_1_28' title='bbox 876 973 981 1045; x_wconf 87' lang='lat' dir='ltr'>tenet,</span> <span class='ocrx_word' id='word_1_29' title='bbox 1006 971 1081 1032; x_wconf 88' lang='lat' dir='ltr'>tum</span> <span class='ocrx_word' id='word_1_30' title='bbox 1096 967 1176 1052; x_wconf 88' lang='lat' dir='ltr'>quia</span> <span class='ocrx_word' id='word_1_31' title='bbox 1191 970 1319 1032; x_wconf 90' lang='lat' dir='ltr'>temere</span> <span class='ocrx_word' id='word_1_32' title='bbox 1333 969 1369 1031; x_wconf 89' lang='lat' dir='ltr'>et</span> 
     </span>
     <span class='ocr_line' id='line_1_5' title="bbox 197 1075 1370 1164; baseline -0.004 -20"><span class='ocrx_word' id='word_1_33' title='bbox 197 1083 362 1164; x_wconf 88' lang='lat' dir='ltr'>perpetuo</span> <span class='ocrx_word' id='word_1_34' title='bbox 388 1078 549 1144; x_wconf 90' lang='lat' dir='ltr'>deserunt</span> <span class='ocrx_word' id='word_1_35' title='bbox 577 1095 676 1143; x_wconf 90' lang='lat' dir='ltr'>suam</span> <span class='ocrx_word' id='word_1_36' title='bbox 696 1077 905 1159; x_wconf 78' lang='lat' dir='ltr'>religionem,</span> <span class='ocrx_word' id='word_1_37' title='bbox 931 1080 1005 1140; x_wconf 92' lang='lat' dir='ltr'>tum</span> <span class='ocrx_word' id='word_1_38' title='bbox 1030 1076 1121 1160; x_wconf 88' lang='lat' dir='ltr'>quia</span> <span class='ocrx_word' id='word_1_39' title='bbox 1138 1075 1185 1140; x_wconf 89' lang='lat' dir='ltr'>sio</span> <span class='ocrx_word' id='word_1_40' title='bbox 1207 1075 1370 1142; x_wconf 76' lang='lat' dir='ltr'>recedens</span> 
     </span>
     <span class='ocr_line' id='line_1_6' title="bbox 197 1183 1370 1272; baseline -0.002 -22"><span class='ocrx_word' id='word_1_41' title='bbox 197 1187 302 1254; x_wconf 90' lang='lat' dir='ltr'>intrat</span> <span class='ocrx_word' id='word_1_42' title='bbox 320 1187 522 1272; x_wconf 80' lang='lat' dir='ltr'>religionem</span> <span class='ocrx_word' id='word_1_43' title='bbox 549 1203 625 1272; x_wconf 77' lang='lat' dir='ltr'>qua</span> <span class='ocrx_word' id='word_1_44' title='bbox 652 1185 754 1251; x_wconf 90' lang='lat' dir='ltr'>simul</span> <span class='ocrx_word' id='word_1_45' title='bbox 784 1189 837 1252; x_wconf 88' lang='lat' dir='ltr'>est</span> <span class='ocrx_word' id='word_1_46' title='bbox 860 1184 986 1250; x_wconf 91' lang='lat' dir='ltr'>diversi</span> <span class='ocrx_word' id='word_1_47' title='bbox 1009 1183 1145 1250; x_wconf 90' lang='lat' dir='ltr'>babitus</span> <span class='ocrx_word' id='word_1_48' title='bbox 1169 1188 1203 1249; x_wconf 91' lang='lat' dir='ltr'>et</span> <span class='ocrx_word' id='word_1_49' title='bbox 1227 1183 1370 1252; x_wconf 77' lang='lat' dir='ltr'>divorsa</span> 
     </span>
     <span class='ocr_line' id='line_1_7' title="bbox 198 1297 336 1378; baseline -0.036 -14"><span class='ocrx_word' id='word_1_50' title='bbox 198 1297 336 1378; x_wconf 84' lang='lat' dir='ltr'>regulae.</span> 
     </span>
    </p>

    <p class='ocr_par' dir='ltr' id='par_1_5' title="bbox 185 1399 1373 1596">
     <span class='ocr_line' id='line_1_8' title="bbox 238 1399 1373 1487; baseline -0.004 -17"><span class='ocrx_word' id='word_1_51' title='bbox 238 1403 399 1470; x_wconf 75' lang='lat' dir='ltr'>lLPceca</span> <span class='ocrx_word' id='word_1_52' title='bbox 409 1404 610 1469; x_wconf 80' lang='lat' dir='ltr'>totaecootru</span> <span class='ocrx_word' id='word_1_53' title='bbox 620 1401 1002 1487; x_wconf 81' lang='lat' dir='ltr'>apostatasarclipiooa.</span> <span class='ocrx_word' id='word_1_54' title='bbox 1013 1401 1044 1466; x_wconf 80' lang='grc' dir='ltr'>1ο</span> <span class='ocrx_word' id='word_1_55' title='bbox 1053 1399 1373 1466; x_wconf 86' lang='lat' dir='ltr'>Incurruntexoom·</span> 
     </span>
     <span class='ocr_line' id='line_1_9' title="bbox 185 1511 1373 1596; baseline -0.004 -18"><span class='ocrx_word' id='word_1_56' title='bbox 185 1513 466 1592; x_wconf 48' lang='lat' dir='ltr'>‚munioationenr</span> <span class='ocrx_word' id='word_1_57' title='bbox 486 1515 654 1596; x_wconf 84' lang='lat' dir='ltr'>majorem</span> <span class='ocrx_word' id='word_1_58' title='bbox 676 1531 683 1575; x_wconf 93' lang='lat'><strong>:</strong></span> <span class='ocrx_word' id='word_1_59' title='bbox 706 1512 780 1576; x_wconf 85' lang='lat' dir='ltr'>haec</span> <span class='ocrx_word' id='word_1_60' title='bbox 796 1517 912 1592; x_wconf 80' lang='lat' dir='ltr'>tamen</span> <span class='ocrx_word' id='word_1_61' title='bbox 928 1529 1031 1595; x_wconf 71' lang='lat' dir='ltr'>paena</span> <span class='ocrx_word' id='word_1_62' title='bbox 1049 1529 1120 1576; x_wconf 89' lang='lat' dir='ltr'>non</span> <span class='ocrx_word' id='word_1_63' title='bbox 1138 1511 1373 1578; x_wconf 80' lang='lat' dir='ltr'>incursabatur</span> 
     </span>
    </p>
   </div>
   <div class='ocr_carea' id='block_1_5' title="bbox 199 1620 1507 1706">
    <p class='ocr_par' dir='ltr' id='par_1_6' title="bbox 199 1620 1507 1706">
     <span class='ocr_line' id='line_1_10' title="bbox 199 1620 1507 1706; baseline -0.005 -17"><span class='ocrx_word' id='word_1_64' title='bbox 199 1622 456 1706; x_wconf 86' lang='lat' dir='ltr'>ipsoiaoto,nisi</span> <span class='ocrx_word' id='word_1_65' title='bbox 468 1622 705 1706; x_wconf 90' lang='lat' dir='ltr'>posthabitum</span> <span class='ocrx_word' id='word_1_66' title='bbox 715 1622 894 1686; x_wconf 89' lang='lat' dir='ltr'>dimissum</span> <span class='ocrx_word' id='word_1_67' title='bbox 905 1621 944 1704; x_wconf 88' lang='lat' dir='ltr'>(c.</span> <span class='ocrx_word' id='word_1_68' title='bbox 954 1620 1129 1697; x_wconf 68' lang='lat' dir='ltr'>altercer.</span> <span class='ocrx_word' id='word_1_69' title='bbox 1140 1620 1371 1700; x_wconf 68' lang='lat' dir='ltr'>oelmooaclr„</span> <span class='ocrx_word' id='word_1_70' title='bbox 1503 1685 1507 1694; x_wconf 78' lang='grc'>,</span> 
     </span>
    </p>
   </div>
   <div class='ocr_carea' id='block_1_6' title="bbox 144 1730 1452 4861">
    <p class='ocr_par' dir='ltr' id='par_1_7' title="bbox 144 1730 1436 3318">
     <span class='ocr_line' id='line_1_11' title="bbox 198 1730 1372 1816; baseline -0.004 -18"><span class='ocrx_word' id='word_1_71' title='bbox 198 1731 581 1815; x_wconf 81' lang='lat' dir='ltr'>ino⁰)1nconstituttone</span> <span class='ocrx_word' id='word_1_72' title='bbox 594 1732 708 1816; x_wconf 84' lang='lat' dir='ltr'>Apost.</span> <span class='ocrx_word' id='word_1_73' title='bbox 720 1730 1372 1815; x_wconf 74' lang='lat' dir='ltr'>sedisnoninnovaturhaeopoenajuris</span> 
     </span>
     <span class='ocr_line' id='line_1_12' title="bbox 199 1840 1372 1926; baseline -0.003 -20"><span class='ocrx_word' id='word_1_74' title='bbox 199 1842 410 1926; x_wconf 78' lang='lat' dir='ltr'>antiquioris,</span> <span class='ocrx_word' id='word_1_75' title='bbox 427 1846 461 1907; x_wconf 91' lang='lat' dir='ltr'>et</span> <span class='ocrx_word' id='word_1_76' title='bbox 478 1841 556 1906; x_wconf 90' lang='lat' dir='ltr'>ideo</span> <span class='ocrx_word' id='word_1_77' title='bbox 572 1845 737 1924; x_wconf 90' lang='lat' dir='ltr'>apostata,</span> <span class='ocrx_word' id='word_1_78' title='bbox 753 1842 856 1907; x_wconf 89' lang='lat' dir='ltr'>etiem</span> <span class='ocrx_word' id='word_1_79' title='bbox 869 1841 987 1906; x_wconf 88' lang='lat' dir='ltr'>habitu</span> <span class='ocrx_word' id='word_1_80' title='bbox 1002 1840 1159 1917; x_wconf 90' lang='lat' dir='ltr'>dimisso,</span> <span class='ocrx_word' id='word_1_81' title='bbox 1176 1859 1247 1905; x_wconf 90' lang='lat' dir='ltr'>non</span> <span class='ocrx_word' id='word_1_82' title='bbox 1260 1841 1372 1906; x_wconf 90' lang='lat' dir='ltr'>incur-</span> 
     </span>
     <span class='ocr_line' id='line_1_13' title="bbox 199 1949 1373 2034; baseline -0.002 -19"><span class='ocrx_word' id='word_1_83' title='bbox 199 1951 244 2015; x_wconf 89' lang='lat' dir='ltr'>rit</span> <span class='ocrx_word' id='word_1_84' title='bbox 255 1953 328 2034; x_wconf 90' lang='lat' dir='ltr'>ipso</span> <span class='ocrx_word' id='word_1_85' title='bbox 341 1951 430 2016; x_wconf 86' lang='lat' dir='ltr'>tacto</span> <span class='ocrx_word' id='word_1_86' title='bbox 443 1951 840 2016; x_wconf 84' lang='lat' dir='ltr'>excommunicationem.</span> <span class='ocrx_word' id='word_1_87' title='bbox 852 1951 885 2014; x_wconf 66' lang='lat'>2⁰</span> <span class='ocrx_word' id='word_1_88' title='bbox 899 1949 1083 2034; x_wconf 87' lang='lat' dir='ltr'>Suspensio</span> <span class='ocrx_word' id='word_1_89' title='bbox 1093 1951 1135 2014; x_wconf 91' lang='lat' dir='ltr'>ab</span> <span class='ocrx_word' id='word_1_90' title='bbox 1146 1968 1211 2015; x_wconf 94' lang='lat' dir='ltr'>usu</span> <span class='ocrx_word' id='word_1_91' title='bbox 1226 1955 1262 2015; x_wconf 91' lang='lat' dir='ltr'>et</span> <span class='ocrx_word' id='word_1_92' title='bbox 1276 1969 1373 2015; x_wconf 83' lang='lat' dir='ltr'>exer-</span> 
     </span>
     <span class='ocr_line' id='line_1_14' title="bbox 199 2060 1372 2144; baseline 0 -20"><span class='ocrx_word' id='word_1_93' title='bbox 199 2060 277 2124; x_wconf 90' lang='lat' dir='ltr'>citio</span> <span class='ocrx_word' id='word_1_94' title='bbox 298 2060 457 2127; x_wconf 87' lang='lat' dir='ltr'>ordinum</span> <span class='ocrx_word' id='word_1_95' title='bbox 472 2077 646 2126; x_wconf 89' lang='lat' dir='ltr'>sacrorum</span> <span class='ocrx_word' id='word_1_96' title='bbox 667 2061 809 2126; x_wconf 91' lang='lat' dir='ltr'>durante</span> <span class='ocrx_word' id='word_1_97' title='bbox 824 2061 997 2144; x_wconf 82' lang='lat' dir='ltr'>apostasia</span> <span class='ocrx_word' id='word_1_98' title='bbox 1020 2065 1275 2144; x_wconf 67' lang='lat' dir='ltr'>susceptorum</span> <span class='ocrx_word' id='word_1_99' title='bbox 1296 2078 1372 2144; x_wconf 79' lang='lat' dir='ltr'>quae</span> 
     </span>
     <span class='ocr_line' id='line_1_15' title="bbox 201 2168 1369 2252; baseline 0 -21"><span class='ocrx_word' id='word_1_100' title='bbox 201 2168 305 2233; x_wconf 88' lang='lat' dir='ltr'>etiam</span> <span class='ocrx_word' id='word_1_101' title='bbox 317 2173 435 2233; x_wconf 87' lang='lat' dir='ltr'>manet</span> <span class='ocrx_word' id='word_1_102' title='bbox 450 2172 528 2252; x_wconf 91' lang='lat' dir='ltr'>post</span> <span class='ocrx_word' id='word_1_103' title='bbox 541 2168 777 2251; x_wconf 78' lang='lat' dir='ltr'>poenitentiam</span> <span class='ocrx_word' id='word_1_104' title='bbox 790 2173 973 2252; x_wconf 78' lang='lat' dir='ltr'>peractam,</span> <span class='ocrx_word' id='word_1_105' title='bbox 991 2171 1026 2233; x_wconf 89' lang='lat' dir='ltr'>et</span> <span class='ocrx_word' id='word_1_106' title='bbox 1036 2171 1201 2252; x_wconf 88' lang='lat' dir='ltr'>perpetua</span> <span class='ocrx_word' id='word_1_107' title='bbox 1216 2171 1268 2233; x_wconf 86' lang='lat' dir='ltr'>est</span> <span class='ocrx_word' id='word_1_108' title='bbox 1282 2170 1369 2250; x_wconf 89' lang='lat' dir='ltr'>(cap.</span> 
     </span>
     <span class='ocr_line' id='line_1_16' title="bbox 199 2275 1371 2360; baseline 0.001 -20"><span class='ocrx_word' id='word_1_109' title='bbox 199 2275 257 2340; x_wconf 88' lang='lat' dir='ltr'>tin.</span> <span class='ocrx_word' id='word_1_110' title='bbox 276 2276 347 2358; x_wconf 85' lang='lat' dir='ltr'>huj.</span> <span class='ocrx_word' id='word_1_111' title='bbox 373 2275 448 2358; x_wconf 80' lang='lat' dir='ltr'>tit).</span> <span class='ocrx_word' id='word_1_112' title='bbox 468 2275 541 2340; x_wconf 88' lang='lat' dir='ltr'>Non</span> <span class='ocrx_word' id='word_1_113' title='bbox 560 2275 688 2340; x_wconf 88' lang='lat' dir='ltr'>tollitur</span> <span class='ocrx_word' id='word_1_114' title='bbox 709 2295 790 2358; x_wconf 88' lang='lat' dir='ltr'>ergo</span> <span class='ocrx_word' id='word_1_115' title='bbox 803 2277 877 2341; x_wconf 84' lang='lat' dir='ltr'>haeo</span> <span class='ocrx_word' id='word_1_116' title='bbox 896 2275 1087 2360; x_wconf 84' lang='lat' dir='ltr'>suspensio,</span> <span class='ocrx_word' id='word_1_117' title='bbox 1108 2275 1175 2341; x_wconf 91' lang='lat' dir='ltr'>nisi</span> <span class='ocrx_word' id='word_1_118' title='bbox 1192 2295 1253 2360; x_wconf 90' lang='lat' dir='ltr'>per</span> <span class='ocrx_word' id='word_1_119' title='bbox 1274 2276 1371 2341; x_wconf 89' lang='lat' dir='ltr'>abso-</span> 
     </span>
     <span class='ocr_line' id='line_1_17' title="bbox 197 2384 1372 2472; baseline 0.001 -23"><span class='ocrx_word' id='word_1_120' title='bbox 197 2384 364 2450; x_wconf 91' lang='lat' dir='ltr'>lutionem</span> <span class='ocrx_word' id='word_1_121' title='bbox 385 2385 490 2450; x_wconf 89' lang='lat' dir='ltr'>solius</span> <span class='ocrx_word' id='word_1_122' title='bbox 514 2385 645 2450; x_wconf 89' lang='lat' dir='ltr'>Summi</span> <span class='ocrx_word' id='word_1_123' title='bbox 669 2386 850 2452; x_wconf 79' lang='lat' dir='ltr'>pontificis.</span> <span class='ocrx_word' id='word_1_124' title='bbox 881 2387 1041 2472; x_wconf 86' lang='lat' dir='ltr'>Sequitur</span> <span class='ocrx_word' id='word_1_125' title='bbox 1061 2390 1252 2470; x_wconf 83' lang='lat' dir='ltr'>apostatam</span> <span class='ocrx_word' id='word_1_126' title='bbox 1274 2385 1372 2450; x_wconf 87' lang='lat' dir='ltr'>illum</span> 
     </span>
     <span class='ocr_line' id='line_1_18' title="bbox 199 2481 1369 2578; baseline 0.003 -23"><span class='ocrx_word' id='word_1_127' title='bbox 199 2481 256 2578; x_wconf 62' lang='lat' dir='ltr'>oui</span> <span class='ocrx_word' id='word_1_128' title='bbox 275 2491 407 2557; x_wconf 90' lang='lat' dir='ltr'>nullum</span> <span class='ocrx_word' id='word_1_129' title='bbox 430 2493 585 2558; x_wconf 90' lang='lat' dir='ltr'>ordinem</span> <span class='ocrx_word' id='word_1_130' title='bbox 611 2511 746 2558; x_wconf 88' lang='lat' dir='ltr'>sacrum</span> <span class='ocrx_word' id='word_1_131' title='bbox 770 2495 928 2578; x_wconf 86' lang='lat' dir='ltr'>suscepit,</span> <span class='ocrx_word' id='word_1_132' title='bbox 954 2494 1014 2559; x_wconf 89' lang='lat' dir='ltr'>sed</span> <span class='ocrx_word' id='word_1_133' title='bbox 1033 2498 1167 2559; x_wconf 86' lang='lat' dir='ltr'>tantum</span> <span class='ocrx_word' id='word_1_134' title='bbox 1188 2495 1369 2572; x_wconf 89' lang='lat' dir='ltr'>minorem,</span> 
     </span>
     <span class='ocr_line' id='line_1_19' title="bbox 198 2600 1369 2686; baseline 0.002 -22"><span class='ocrx_word' id='word_1_135' title='bbox 198 2619 298 2684; x_wconf 89' lang='lat' dir='ltr'>posse</span> <span class='ocrx_word' id='word_1_136' title='bbox 317 2600 449 2665; x_wconf 84' lang='lat' dir='ltr'>admitti</span> <span class='ocrx_word' id='word_1_137' title='bbox 466 2602 508 2666; x_wconf 87' lang='lat' dir='ltr'>ed</span> <span class='ocrx_word' id='word_1_138' title='bbox 522 2602 715 2686; x_wconf 87' lang='lat' dir='ltr'>superiores</span> <span class='ocrx_word' id='word_1_139' title='bbox 731 2602 867 2667; x_wconf 87' lang='lat' dir='ltr'>ordines</span> <span class='ocrx_word' id='word_1_140' title='bbox 885 2604 919 2667; x_wconf 89' lang='lat' dir='ltr'>et</span> <span class='ocrx_word' id='word_1_141' title='bbox 931 2601 1124 2668; x_wconf 88' lang='lat' dir='ltr'>ministrare</span> <span class='ocrx_word' id='word_1_142' title='bbox 1140 2603 1176 2666; x_wconf 91' lang='lat' dir='ltr'>in</span> <span class='ocrx_word' id='word_1_143' title='bbox 1192 2603 1369 2686; x_wconf 87' lang='lat' dir='ltr'>susceptis,</span> 
     </span>
     <span class='ocr_line' id='line_1_20' title="bbox 196 2708 1436 2800; baseline -0.001 -25"><span class='ocrx_word' id='word_1_144' title='bbox 196 2713 274 2792; x_wconf 86' lang='lat' dir='ltr'>post</span> <span class='ocrx_word' id='word_1_145' title='bbox 284 2709 519 2793; x_wconf 73' lang='lat' dir='ltr'>paenitentiam</span> <span class='ocrx_word' id='word_1_146' title='bbox 528 2708 718 2774; x_wconf 88' lang='lat' dir='ltr'>etreditum</span> <span class='ocrx_word' id='word_1_147' title='bbox 732 2710 774 2775; x_wconf 90' lang='lat' dir='ltr'>ad</span> <span class='ocrx_word' id='word_1_148' title='bbox 788 2709 1002 2792; x_wconf 80' lang='lat' dir='ltr'>religionem.</span> <span class='ocrx_word' id='word_1_149' title='bbox 1013 2711 1045 2774; x_wconf 77' lang='lat'>3⁰</span> <span class='ocrx_word' id='word_1_150' title='bbox 1057 2711 1204 2776; x_wconf 80' lang='lat' dir='ltr'>Amissio</span> <span class='ocrx_word' id='word_1_151' title='bbox 1215 2711 1370 2776; x_wconf 90' lang='lat' dir='ltr'>omnium</span> <span class='ocrx_word' id='word_1_152' title='bbox 1435 2795 1436 2800; x_wconf 5' lang='grc' dir='ltr'>ἵ</span> 
     </span>
     <span class='ocr_line' id='line_1_21' title="bbox 196 2817 1373 2903; baseline 0.003 -23"><span class='ocrx_word' id='word_1_153' title='bbox 196 2817 453 2900; x_wconf 87' lang='lat' dir='ltr'>privilegiorum</span> <span class='ocrx_word' id='word_1_154' title='bbox 468 2837 538 2882; x_wconf 84' lang='lat' dir='ltr'>suae</span> <span class='ocrx_word' id='word_1_155' title='bbox 548 2818 723 2899; x_wconf 83' lang='lat' dir='ltr'>religionis</span> <span class='ocrx_word' id='word_1_156' title='bbox 733 2818 845 2901; x_wconf 88' lang='lat' dir='ltr'>(Trid,</span> <span class='ocrx_word' id='word_1_157' title='bbox 861 2838 886 2883; x_wconf 92' lang='lat' dir='ltr'>s.</span> <span class='ocrx_word' id='word_1_158' title='bbox 899 2820 948 2896; x_wconf 70' lang='lat' dir='ltr'>ab,</span> <span class='ocrx_word' id='word_1_159' title='bbox 959 2838 987 2883; x_wconf 92' lang='lat' dir='ltr'>c.</span> <span class='ocrx_word' id='word_1_160' title='bbox 1004 2820 1053 2896; x_wconf 88' lang='grc'>19,</span> <span class='ocrx_word' id='word_1_161' title='bbox 1071 2819 1111 2884; x_wconf 84' lang='lat' dir='ltr'>de</span> <span class='ocrx_word' id='word_1_162' title='bbox 1122 2819 1227 2903; x_wconf 62' lang='lat' dir='ltr'>Bag).</span> <span class='ocrx_word' id='word_1_163' title='bbox 1244 2819 1287 2883; x_wconf 89' lang='lat' dir='ltr'>Ut</span> <span class='ocrx_word' id='word_1_164' title='bbox 1300 2819 1373 2885; x_wconf 84' lang='lat' dir='ltr'>haec</span> 
     </span>
     <span class='ocr_line' id='line_1_22' title="bbox 196 2925 1371 3008; baseline 0 -20"><span class='ocrx_word' id='word_1_165' title='bbox 196 2943 298 3008; x_wconf 86' lang='lat' dir='ltr'>poena</span> <span class='ocrx_word' id='word_1_166' title='bbox 312 2925 513 3001; x_wconf 89' lang='lat' dir='ltr'>incurratur,</span> <span class='ocrx_word' id='word_1_167' title='bbox 531 2943 670 2990; x_wconf 88' lang='lat' dir='ltr'>necesse</span> <span class='ocrx_word' id='word_1_168' title='bbox 686 2931 738 2990; x_wconf 90' lang='lat' dir='ltr'>est</span> <span class='ocrx_word' id='word_1_169' title='bbox 759 2926 862 2990; x_wconf 87' lang='lat' dir='ltr'>etiam</span> <span class='ocrx_word' id='word_1_170' title='bbox 888 2932 926 2990; x_wconf 92' lang='lat' dir='ltr'>ut</span> <span class='ocrx_word' id='word_1_171' title='bbox 950 2926 1130 3008; x_wconf 87' lang='lat' dir='ltr'>egrediens</span> <span class='ocrx_word' id='word_1_172' title='bbox 1150 2927 1308 2990; x_wconf 90' lang='lat' dir='ltr'>habitum</span> <span class='ocrx_word' id='word_1_173' title='bbox 1320 2943 1371 2989; x_wconf 90' lang='lat' dir='ltr'>re-</span> 
     </span>
     <span class='ocr_line' id='line_1_23' title="bbox 196 3031 1373 3114; baseline 0.002 -17"><span class='ocrx_word' id='word_1_174' title='bbox 196 3031 358 3114; x_wconf 79' lang='lat' dir='ltr'>lignosum</span> <span class='ocrx_word' id='word_1_175' title='bbox 376 3033 551 3110; x_wconf 86' lang='lat' dir='ltr'>dimiserit,</span> <span class='ocrx_word' id='word_1_176' title='bbox 568 3039 603 3097; x_wconf 91' lang='lat' dir='ltr'>et</span> <span class='ocrx_word' id='word_1_177' title='bbox 622 3033 744 3099; x_wconf 90' lang='lat' dir='ltr'>deinde</span> <span class='ocrx_word' id='word_1_178' title='bbox 763 3040 880 3099; x_wconf 90' lang='lat' dir='ltr'>secuta</span> <span class='ocrx_word' id='word_1_179' title='bbox 900 3035 943 3098; x_wconf 90' lang='lat' dir='ltr'>sit</span> <span class='ocrx_word' id='word_1_180' title='bbox 963 3036 1132 3100; x_wconf 88' lang='lat' dir='ltr'>sententia</span> <span class='ocrx_word' id='word_1_181' title='bbox 1150 3034 1373 3100; x_wconf 88' lang='lat' dir='ltr'>declaratoria</span> 
     </span>
     <span class='ocr_line' id='line_1_24' title="bbox 197 3141 1370 3229; baseline 0.002 -25"><span class='ocrx_word' id='word_1_182' title='bbox 197 3141 359 3217; x_wconf 88' lang='lat' dir='ltr'>oriminis,</span> <span class='ocrx_word' id='word_1_183' title='bbox 379 3145 419 3205; x_wconf 91' lang='lat' dir='ltr'>ut</span> <span class='ocrx_word' id='word_1_184' title='bbox 436 3141 535 3206; x_wconf 90' lang='lat' dir='ltr'>docet</span> <span class='ocrx_word' id='word_1_185' title='bbox 548 3141 848 3225; x_wconf 87' lang='lat' dir='ltr'>Scbmalzgrueber</span> <span class='ocrx_word' id='word_1_186' title='bbox 860 3143 906 3225; x_wconf 94' lang='lat' dir='ltr'>(n.</span> <span class='ocrx_word' id='word_1_187' title='bbox 927 3143 967 3208; x_wconf 80' lang='lat' dir='ltr'>at</span> <span class='ocrx_word' id='word_1_188' title='bbox 985 3143 1056 3227; x_wconf 91' lang='lat' dir='ltr'>huj.</span> <span class='ocrx_word' id='word_1_189' title='bbox 1075 3143 1138 3224; x_wconf 84' lang='lat' dir='ltr'>tit.)</span> <span class='ocrx_word' id='word_1_190' title='bbox 1158 3147 1236 3229; x_wconf 92' lang='lat' dir='ltr'>post</span> <span class='ocrx_word' id='word_1_191' title='bbox 1255 3141 1370 3228; x_wconf 91' lang='lat' dir='ltr'>plures</span> 
     </span>
     <span class='ocr_line' id='line_1_25' title="bbox 144 3235 1151 3318; baseline -0.003 0"><span class='ocrx_word' id='word_1_192' title='bbox 144 3307 147 3318; x_wconf 80' lang='grc'>,</span> <span class='ocrx_word' id='word_1_193' title='bbox 198 3249 293 3316; x_wconf 87' lang='lat' dir='ltr'>alios.</span> <span class='ocrx_word' id='word_1_194' title='bbox 1149 3235 1151 3242; x_wconf 41' lang='lat'><strong><em>⁴</em></strong></span> 
     </span>
    </p>

    <p class='ocr_par' dir='ltr' id='par_1_8' title="bbox 195 3357 1374 3986">
     <span class='ocr_line' id='line_1_26' title="bbox 238 3357 1372 3446; baseline 0.002 -24"><span class='ocrx_word' id='word_1_195' title='bbox 238 3357 291 3424; x_wconf 91' lang='lat' dir='ltr'>llI.</span> <span class='ocrx_word' id='word_1_196' title='bbox 301 3358 415 3425; x_wconf 73' lang='lat' dir='ltr'>Poene</span> <span class='ocrx_word' id='word_1_197' title='bbox 429 3361 507 3426; x_wconf 71' lang='lat' dir='ltr'>late</span> <span class='ocrx_word' id='word_1_198' title='bbox 518 3369 634 3426; x_wconf 79' lang='lat' dir='ltr'>contro</span> <span class='ocrx_word' id='word_1_199' title='bbox 640 3361 900 3446; x_wconf 64' lang='lat' dir='ltr'>rebaptizantes</span> <span class='ocrx_word' id='word_1_200' title='bbox 912 3361 968 3426; x_wconf 85' lang='lat' dir='ltr'>cel</span> <span class='ocrx_word' id='word_1_201' title='bbox 972 3361 1180 3446; x_wconf 79' lang='lat' dir='ltr'>rebaptizari</span> <span class='ocrx_word' id='word_1_202' title='bbox 1186 3379 1221 3425; x_wconf 82' lang='lat' dir='ltr'>se</span> <span class='ocrx_word' id='word_1_203' title='bbox 1232 3361 1372 3425; x_wconf 78' lang='lat' dir='ltr'>scierrter</span> 
     </span>
     <span class='ocr_line' id='line_1_27' title="bbox 195 3463 1372 3554; baseline -0.001 -21"><span class='ocrx_word' id='word_1_204' title='bbox 195 3469 437 3552; x_wconf 79' lang='lat' dir='ltr'>permittentes.</span> <span class='ocrx_word' id='word_1_205' title='bbox 456 3471 487 3533; x_wconf 77' lang='lat'>1⁰</span> <span class='ocrx_word' id='word_1_206' title='bbox 507 3470 632 3535; x_wconf 76' lang='lat' dir='ltr'>Praeter</span> <span class='ocrx_word' id='word_1_207' title='bbox 650 3476 785 3536; x_wconf 89' lang='lat' dir='ltr'>reatum</span> <span class='ocrx_word' id='word_1_208' title='bbox 802 3471 1044 3552; x_wconf 86' lang='lat' dir='ltr'>gravissimum</span> <span class='ocrx_word' id='word_1_209' title='bbox 1063 3463 1241 3552; x_wconf 88' lang='lat' dir='ltr'>sacrilegii,</span> <span class='ocrx_word' id='word_1_210' title='bbox 1270 3487 1372 3554; x_wconf 90' lang='lat' dir='ltr'>quem</span> 
     </span>
     <span class='ocr_line' id='line_1_28' title="bbox 198 3579 1374 3662; baseline -0.001 -19"><span class='ocrx_word' id='word_1_211' title='bbox 198 3579 409 3661; x_wconf 85' lang='lat' dir='ltr'>rebaptizans</span> <span class='ocrx_word' id='word_1_212' title='bbox 425 3582 459 3644; x_wconf 90' lang='lat' dir='ltr'>et</span> <span class='ocrx_word' id='word_1_213' title='bbox 470 3579 697 3662; x_wconf 88' lang='lat' dir='ltr'>rebaptizatus</span> <span class='ocrx_word' id='word_1_214' title='bbox 709 3579 897 3656; x_wconf 88' lang='lat' dir='ltr'>incurrunt,</span> <span class='ocrx_word' id='word_1_215' title='bbox 910 3580 939 3644; x_wconf 93' lang='lat' dir='ltr'>si</span> <span class='ocrx_word' id='word_1_216' title='bbox 953 3583 1061 3661; x_wconf 88' lang='lat' dir='ltr'>agunt</span> <span class='ocrx_word' id='word_1_217' title='bbox 1071 3581 1217 3644; x_wconf 87' lang='lat' dir='ltr'>scienter</span> <span class='ocrx_word' id='word_1_218' title='bbox 1231 3583 1266 3643; x_wconf 90' lang='lat' dir='ltr'>et</span> <span class='ocrx_word' id='word_1_219' title='bbox 1278 3579 1374 3643; x_wconf 89' lang='lat' dir='ltr'>abso-</span> 
     </span>
     <span class='ocr_line' id='line_1_29' title="bbox 198 3685 1372 3772; baseline 0.002 -23"><span class='ocrx_word' id='word_1_220' title='bbox 198 3685 280 3762; x_wconf 90' lang='lat' dir='ltr'>lute,</span> <span class='ocrx_word' id='word_1_221' title='bbox 297 3686 391 3752; x_wconf 92' lang='lat' dir='ltr'>nullo</span> <span class='ocrx_word' id='word_1_222' title='bbox 405 3687 618 3770; x_wconf 74' lang='lat' dir='ltr'>praecedente</span> <span class='ocrx_word' id='word_1_223' title='bbox 635 3688 738 3753; x_wconf 94' lang='lat' dir='ltr'>dubio</span> <span class='ocrx_word' id='word_1_224' title='bbox 753 3688 795 3753; x_wconf 92' lang='lat' dir='ltr'>de</span> <span class='ocrx_word' id='word_1_225' title='bbox 809 3686 925 3754; x_wconf 89' lang='lat' dir='ltr'>valore</span> <span class='ocrx_word' id='word_1_226' title='bbox 941 3688 1041 3772; x_wconf 88' lang='lat' dir='ltr'>primi</span> <span class='ocrx_word' id='word_1_227' title='bbox 1056 3689 1226 3771; x_wconf 86' lang='lat' dir='ltr'>baptismi,</span> <span class='ocrx_word' id='word_1_228' title='bbox 1242 3689 1372 3770; x_wconf 87' lang='lat' dir='ltr'>irregu-</span> 
     </span>
     <span class='ocr_line' id='line_1_30' title="bbox 198 3776 1373 3880; baseline 0.005 -25"><span class='ocrx_word' id='word_1_229' title='bbox 198 3793 367 3859; x_wconf 83' lang='lat' dir='ltr'>laritatem</span> <span class='ocrx_word' id='word_1_230' title='bbox 381 3776 596 3872; x_wconf 88' lang='lat' dir='ltr'>contrahunt,</span> <span class='ocrx_word' id='word_1_231' title='bbox 610 3802 649 3860; x_wconf 91' lang='lat' dir='ltr'>ut</span> <span class='ocrx_word' id='word_1_232' title='bbox 662 3801 796 3862; x_wconf 89' lang='lat' dir='ltr'>constat</span> <span class='ocrx_word' id='word_1_233' title='bbox 810 3815 853 3862; x_wconf 84' lang='lat' dir='ltr'>ex</span> <span class='ocrx_word' id='word_1_234' title='bbox 867 3796 969 3862; x_wconf 88' lang='lat' dir='ltr'>variis</span> <span class='ocrx_word' id='word_1_235' title='bbox 981 3797 1127 3880; x_wconf 87' lang='lat' dir='ltr'>juribus,</span> <span class='ocrx_word' id='word_1_236' title='bbox 1143 3796 1317 3880; x_wconf 90' lang='lat' dir='ltr'>speciatim</span> <span class='ocrx_word' id='word_1_237' title='bbox 1331 3814 1373 3874; x_wconf 72' lang='lat' dir='ltr'>err</span> 
     </span>
     <span class='ocr_line' id='line_1_31' title="bbox 198 3904 414 3986; baseline 0.009 -21"><span class='ocrx_word' id='word_1_238' title='bbox 198 3919 227 3965; x_wconf 92' lang='lat' dir='ltr'>o.</span> <span class='ocrx_word' id='word_1_239' title='bbox 243 3904 347 3986; x_wconf 71' lang='lat' dir='ltr'>ihuj.</span> <span class='ocrx_word' id='word_1_240' title='bbox 365 3905 414 3967; x_wconf 89' lang='lat' dir='ltr'>tit.</span> 
     </span>
    </p>

    <p class='ocr_par' dir='ltr' id='par_1_9' title="bbox 179 4005 1452 4638">
     <span class='ocr_line' id='line_1_32' title="bbox 238 4005 1373 4102; baseline 0.002 -26"><span class='ocrx_word' id='word_1_241' title='bbox 238 4014 271 4076; x_wconf 70' lang='lat'>2⁰</span> <span class='ocrx_word' id='word_1_242' title='bbox 286 4012 381 4078; x_wconf 86' lang='lat' dir='ltr'>illam</span> <span class='ocrx_word' id='word_1_243' title='bbox 399 4014 684 4095; x_wconf 88' lang='lat' dir='ltr'>irregularitatem</span> <span class='ocrx_word' id='word_1_244' title='bbox 700 4016 879 4080; x_wconf 89' lang='lat' dir='ltr'>incurrunt</span> <span class='ocrx_word' id='word_1_245' title='bbox 893 4017 997 4081; x_wconf 90' lang='lat' dir='ltr'>etiam</span> <span class='ocrx_word' id='word_1_246' title='bbox 1017 4005 1180 4099; x_wconf 63' lang='lat' dir='ltr'>acolytus,</span> <span class='ocrx_word' id='word_1_247' title='bbox 1199 4015 1373 4102; x_wconf 83' lang='lat' dir='ltr'>subdiaco-</span> 
     </span>
     <span class='ocr_line' id='line_1_33' title="bbox 199 4121 1373 4207; baseline 0.003 -24"><span class='ocrx_word' id='word_1_248' title='bbox 199 4139 265 4183; x_wconf 91' lang='lat' dir='ltr'>nus</span> <span class='ocrx_word' id='word_1_249' title='bbox 284 4126 319 4184; x_wconf 91' lang='lat' dir='ltr'>et</span> <span class='ocrx_word' id='word_1_250' title='bbox 339 4121 501 4186; x_wconf 86' lang='lat' dir='ltr'>diaconus</span> <span class='ocrx_word' id='word_1_251' title='bbox 524 4123 582 4206; x_wconf 91' lang='lat' dir='ltr'>qui</span> <span class='ocrx_word' id='word_1_252' title='bbox 600 4123 783 4207; x_wconf 86' lang='lat' dir='ltr'>baptizanti</span> <span class='ocrx_word' id='word_1_253' title='bbox 802 4123 1045 4200; x_wconf 85' lang='lat' dir='ltr'>ministrarent,</span> <span class='ocrx_word' id='word_1_254' title='bbox 1062 4123 1184 4188; x_wconf 90' lang='lat' dir='ltr'>saltem</span> <span class='ocrx_word' id='word_1_255' title='bbox 1199 4122 1228 4186; x_wconf 91' lang='lat' dir='ltr'>si</span> <span class='ocrx_word' id='word_1_256' title='bbox 1242 4122 1373 4188; x_wconf 75' lang='lat' dir='ltr'>odmen</span> 
     </span>
     <span class='ocr_line' id='line_1_34' title="bbox 201 4215 990 4312; baseline 0.001 -19"><span class='ocrx_word' id='word_1_257' title='bbox 201 4231 275 4311; x_wconf 90' lang='lat' dir='ltr'>ejus</span> <span class='ocrx_word' id='word_1_258' title='bbox 290 4229 464 4312; x_wconf 90' lang='lat' dir='ltr'>publicum</span> <span class='ocrx_word' id='word_1_259' title='bbox 477 4235 578 4293; x_wconf 90' lang='lat' dir='ltr'>esset.</span> <span class='ocrx_word' id='word_1_260' title='bbox 592 4231 642 4300; x_wconf 90' lang='lat' dir='ltr'>lta</span> <span class='ocrx_word' id='word_1_261' title='bbox 654 4232 883 4296; x_wconf 88' lang='lat' dir='ltr'>communiter</span> <span class='ocrx_word' id='word_1_262' title='bbox 896 4231 961 4295; x_wconf 85' lang='lat' dir='ltr'>bb.</span> <span class='ocrx_word' id='word_1_263' title='bbox 987 4215 990 4222; x_wconf 70' lang='grc'><strong>’</strong></span> 
     </span>
     <span class='ocr_line' id='line_1_35' title="bbox 179 4337 1372 4430; baseline 0.004 -30"><span class='ocrx_word' id='word_1_264' title='bbox 179 4412 182 4430; x_wconf 30' lang='lat'>⁸</span> <span class='ocrx_word' id='word_1_265' title='bbox 241 4337 273 4400; x_wconf 86' lang='lat'>3⁰</span> <span class='ocrx_word' id='word_1_266' title='bbox 290 4337 586 4422; x_wconf 72' lang='lat' dir='ltr'>Si&#39;rebaptizantes</span> <span class='ocrx_word' id='word_1_267' title='bbox 598 4340 654 4405; x_wconf 84' lang='lat' dir='ltr'>vel</span> <span class='ocrx_word' id='word_1_268' title='bbox 667 4340 864 4424; x_wconf 85' lang='lat' dir='ltr'>rebaptizati</span> <span class='ocrx_word' id='word_1_269' title='bbox 877 4340 989 4406; x_wconf 89' lang='lat' dir='ltr'>clerici</span> <span class='ocrx_word' id='word_1_270' title='bbox 1004 4341 1083 4417; x_wconf 89' lang='lat' dir='ltr'>sint,</span> <span class='ocrx_word' id='word_1_271' title='bbox 1097 4341 1220 4423; x_wconf 90' lang='lat' dir='ltr'>deponi</span> <span class='ocrx_word' id='word_1_272' title='bbox 1236 4340 1372 4418; x_wconf 89' lang='lat' dir='ltr'>debent,</span> 
     </span>
     <span class='ocr_line' id='line_1_36' title="bbox 201 4423 1452 4528; baseline 0.006 -18"><span class='ocrx_word' id='word_1_273' title='bbox 201 4465 244 4510; x_wconf 84' lang='lat' dir='ltr'>ex</span> <span class='ocrx_word' id='word_1_274' title='bbox 266 4465 339 4511; x_wconf 87' lang='lat' dir='ltr'>can.</span> <span class='ocrx_word' id='word_1_275' title='bbox 363 4447 433 4523; x_wconf 88' lang='grc'><strong>118,</strong></span> <span class='ocrx_word' id='word_1_276' title='bbox 447 4446 488 4511; x_wconf 83' lang='lat' dir='ltr'>de</span> <span class='ocrx_word' id='word_1_277' title='bbox 507 4445 709 4528; x_wconf 76' lang='lat' dir='ltr'>Consecrat,</span> <span class='ocrx_word' id='word_1_278' title='bbox 728 4447 804 4515; x_wconf 90' lang='lat' dir='ltr'>dist.</span> <span class='ocrx_word' id='word_1_279' title='bbox 821 4448 850 4515; x_wconf 79' lang='lat' dir='ltr'>t.</span> <span class='ocrx_word' id='word_1_280' title='bbox 868 4449 902 4516; x_wconf 91' lang='lat' dir='ltr'>Si</span> <span class='ocrx_word' id='word_1_281' title='bbox 920 4467 1003 4516; x_wconf 86' lang='lat' dir='ltr'>vero</span> <span class='ocrx_word' id='word_1_282' title='bbox 1024 4448 1117 4528; x_wconf 89' lang='lat' dir='ltr'>laici,</span> <span class='ocrx_word' id='word_1_283' title='bbox 1144 4450 1376 4517; x_wconf 85' lang='lat' dir='ltr'>excommuni-</span> <span class='ocrx_word' id='word_1_284' title='bbox 1446 4423 1452 4440; x_wconf 56' lang='lat'><em>⁶</em></span> 
     </span>
     <span class='ocr_line' id='line_1_37' title="bbox 200 4555 623 4638; baseline -0.007 -18"><span class='ocrx_word' id='word_1_285' title='bbox 200 4558 331 4632; x_wconf 89' lang='lat' dir='ltr'>cantur,</span> <span class='ocrx_word' id='word_1_286' title='bbox 350 4573 392 4618; x_wconf 82' lang='lat' dir='ltr'>ex</span> <span class='ocrx_word' id='word_1_287' title='bbox 404 4573 432 4620; x_wconf 92' lang='lat' dir='ltr'>o.</span> <span class='ocrx_word' id='word_1_288' title='bbox 450 4555 554 4638; x_wconf 75' lang='lat' dir='ltr'>ihuj.</span> <span class='ocrx_word' id='word_1_289' title='bbox 573 4555 623 4618; x_wconf 86' lang='lat' dir='ltr'>tit.</span> 
     </span>
    </p>

    <p class='ocr_par' dir='ltr' id='par_1_10' title="bbox 202 4662 1376 4861">
     <span class='ocr_line' id='line_1_38' title="bbox 242 4662 1376 4752; baseline 0.004 -23"><span class='ocrx_word' id='word_1_290' title='bbox 242 4663 308 4730; x_wconf 90' lang='lat' dir='ltr'>Sed</span> <span class='ocrx_word' id='word_1_291' title='bbox 330 4663 474 4729; x_wconf 89' lang='lat' dir='ltr'>dubitan&#39;</span> <span class='ocrx_word' id='word_1_292' title='bbox 495 4667 608 4746; x_wconf 90' lang='lat' dir='ltr'>potest</span> <span class='ocrx_word' id='word_1_293' title='bbox 629 4681 672 4728; x_wconf 92' lang='lat' dir='ltr'>an</span> <span class='ocrx_word' id='word_1_294' title='bbox 693 4662 741 4728; x_wconf 89' lang='lat' dir='ltr'>illi</span> <span class='ocrx_word' id='word_1_295' title='bbox 762 4665 820 4751; x_wconf 89' lang='lat' dir='ltr'>qui</span> <span class='ocrx_word' id='word_1_296' title='bbox 843 4666 1073 4732; x_wconf 89' lang='lat' dir='ltr'>conditionate</span> <span class='ocrx_word' id='word_1_297' title='bbox 1100 4669 1236 4734; x_wconf 88' lang='lat' dir='ltr'>tantum</span> <span class='ocrx_word' id='word_1_298' title='bbox 1256 4668 1376 4752; x_wconf 87' lang='lat' dir='ltr'>rebap-</span> 
     </span>
     <span class='ocr_line' id='line_1_39' title="bbox 202 4771 1373 4861; baseline 0.003 -23"><span class='ocrx_word' id='word_1_299' title='bbox 202 4773 317 4850; x_wconf 86' lang='lat' dir='ltr'>tizant,</span> <span class='ocrx_word' id='word_1_300' title='bbox 328 4771 614 4857; x_wconf 86' lang='lat' dir='ltr'>irregularitatem</span> <span class='ocrx_word' id='word_1_301' title='bbox 632 4771 817 4841; x_wconf 88' lang='lat' dir='ltr'>incurrant.</span> <span class='ocrx_word' id='word_1_302' title='bbox 842 4773 1062 4842; x_wconf 75' lang='lat' dir='ltr'>communior</span> <span class='ocrx_word' id='word_1_303' title='bbox 1076 4777 1246 4844; x_wconf 88' lang='lat' dir='ltr'>sententia</span> <span class='ocrx_word' id='word_1_304' title='bbox 1259 4780 1373 4861; x_wconf 87' lang='lat' dir='ltr'>negat,</span> 
     </span>
    </p>
   </div>
   <div class='ocr_carea' id='block_1_7' title="bbox 0 0 1716 5566">
    <p class='ocr_par' dir='ltr' id='par_1_11' title="bbox 0 0 1716 5566">
     <span class='ocr_line' id='line_1_40' title="bbox 0 0 1716 5566; baseline 0 0"><span class='ocrx_word' id='word_1_305' title='bbox 0 0 1716 5566; x_wconf 95' lang='lat' dir='ltr'> </span> 
     </span>
    </p>
   </div>
  </div>
 </body>
</html>
