3508 5568
376 583 415 646 lb
836 605 886 650 rus
908 604 1088 651 canonicari.

376 702 456 783 doni
478 718 665 802 sponsalitii
684 719 834 786 lucratur
848 721 880 801 (l.
897 721 963 796 XV,
985 719 1065 797 XVI,
1082 737 1110 784 c.
1127 720 1169 785 de
1189 721 1311 785 Donat.
1340 723 1399 786 iot.
1426 725 1560 806 aripti..

375 825 452 891 liaec
466 827 664 910 sponsalitia
677 827 815 910 largitas
831 827 928 893 aliter
939 829 1054 893 vocari
1069 829 1156 893 solet
1166 827 1288 912 jocale,
1301 848 1359 894 seu
1374 830 1547 912 jocalium,

375 934 524 1000 mundus
554 936 740 1011 muliebris,
764 940 797 1000 et
820 935 1022 1012 dotalitium,
1047 935 1102 1001 vel
1125 937 1263 1002 donatio
1289 942 1368 1002 ante
1388 940 1547 1021 nuptias;

374 1043 453 1109 licet
467 1063 569 1109 voces
578 1045 652 1112 istae
662 1045 764 1110 etiam
779 1045 862 1110 alias
875 1044 1139 1127 significationes
1149 1045 1306 1110 habeant.
1322 1045 1415 1112 Circa
1429 1065 1549 1129 proxe-

376 1153 542 1227 neticum,
573 1152 664 1238 quod
691 1151 790 1216 datur
811 1155 1019 1235 proxenetae,
1043 1171 1104 1215 seu
1123 1149 1330 1217 conciliatori
1353 1154 1548 1236 nuptiarum

375 1260 410 1322 in
426 1261 736 1326 remunerationem
759 1261 934 1325 industriae
949 1260 1118 1336 adhibita,
1145 1266 1301 1325 servatur
1323 1263 1546 1340 consuetudo,

375 1367 430 1432 vel
452 1369 654 1444 conventio;
677 1369 779 1453 idque
803 1369 948 1453 speciale
965 1375 1026 1445 est,
1054 1368 1144 1452 quod
1166 1373 1355 1452 proxeneta
1373 1371 1548 1436 conveniri

375 1482 532 1560 nequeat,
548 1477 704 1560 quamvis
719 1477 901 1554 liberalius,
921 1495 1155 1562 quamverum
1172 1483 1254 1553 crat,
1265 1477 1456 1560 depinxerit
1468 1499 1549 1564 qua-

374 1581 486 1648 litates
502 1587 536 1648 et
549 1583 725 1649 facultates
741 1586 857 1668 sponsi
871 1591 931 1650 aut
945 1603 1078 1669 sponsae
1093 1584 1125 1666 (l.
1143 1583 1182 1660 ll,
1199 1585 1234 1648 [t.
1257 1585 1297 1648 de
1312 1585 1480 1669 Proxeni.

415 1690 512 1774 Resp.
523 1693 553 1754 a.
564 1691 750 1757 Pactumde
762 1690 1297 1767 habitando,velnouhabitandc,
1310 1693 1448 1758 incerto
1459 1693 1546 1769 loeo,

375 1804 465 1865 recte
487 1801 668 1884 apponitur
687 1799 912 1884 sponsalibus,
930 1804 974 1878 et,
993 1779 1173 1866 contractis
1189 1799 1327 1882 nuptiis,
1345 1803 1474 1866 servari
1493 1803 1549 1866 de-

375 1915 447 1980 bet:
461 1933 541 1980 nam
557 1913 622 1980 tale
635 1919 772 1998 paetum
787 1915 828 1979 de
837 1934 873 1980 se
884 1933 954 1980 ncn
965 1914 1189 1991 estillicitum,
1200 1934 1312 1998 neque
1324 1917 1549 1982 contrariatur

273 2045 274 2050 ¹
374 2023 602 2088 matrimonio.
631 2021 762 2106 Excipe,
794 2024 859 2088 nisi
881 2026 1073 2104 emergeret
1092 2025 1186 2106 justa
1212 2041 1315 2087 causa
1340 2005 1546 2100 discedendi,

374 2137 476 2196 antea
487 2150 557 2197 non
571 2131 733 2214 praevisa:
749 2137 787 2196 ut
800 2133 827 2196 si
843 2133 1104 2217 supervenirent
1113 2131 1272 2215 capitales
1285 2133 1480 2208 inimicitia,
1497 2134 1548 2198 in-

375 2238 553 2305 salubritas
565 2241 664 2316 aeris,
683 2245 759 2318 ctc.;
776 2246 858 2306 tunc
877 2243 968 2306 enim
990 2259 1078 2306 uxor
1090 2244 1264 2305 teneretur
1278 2242 1373 2324 sequi
1388 2242 1548 2308 maritum

375 2345 441 2412 alio
456 2347 699 2413 discedentem.

706 2535 747 2586 lv.
767 2533 833 2594 Quis
845 2533 882 2585 sit
899 2533 1016 2586 effectus
1031 2533 1223 2597 sponsalium?

415 2679 514 2762 Resp.
534 2681 562 2742 l.
583 2679 714 2764 Duplex
728 2681 918 2764 precipuus
945 2701 951 2743 :
973 2683 1003 2744 t⁰
1027 2679 1187 2762 obligatio
1211 2682 1324 2762 gravis
1342 2680 1484 2764 justitiae
1506 2681 1548 2745 ad

374 2787 624 2852 contrahendas
637 2787 784 2870 nuptias,
803 2792 837 2851 et
852 2805 946 2853 cons.
965 2787 1249 2871 impedimentum
1259 2787 1449 2872 impediens
1461 2789 1548 2872 juris

374 2894 549 2970 naturalis,
568 2913 611 2959 ne
634 2895 890 2960 matrimonium
903 2895 992 2961 licite
1015 2914 1094 2960 cum
1115 2897 1214 2960 tertio
1232 2897 1451 2961 contrahatur
1472 2916 1479 2958 :
1503 2895 1549 2960 ita

374 3003 745 3078 canatboetuuet,
760 2992 1104 3086 q.t,c.t,ld,eto.l1.
1121 3010 1143 3066 t.
1161 3022 1189 3067 c.
1207 3005 1235 3066 t.
1254 3004 1295 3068 de
1311 3003 1431 3088 Speos.
1451 3004 1546 3067 door.

414 3114 445 3176 9⁰
461 3113 747 3196 Impedimentum
761 3112 903 3200 publiea
926 3113 1125 3190 honestatis,
1141 3114 1182 3178 de
1209 3133 1275 3198 quo
1290 3115 1399 3190 intra3
1425 3119 1460 3177 et
1471 3117 1548 3196 jure

374 3221 492 3297 veteri,
511 3221 569 3286 ubi
583 3219 670 3285 Trid.
682 3239 752 3286 non
764 3222 868 3304 viget,
882 3221 1055 3304 sponsalia
1063 3239 1126 3304 per
1138 3221 1294 3305 copulam
1310 3223 1446 3286 firmata
1459 3227 1549 3286 tran·

375 3334 477 3399 seunt
489 3331 524 3393 in
537 3330 794 3395 matrimonium
809 3332 847 3412 (c.
866 3332 905 3395 ts
920 3337 954 3394 et
968 3331 1008 3396 30
1023 3332 1055 3394 b.
1073 3331 1148 3414 tit),
1166 3349 1245 3396 nam
1258 3335 1310 3394 est
1325 3331 1547 3413 praesumptio

371 3437 470 3519 juris,
488 3442 522 3501 et
535 3436 675 3520 dejure,
694 3437 851 3520 copulam
866 3440 967 3503 istam
985 3439 1109 3504 iactam
1124 3457 1199 3504 esse
1219 3439 1343 3504 affectu
1364 3439 1546 3520 conjugali,

375 3543 418 3607 ad
433 3543 683 3622 excludendum
702 3551 878 3627 peccatum
900 3546 1133 3611 fornicationis
1149 3566 1155 3608 :
1173 3547 1200 3609 si
1221 3551 1334 3610 tarum
1353 3544 1475 3627 copula
1491 3545 1548 3610 lra-

375 3651 445 3714 bita
460 3656 512 3716 est
532 3651 655 3716 affeetu
680 3654 872 3729 fornicario,
888 3659 999 3718 cessat
1012 3653 1232 3736 praesumptio
1251 3655 1316 3746 ista
1331 3671 1392 3735 pro
1410 3652 1483 3716 toro
1499 3653 1550 3714 in·-

377 3761 485 3833 terno,
510 3757 589 3822 licet
609 3759 644 3823 in
658 3761 732 3825 foro
759 3765 902 3825 externo
917 3760 1009 3825 nulla
1027 3760 1193 3843 probatio,
1216 3759 1337 3824 saltem
1355 3759 1491 3835 directa,
1513 3760 1550 3823 in

376 3866 583 3932 contrarium
599 3867 806 3933 admittatur.

416 3973 516 4058 Resp.
529 3975 558 4038 2.
576 3975 653 4040 Dies
668 3975 884 4058 obligationis
899 3977 1116 4060 sponsalitia,
1129 3980 1226 4061 cujus
1236 3977 1425 4059 impletioni
1436 3973 1549 4040 nullus

379 4082 711 4166 terminuspraetlxus
727 4089 789 4160 est,
805 4085 919 4149 statim
929 4086 1028 4160 cedit,
1040 4091 1074 4149 et
1087 4085 1209 4150 venita
1223 4088 1377 4166 tempore
1387 4085 1550 4148 initorum

376 4189 604 4272 sponsalium:
622 4193 745 4255 namin
761 4193 920 4256 omnibus
933 4193 1195 4274 obligationibus
1208 4193 1243 4256 in
1260 4191 1382 4274 quibus
1397 4191 1469 4255 dies
1479 4210 1548 4256 non

375 4298 524 4380 ponitur,
541 4299 701 4382 prasenti
716 4299 770 4363 die
787 4299 930 4364 debetur
945 4299 977 4382 (l.
995 4299 1075 4373 x1v,
1093 4301 1129 4364 ii.
1150 4300 1192 4364 de
1205 4299 1243 4364 n.
1262 4299 1307 4382 J.)
1329 4317 1440 4383 neque
1462 4299 1548 4363 ratio

378 4411 430 4469 est
443 4424 503 4471 cur
518 4406 688 4489 sponsalia
701 4407 875 4490 implenda
889 4408 958 4472 sint
970 4411 1048 4491 post
1062 4425 1181 4482 unum,
1197 4411 1255 4471 aut
1268 4408 1383 4489 plures
1397 4425 1545 4481 meuses,

377 4518 411 4577 et
425 4532 495 4577 non
511 4519 589 4596 post
603 4514 704 4579 diem.
722 4514 792 4580 llcc
820 4521 935 4578 tamen
958 4514 1132 4580 moraliter
1156 4516 1279 4597 accipe,
1308 4514 1395 4578 sicut
1416 4513 1451 4576 in
1474 4513 1547 4578 aliis

376 4621 616 4698 contractibus,
634 4641 675 4686 ex
691 4623 813 4705 quibus
828 4623 986 4705 prasenti
1004 4623 1057 4687 die
1083 4621 1236 4698 debetur,
1258 4626 1339 4705 puta
1352 4622 1442 4686 intra
1459 4639 1547 4684 com-

377 4733 496 4814 petens
526 4729 672 4814 spatium
703 4725 880 4814 temporis,
910 4730 988 4812 quia
1007 4729 1109 4794 etiam
1137 4728 1315 4814 stipulator
1335 4747 1403 4796 non
1433 4728 1547 4794 statim
