3508 5568
575 666 664 711 ursas
686 667 824 720 curares
846 667 1067 714 accamanus.
1369 647 1407 710 at

235 789 314 872 quia
341 786 492 851 Christus
530 785 788 851 matrimonium
812 787 847 850 iu
876 787 1007 851 ratione
1035 789 1230 851 contractus
1258 785 1409 851 validum

147 949 150 954 .
235 896 382 962 elevavit
395 895 438 960 ad
452 895 620 960 rationem
635 895 847 972 sacramenti,
862 915 923 960 seu
934 896 1043 961 voluit
1055 914 1130 970 esse
1144 899 1407 972 sacramentum,

235 1010 269 1068 et
280 1022 373 1070 cous.
390 1003 622 1068 conditionem
636 1003 668 1066 ei
682 1003 850 1087 apposnit,
869 1007 916 1078 ut,
935 1004 964 1067 si
978 1003 1096 1068 fideles
1111 1003 1223 1068 valide
1237 1002 1320 1067 illud
1331 1021 1409 1068 con·

235 1113 368 1177 trahere
382 1111 501 1186 velint,
516 1111 720 1178 contrahant
741 1110 825 1176 illud
851 1111 953 1178 modo
974 1111 1159 1176 christiano
1184 1129 1264 1174 cum
1278 1112 1409 1178 ratione

235 1219 448 1294 sacramenti,
474 1236 544 1283 uon
557 1235 640 1283 vero
654 1237 750 1284 more
765 1219 900 1284 ethnico
910 1219 947 1282 in
957 1218 1089 1283 ratione
1104 1218 1180 1301 puri
1194 1222 1387 1284 contractus
1401 1239 1408 1295 ;

235 1346 317 1408 ergo
335 1327 592 1392 matrimonium
615 1345 635 1391 a
662 1327 819 1392 fidelibus
847 1331 1063 1392 contractum
1082 1345 1217 1412 semper
1235 1331 1287 1392 est
1301 1345 1410 1392 sacra-

234 1439 409 1510 mentum;
426 1433 481 1498 rel
496 1435 524 1500 si
537 1434 685 1500 huonon
700 1439 762 1510 est,
779 1454 892 1520 neque
905 1435 1119 1500 estvalidum
1129 1433 1385 1500 matrimonium
1401 1453 1408 1496 :

237 1547 308 1608 tum
324 1543 489 1627 quianon
508 1549 561 1608 est
583 1543 742 1609 credibile
759 1544 929 1609 Christum
952 1545 1138 1609 Dominum
1161 1543 1197 1610 in
1220 1543 1358 1608 arbitrio
1373 1543 1412 1604 u-

237 1649 363 1714 delium
381 1650 557 1734 reliquisse
584 1655 621 1716 ut
643 1669 704 1735 pro
732 1651 855 1734 placito
876 1669 939 1716 suo
964 1651 1184 1716 matrimonia
1209 1651 1412 1716 contrahant

235 1775 313 1822 cum
327 1757 383 1823 vel
397 1759 470 1824 sine
484 1761 617 1825 ratione
631 1761 846 1825 sacramenti.

270 1923 358 1982 Dices
373 1942 380 1980 :
400 1929 427 1979 1·
439 1925 529 1982 turta
542 1924 704 1984 Florentio.
723 1925 850 1984 intentio
864 1930 912 1984 est
925 1923 1098 1982 necessaria
1112 1923 1148 1982 ad
1163 1923 1294 1982 valorem
1308 1923 1412 1996 cuius-

235 2028 364 2087 cumque
379 2015 577 2086 sacramenti;
600 2014 652 2072 sed
673 2015 885 2074 contrahentes
905 2013 1129 2076 matrimonium
1154 2019 1285 2088 possunt
1304 2013 1412 2072 babere

236 2102 361 2174 positive
374 2103 553 2162 contrariam
564 2103 830 2162 intentionemnon
842 2102 1020 2160 conficiendi
1037 2103 1268 2165 sacramentum,
1283 2101 1412 2160 maxime

236 2190 261 2247 si
278 2187 340 2248 sint
353 2189 494 2261 baeretici,
510 2197 658 2266 negantes
681 2191 906 2250 matrimonium
925 2206 994 2250 esse
1017 2196 1249 2252 sacramentum.
1266 2195 1296 2248 2⁰
1312 2190 1411 2248 cbris-

235 2285 285 2339 tus
305 2281 448 2340 elevando
466 2295 514 2341 res
528 2283 564 2340 ad
580 2285 783 2346 sacramenta.
803 2297 863 2339 nou
884 2281 1009 2340 sustulit
1030 2286 1167 2340 naturam
1189 2279 1344 2354 physicam
1364 2281 1410 2338 vet

237 2371 379 2430 moralem
395 2372 533 2442 illarum3
558 2388 629 2446 ergo
645 2386 742 2445 neque
757 2371 881 2432 sustulit
894 2372 1024 2430 valorem
1038 2371 1221 2430 matrimonii
1244 2371 1275 2429 in
1297 2371 1413 2430 ratione

236 2467 417 2520 contractus.
437 2467 467 2520 θ’*
483 2467 524 2520 Ex
542 2463 626 2522 nuttc
638 2463 705 2535 jure
722 2467 840 2522 constat
860 2462 941 2536 quod
956 2461 1089 2522 conditio
1102 2461 1282 2520 sacramenti
1295 2475 1414 2520 annexa

236 2549 275 2607 sit
289 2550 479 2608 matrimonio
495 2550 628 2608 fidelium
643 2552 732 2610 modo
755 2551 961 2616 imitativum
985 2551 1208 2610 matrimonium
1233 2565 1322 2610 secus
1341 2555 1413 2608 con-

237 2644 361 2697 nactum
378 2640 419 2698 sit
433 2640 548 2699 nullum
565 2641 595 2698 in
611 2640 725 2699 ratione
741 2646 924 2700 contractus.
947 2644 1037 2713 Resp.
1061 2641 1097 2698 ad
1125 2644 1150 2696 t.
1173 2640 1300 2710 Fideles,
1323 2641 1367 2697 uti
1384 2647 1413 2699 et

236 2729 379 2800 baeretici,
395 2729 505 2788 babent
519 2730 687 2804 generalem
702 2730 899 2789 intentionem
914 2730 1108 2790 contrahendi
1120 2730 1312 2788 matrimonia
1332 2746 1415 2790 more

237 2818 488 2888 christianorum
504 2825 534 2878 et
547 2833 629 2878 cons.
647 2821 807 2878 iuratione
823 2820 1013 2890 sacramenti,
1028 2820 1079 2878 cui
1094 2820 1254 2878 intentioni
1269 2835 1330 2878 nou
1343 2836 1414 2895 prae-

235 2911 314 2968 valet
327 2910 464 2983 privatus
479 2925 562 2969 error
577 2925 638 2983 quo
652 2911 803 2985 cogitant,
819 2911 866 2968 vel
887 2909 1112 2968 matrimonium
1139 2925 1200 2968 non
1223 2925 1291 2970 esse
1314 2925 1413 2970 sacra-

237 3005 380 3065 mentum,
396 3001 442 3060 vel
456 3000 528 3060 illud
543 3017 561 3058 a
576 3016 608 3060 se
622 3016 683 3060 nou
697 2993 833 3060 contrahi
848 3000 879 3058 in
895 3000 1009 3058 ratione
1024 3000 1214 3058 sacramenti.
1226 3000 1311 3070 Quod
1323 3001 1349 3059 si
1360 3017 1413 3060 au·

238 3095 295 3148 tem
311 3105 367 3148 uec
381 3090 550 3166 generalem
566 3090 764 3149 intentionem
779 3089 910 3148 habeant
921 3089 1117 3149 contrahendi
1138 3103 1220 3146 more
1235 3089 1413 3150 christiano·

236 3195 315 3249 rum,
331 3180 384 3238 sed
399 3181 574 3238 contrahere
589 3180 683 3238 velint
697 3194 779 3238 more
790 3179 989 3245 ethnicorum,
1006 3184 1078 3239 tunc
1092 3179 1225 3252 quidem,
1240 3179 1412 3243 lateannou

237 3267 400 3327 conficiunt
419 3275 651 3338 sacramentum,
661 3285 697 3326 er
713 3268 830 3328 delectu
845 3269 1031 3332 intentionis.
1047 3269 1252 3328 utsanichT.
1267 3269 1415 3326 sententia

237 3363 333 3422 tenet,
356 3357 408 3416 scd
428 3373 525 3432 neque
545 3357 711 3417 conficiunt
726 3358 951 3416 matrimonium
966 3359 998 3416 in
1015 3359 1130 3416 ratione
1149 3361 1322 3416 contractus
1341 3357 1414 3416 vali-

237 3449 327 3509 dum:
344 3453 406 3508 tum
427 3450 578 3522 quianon
598 3448 760 3507 observant
778 3449 1013 3508 conditionema
1032 3449 1147 3508 cbristo
1166 3463 1329 3518 annexam,
1349 3455 1413 3508 tum

236 3539 309 3611 quia
334 3544 510 3612 sequeretur
535 3537 623 3596 talem
650 3543 839 3597 contractum
863 3553 924 3596 non
946 3552 1014 3597 esse
1039 3542 1261 3596 sacramentum
1287 3553 1323 3596 er
1347 3539 1415 3596 doc-

238 3628 316 3686 trina
330 3627 584 3698 adversariorum,
609 3633 638 3686 et
661 3641 726 3688 esse
753 3633 974 3686 sacramentum
1000 3643 1037 3686 ex
1060 3627 1197 3686 doctrina
1216 3627 1413 3688 conciliorum

237 3717 408 3776 docentium
420 3732 508 3775 omne
523 3717 747 3776 matrimonium
769 3716 938 3776 abdelibus
959 3725 1145 3777 contractum
1161 3719 1268 3789 valide,
1283 3733 1352 3778 esse
1366 3733 1412 3778 sa·

237 3811 438 3877 uramentum,
454 3821 523 3865 eum
539 3807 675 3866 Christus
690 3807 915 3866 matrimonium
930 3810 961 3868 in
976 3809 1105 3868 Ecclesia
1116 3809 1414 3871 validumelcvaverit

237 3897 273 3956 ad
288 3897 433 3956 rationem
449 3897 638 3956 sacramenti.
654 3898 737 3956 Sicut
752 3912 824 3973 ergo
838 3899 870 3956 in
888 3898 955 3973 lege
970 3899 1080 3958 Christi
1094 3905 1245 3976 repugnat
1265 3905 1298 3958 ut
1311 3899 1414 3958 matri-

237 3987 508 4060 moniumponatur
522 3987 655 4046 validum
668 3987 699 4045 iu
710 3987 826 4045 ratione
839 3989 1030 4058 sacramenti,
1041 3995 1070 4046 et
1081 3989 1246 4048 invalidum
1257 3987 1287 4045 in
1299 3989 1414 4046 ratione

237 4081 419 4140 contractus,
434 4075 478 4134 ita
494 4091 614 4150 quoque
626 4081 775 4150 repugnat
789 4082 823 4136 ut
838 4079 1063 4137 matrimonium
1081 4084 1211 4152 ponatur
1232 4077 1362 4136 validum
1382 4077 1413 4134 iu

237 4167 353 4224 ratione
368 4170 550 4236 contractus,
563 4171 592 4223 et
605 4165 769 4225 invalidum
786 4167 948 4226 iuratione
969 4168 1163 4237 sacramenti;
1188 4182 1256 4226 cum
1278 4167 1337 4224 ista
1354 4166 1414 4224 duo

239 4255 374 4313 Christus
383 4253 821 4328 inseparabiliterccnjunrerit
835 4256 991 4329 (Sancb.,t.
1005 4257 1261 4329 thuerim-‚disp
1271 4254 1351 4320 tuin
1360 4254 1412 4312 tln.

237 4343 311 4402 Adi.
320 4340 396 4400 Nihil
407 4343 527 4417 quidem
539 4343 672 4413 sustulit,
683 4343 735 4402 sed
745 4347 843 4402 tamen
855 4345 999 4404 annexuit
1009 4345 1212 4404 conditionem
1223 4344 1413 4408 sacramenti,

238 4501 373 4554 catholicis
394 4501 505 4554 omuino
527 4501 697 4554 invalidum:
720 4502 820 4554 Bened.
842 4503 905 4568 XIV,
925 4509 1010 4557 conat.
1035 4504 1149 4556 Reddita
1169 4507 1229 4554 aurat
1242 4503 1324 4555 nobis.
1348 4501 1413 4554 Vide

238 4579 317 4630 etiam
331 4579 406 4629 instr.
422 4577 448 4628 S.
463 4577 557 4628 Poenit.
571 4579 601 4628 15
613 4578 671 4643 jan.
684 4581 745 4631 l866
761 4579 849 4646 (Apud
861 4579 1019 4648 delegetis,
1032 4582 1059 4632 b.
1072 4585 1090 4632 t.
1105 4595 1132 4632 n.
1145 4581 1194 4644 ta).

268 4652 605 4717 Tameunotaudumquod
618 4658 734 4719 potestas
743 4655 827 4706 civilia
836 4657 908 4706 valet
918 4657 942 4708 1⁰
951 4658 1088 4722 imponere
1100 4657 1229 4721 quasdam
1240 4655 1415 4716 conditiones,

237 4734 268 4780 ut
277 4729 445 4780 matrimonia
456 4729 572 4783 habeant
581 4727 691 4784 ebertus
701 4731 792 4785 civiles
801 4731 991 4784 determinatos
997 4745 1004 4797 ;
1015 4735 1044 4783 2⁰
1053 4731 1185 4800 bebetjcs
1193 4732 1353 4799 reprebendi
1363 4746 1416 4789 ma·

239 4806 372 4867 trimonia,
389 4809 439 4860 etc.
