3412 5570
518 605 604 654 uem
626 607 754 663 ourrrus
774 607 998 656 nrcnursuuu.
1284 585 1346 652 453

208 724 450 794 Adnotandum
470 731 522 791 eet
537 728 651 805 etiam,
677 726 768 811 quod
788 727 947 812 quelibet
964 726 1102 795 venatio
1122 727 1356 799 vehementer,

170 839 325 906 distrahit
348 842 382 904 et
400 841 522 902 avocat
540 836 673 901 animos
695 837 738 901 ab
761 837 972 901 orationibus
987 840 1020 900 et
1032 835 1152 900 officiis
1168 834 1347 918 spirituali·

169 948 244 1013 bus.
257 947 367 1024 Quare
379 944 542 1028 jamobm
556 946 743 1009 monebant
757 962 877 1010 omnes
892 944 1088 1020 canonistas,
1107 943 1198 1026 quod
1210 943 1348 1008 sirena-

169 1056 217 1121 tio
233 1054 348 1140 quieta
362 1054 564 1118 essetnimis
578 1047 751 1136 frequens,
767 1072 807 1118 eo
818 1055 892 1137 ipso
907 1057 999 1118 esset
1009 1053 1187 1136 prohibita,
1197 1053 1361 1134 quiaper.

171 1163 369 1230 camalerici
389 1180 410 1227 a
430 1161 553 1225 divinis
574 1161 695 1225 ciliciis
713 1158 855 1244 aliisque
875 1161 1105 1244 spiritualibus
1122 1158 1348 1242 occupationi-

169 1272 233 1337 bus
257 1272 510 1346 abstrahuntur,
537 1269 619 1336 dum
643 1277 779 1354 tempus
801 1271 883 1336 feris
906 1275 966 1336 aut
988 1269 1183 1335 volucribus
1211 1267 1348 1334 investi-

169 1382 291 1464 gandis
304 1381 517 1466 impendunt.

212 1494 239 1574 c)
250 1491 390 1556 Venatio
407 1491 596 1556 clamorosa
609 1492 779 1576 prohibita
793 1494 845 1556 est
855 1490 984 1556 clericis
996 1494 1035 1572 (c.
1049 1491 1088 1554 19
1103 1491 1161 1554 dn.
1178 1491 1250 1571 huj.
1269 1489 1345 1571 tit).

171 1598 267 1664 Ratio
284 1603 346 1676 est,
362 1598 442 1682 quia
458 1599 595 1663 venatio
610 1617 681 1663 non
701 1599 863 1664 convenit
879 1597 1055 1663 modestiae
1070 1595 1216 1662 clericali
1234 1614 1347 1679 neque

171 1706 314 1783 lenitati,
325 1713 463 1790 propter
476 1707 644 1771 immitem
655 1707 830 1789 sanguinis
846 1706 1045 1772 animalium
1060 1705 1264 1771 effusionem
1278 1724 1285 1766 :
1299 1705 1348 1768 sic

171 1834 241 1899 pree
255 1833 291 1879 se
305 1816 372 1879 fert
387 1815 536 1899 speciem
550 1814 639 1890 belli,
657 1815 826 1900 simulque
850 1817 885 1879 in
905 1816 1027 1880 animis
1054 1815 1178 1880 excitat
1197 1811 1347 1896 aliquam

172 1925 400 2007 asperitatem,
412 1923 542 1988 lenitati
557 1923 701 1988 clericali
713 1924 812 1990 valde
826 1925 1016 1989 adversam.
1027 1922 1164 1988 Accedit
1180 1920 1346 2007 quedele-

170 2035 259 2099 ricos
274 2032 426 2098 edivinis
435 2033 555 2098 oitlciis
563 2032 705 2118 aliisque
717 2033 948 2117 spiritualibus
959 2031 1238 2116 occupationibus
1246 2028 1345 2094 valde

170 2142 344 2207 abstrahit.
367 2142 552 2226 Episcopus
579 2143 700 2226 nequit
725 2142 913 2208 concedere
938 2141 1068 2208 clericis
1090 2159 1185 2206 arma
1203 2156 1265 2220 pro
1286 2155 1347 2202 vo·
1388 2153 1400 2170 ·

169 2249 332 2334 luptuosa
345 2251 543 2325 venatione,
560 2269 640 2315 cum
658 2253 759 2333 juxta
780 2250 1045 2316 declarationem
1059 2249 1091 2312 S.
1107 2247 1228 2330 Gongr.
1245 2247 1342 2310 Imm.

169 2353 271 2436 (apud
289 2353 430 2430 Ferrea,
456 2361 491 2415 ν’
516 2351 673 2428 Clericus,
697 2373 727 2418 a.
748 2354 777 2430 6,
800 2373 833 2416 n.
860 2353 909 2436 10)
931 2351 1074 2418 facultas
1097 2349 1230 2416 ferendi
1251 2365 1364 2414 arma.

169 2463 359 2544 generatim
373 2461 512 2527 concedi
521 2466 671 2546 nequeat
687 2489 702 2522 ι(
714 2464 780 2528 nisi
791 2463 946 2546 legitima
955 2481 1059 2527 causa
1073 2486 1101 2524 ».

208 2569 311 2635 Multo
325 2570 434 2652 magis
444 2571 581 2635 venatio
596 2569 775 2636 interdicta
788 2577 839 2636 est
849 2571 1025 2636 monachis
1043 2576 1078 2636 et
1091 2569 1166 2636 aliis
1178 2569 1345 2650 religiosis

169 2679 284 2761 (Glem.
299 2679 340 2743 de
350 2679 455 2744 Statu
464 2679 745 2761 brunechildem
759 2684 821 2758 est,
837 2679 1001 2764 quiaillos
1011 2678 1122 2760 magis
1135 2676 1286 2751 dedecet,
1300 2675 1347 2741 ita

170 2793 209 2851 ut
219 2806 282 2877 nec
289 2787 620 2853 recreationiscausa
628 2787 765 2851 venatio
776 2787 825 2852 eis
834 2787 878 2851 sit
886 2787 993 2862 licita;
1005 2787 1053 2850 ita
1061 2787 1253 2850 communis
1269 2803 1346 2849 sen-

171 2896 287 2959 tentia.
300 2895 426 2959 Tamen
440 2895 475 2958 in
488 2893 543 2957 his
554 2893 746 2959 venationis
758 2912 841 2957 usus
855 2898 988 2958 nonest
1001 2897 1179 2976 peccatum
1188 2891 1344 2966 mortale,

171 3003 199 3065 si
215 3001 412 3067 scandalum
430 3002 535 3080 absit;
556 3005 590 3067 et
607 3001 672 3066 boc
693 3001 801 3066 multo
816 3002 926 3084 magis
940 3019 1063 3067 verum
1082 3007 1135 3066 est
1152 3000 1195 3064 de
1216 2999 1346 3065 clericis

171 3109 400 3176 sacularibus.

408 3295 449 3344 111.
465 3295 506 3344 De
520 3291 611 3356 poenis
628 3291 693 3344 latis
707 3294 806 3366 contra
820 3293 935 3346 clericos
950 3293 1109 3346 senatores.

211 3443 243 3523 α)
256 3440 305 3504 Ex
318 3457 389 3522 cap.
407 3439 506 3521 lhuj.
519 3438 584 3514 tit,
602 3438 630 3500 si
645 3441 769 3521 saepius
793 3439 942 3504 exercita
964 3441 1077 3514 inerit,
1099 3439 1278 3521 epiecopus
1294 3439 1348 3520 ju-

170 3550 270 3613 betur
283 3547 390 3611 tribus
405 3545 580 3610 mensibus
595 3548 868 3611 acommunione
880 3547 997 3621 arceri,
1008 3547 1187 3629 presbyter
1200 3544 1343 3618 duobus,

172 3656 334 3722 diaconus
343 3672 425 3720 vere
439 3653 600 3737 suspendi
609 3655 651 3718 ab
668 3653 779 3720 cilicio
792 3655 865 3720 sine
877 3654 1160 3719 determinatione
1170 3653 1344 3736 temporis.

171 3764 247 3830 llaec
262 3762 440 3848 suspensio
455 3769 507 3827 est
520 3761 669 3828 ferendae
683 3766 871 3839 sententiae,
889 3769 927 3828 ut
945 3763 1033 3828 clare
1048 3781 1118 3847 pree
1132 3781 1168 3826 se
1191 3764 1258 3828 fert
1271 3780 1346 3826 ver-

171 3875 254 3937 bum
274 3871 577 3955 «suspendatur»,
603 3891 670 3956 qno
686 3873 793 3936 utitur
811 3876 924 3936 textus
941 3873 978 3936 in
997 3872 1071 3936 eod.
1095 3871 1232 3937 decreto
1251 3892 1258 3933 :
1275 3872 1345 3934 imo

171 3981 364 4065 requiritur,
380 3984 418 4044 ut
434 3981 507 4064 quis
522 3981 558 4048 in
572 3981 754 4046 venatione
775 3981 967 4045 exercenda
981 3983 1105 4062 saepius
1118 3981 1232 4045 inerit.
1249 3979 1347 4044 Ratio

172 4090 375 4173 disparitatis
391 4107 501 4172 poenae
520 4094 582 4165 est,
604 4090 683 4173 quia
701 4089 848 4172 dignitas
869 4091 906 4154 in
922 4089 974 4154 his
995 4090 1097 4154 rebus
1117 4107 1192 4173 quae
1219 4093 1346 4152 statum

171 4197 360 4263 clericalem
396 4196 570 4272 dedecent,
604 4198 808 4279 gravitatem
846 4197 957 4263 delicti
985 4202 1105 4279 auget;
1141 4201 1347 4280 quapropter

173 4304 295 4371 merito
316 4305 464 4390 episcopi
486 4305 643 4387 graviori,
669 4323 772 4392 quam
794 4307 974 4372 inferiores
998 4303 1121 4384 clerici,
1144 4322 1247 4390 poena
1275 4304 1348 4368 afss-
1464 4333 1467 4338 ·

172 4414 317 4477 ciuntur.

212 4523 261 4586 Ex
278 4521 598 4611 indeterminatione
617 4543 728 4607 pcenae
747 4525 859 4608 quoad
874 4525 1045 4602 diaconos,
1070 4523 1224 4608 sequitur
1243 4521 1344 4606 quod,

174 4630 310 4714 quando
324 4628 498 4713 placuerit,
521 4631 700 4716 episcopus
724 4653 803 4704 cum
828 4633 970 4699 diacono
991 4633 1117 4717 poterit
1138 4631 1342 4714 dispensare.

174 4738 278 4806 Pone
288 4737 356 4804 lata
371 4741 489 4804 contra
503 4737 663 4808 diaconos
679 4740 874 4804 extenditur
885 4760 906 4806 a
915 4741 1030 4822 glossa
1045 4741 1127 4826 (cap.
1145 4741 1174 4824 l)
1188 4738 1345 4809 etiamad
