3388 5582
562 503 650 555 traua
672 506 798 564 omarus
819 509 1039 556 oscaumuos.
1277 503 1279 510 “
1335 493 1395 560 ott

219 631 411 706 recentiori,
425 629 623 696 conceditur
635 631 805 708 omnibus,
818 631 922 696 modo
936 631 1107 714 poenitens
1117 649 1188 696 uon
1203 633 1247 696 sit
1259 649 1396 697 excom-

218 739 772 804 municatusexcommunicatione
783 743 968 815 reservata,
982 743 1017 804 et
1028 756 1099 804 non
1111 737 1243 805 dederit
1253 739 1396 806 'oausam
1429 758 1431 762 ·

218 846 398 912 interdicto
408 845 608 926 (Reiffenst,
621 865 655 910 n.
671 846 734 929 no).

258 955 291 1018 4ο
306 954 563 1018 Sacramentum
580 953 814 1032 Eucharistiae,
833 959 986 1037 tempore
1008 953 1177 1019 interdicti
1199 954 1315 1020 localis
1337 962 1397 1021 aut
1491 993 1495 1008 ·

218 1061 408 1144 personalis
425 1060 605 1142 generalis,
621 1079 691 1126 non
705 1061 962 1127 administratur
976 1061 1041 1126 nisi
1053 1061 1247 1126 constitutis
1266 1063 1301 1126 in
1315 1081 1394 1147 pro-

218 1167 321 1234 babili
345 1167 497 1252 periculo
522 1169 652 1247 mortis,
676 1169 750 1234 sive
771 1171 815 1234 ob
836 1171 1081 1246 infirmitatem,
1105 1171 1176 1235 siue
1198 1171 1241 1235 ob
1260 1178 1397 1254 partum

220 1276 402 1354 difficilem,
421 1277 676 1358 navigationem
691 1275 927 1359 periculosam,
943 1281 1020 1354 eto,
1039 1275 1225 1342 dummodo
1243 1296 1397 1344 commu-

218 1385 384 1450 nicandus
406 1403 476 1448 non
500 1383 632 1449 dederit
645 1403 784 1450 causam
797 1384 989 1461 interdicto,
1006 1403 1070 1450 nec
1083 1386 1186 1450 tuerit
1206 1387 1397 1470 specialiter

217 1493 427 1559 interdictus.
451 1491 491 1556 ln
512 1493 566 1555 his
588 1491 715 1556 ultimis
742 1493 888 1568 casibus,
916 1491 1086 1558 interdicti
1114 1491 1278 1558 deberent
1299 1494 1393 1578 prius

217 1607 378 1686 praestare
389 1601 655 1666 satisfactionem
665 1600 871 1684 condignam
883 1601 939 1666 vel
949 1602 1154 1678 cautionem,
1170 1593 1393 1686 saltemjura·

217 1712 350 1776 toriam.
369 1709 547 1774 Conlertur
561 1709 596 1774 in
610 1709 664 1772 his
678 1709 813 1774 casibus
831 1709 1041 1775 solemniter.

256 1819 328 1884 Non
342 1818 542 1902 prohibetur
552 1817 784 1900 expositio'SS.
800 1817 1019 1894 Sacramenti,
1031 1835 1095 1882 nec
1104 1819 1295 1885 benedictio
1309 1837 1390 1885 cum

215 1926 284 2004 illo,
308 1944 372 1991 neo
391 1925 516 1990 delatio
533 1925 577 1990 ad
594 1924 750 1990 infirmos
768 1925 905 2008 (Suerez
923 1925 1038 2004 etalii,
1059 1926 1149 2012 apud
1171 1927 1397 2010 suaninga,-
1528 1943 1530 1948 ’

216 2053 250 2098 n.
267 2035 349 2116 354).

255 2145 289 2208 5ο
311 2142 476 2206 Ertrona
498 2143 611 2206 unctio
636 2141 672 2204 in
686 2139 781 2206 nullo
797 2141 995 2221 interdicto,
1011 2141 1110 2208 locali
1129 2147 1189 2210 sut
1208 2145 1392 2228 personali,

215 2251 399 2316 ministrari
413 2255 528 2335 potest
546 2255 585 2332 (c.
604 2252 654 2327 ll,
672 2251 714 2315 de
727 2251 835 2326 Pon,
849 2255 883 2315 et
898 2268 926 2315 c.
949 2251 1000 2329 ll,
1016 2250 1255 2336 desponsat),
1271 2253 1337 2317 nisi
1350 2252 1394 2318 ad

215 2362 279 2426 hoo
288 2360 331 2424 sit
344 2360 488 2444 speciale
499 2358 727 2444 privilegium,
738 2357 838 2442 quale
848 2359 976 2424 habent
985 2359 1136 2441 religiosi
1146 2360 1390 2426 mendicantes.

214 2469 385 2553 Excipitur
398 2469 554 2533 inllrmus
576 2469 635 2552 qui
653 2467 786 2533 nullum
800 2466 892 2532 aliud
908 2473 1160 2533 sacramentum
1178 2473 1295 2551 posset
1311 2469 1395 2533 reci-

214 2597 306 2661 pere,
322 2578 401 2662 quia
422 2583 503 2642 tunc
523 2582 677 2642 extrema
700 2576 814 2640 unctio
831 2577 871 2639 ill
889 2576 1064 2641 moraliter
1083 2576 1286 2641 necessaria.
1309 2575 1395 2641 Tum

213 2685 433 2769 presumitur
444 2683 599 2750 Ecclesiae
614 2701 813 2757 consensus,
837 2701 913 2767 quae
930 2700 1000 2746 non
1012 2681 1087 2746 vult
1098 2683 1272 2748 morituris
1288 2682 1395 2748 dene·

215 2811 295 2874 gare
311 2792 425 2857 media
436 2791 629 2856 necessaria
643 2788 686 2854 ad
700 2788 857 2854 salutem.

254 2901 286 2964 6⁰
304 2899 393 2965 Ordo
411 2916 589 2982 nunquam
603 2895 802 2962 conceditur
818 2897 973 2980 personis
989 2896 1179 2980 specialiter
1193 2895 1392 2974 interdictis,

215 3009 294 3093 quia
310 3007 471 3091 quaslibet
485 3010 778 3072 sacramentorum
791 3005 941 3088 receptio
964 3011 998 3069 et
1012 3004 1260 3069 administratio
1279 3021 1395 3088 perso

214 3117 267 3180 nis
282 3115 472 3200 specialiter
486 3114 673 3194 interdictis
684 3118 737 3178 est
749 3114 929 3197 prohibita.
945 3112 1011 3178 Sed
1025 3117 1143 3197 posset
1155 3112 1226 3178 dari
1238 3115 1394 3196 personis

214 3223 419 3306 generaliter
432 3222 621 3288 interdictis
638 3222 674 3286 in
688 3221 764 3287 loco
779 3239 850 3286 non
865 3220 1046 3286 interdicto
1062 3223 1100 3303 (c.
1117 3219 1157 3284 ld
1169 3221 1203 3284 h.
1221 3222 1271 3302 t).

254 3330 379 3396 Verum
394 3331 422 3396 si
434 3331 547 3415 aliqua
555 3329 730 3414 provincia
737 3333 869 3392 careret
879 3326 1395 3394 sacerdotibussdministranda

215 3443 427 3505 sacramenta
451 3438 569 3522 poenit.
598 3443 633 3502 et
654 3436 794 3502 Euchar.
821 3436 1046 3514 moribundis,
1072 3436 1280 3520 probabilius
1304 3435 1396 3502 licita
1425 3449 1429 3456 '

215 3552 306 3613 esset
318 3546 486 3612 ordinatio
503 3547 538 3609 in
552 3545 628 3611 loco
642 3544 842 3609 interdicto:
867 3544 933 3609 hoc
952 3549 1206 3610 sacramentum
1224 3545 1263 3608 tlt
1279 3562 1395 3610 nsces-

213 3657 352 3722 sarium.
369 3656 419 3721 lta
431 3654 648 3720 communior
663 3657 749 3718 sent.
768 3658 888 3718 contra
906 3652 1049 3737 aliquos.

253 3767 284 3828 l·
305 3753 564 3828 Matrimonium
586 3761 787 3828 contrahere
807 3765 984 3845 nequeunt
1005 3760 1196 3844 specialiter
1223 3765 1301 3825 nter
1315 3760 1395 3825 dicti

214 3872 365 3957 quandiu
398 3875 617 3937 contumaces
646 3873 736 3934 sunt.
772 3868 838 3934 Sed
863 3868 1072 3952 probabilius
1099 3868 1254 3934 contrahi
1281 3873 1395 3952 potest

214 3987 368 4064 tempore
383 3981 554 4045 interdicti
567 3979 684 4045 localis
700 3983 735 4042 et
753 3997 773 4043 a
785 3979 942 4061 personis
959 3976 1166 4060 generaliter
1179 3975 1391 4042 interdictis:

212 4090 311 4154 multi
326 4090 418 4174 apud
433 4090 653 4172 Schmslzgr.,
668 4108 701 4152 n.
711 4089 789 4164 358;
806 4093 841 4153 et
860 4089 946 4154 ratio
964 4105 1085 4154 eorum
1100 4091 1163 4165 est,
1179 4091 1259 4171 qula
1277 4085 1395 4150 matri-

212 4199 369 4263 monium
382 4197 612 4282 principaliter
628 4201 681 4262 est
695 4200 889 4262 contractus
905 4196 1088 4272 humanus,
1104 4194 1160 4278 qui
1175 4199 1329 4276 tempore
1343 4192 1394 4256 in·

213 4292 346 4371 terdioti
360 4325 431 4372 non
445 4311 499 4372 est
518 4307 720 4390 prohibitus.
736 4305 779 4368 tt
793 4305 921 4388 nuptiae
939 4303 1094 4370 benedici
1109 4305 1296 4387 nequeunt,
1312 4301 1393 4385 quia

213 4417 405 4482 benedictio
417 4405 481 4481 sub
495 4414 608 4481 officio
623 4414 739 4480 divino
748 4415 953 4490 continetur,
973 4417 1008 4478 et
1022 4416 1076 4478 est
1089 4410 1233 4476 diversae
1248 4409 1391 4475 rationis

215 4539 254 4588 ac
268 4523 407 4605 nuptiae.

119 4701 125 4714 ,
254 4633 282 4714 c)
306 4631 425 4709 Quoad
448 4632 637 4699 secundum
661 4633 834 4708 effectum,
857 4649 919 4696 seu
942 4629 1183 4716 privationem,
1197 4627 1393 4694 divinorum
