3418 5566
355 613 414 676 311
812 625 864 672 rus
885 623 1063 672 aaronem.

355 746 601 813 rasiarcharum
615 747 651 810 in
664 762 876 829 quacumque
891 743 1044 818 materia,
1061 729 1164 808 eliam
1184 738 1325 824 prolana
1341 755 1348 798 :
1364 733 1525 800 damnate

355 862 503 934 auctore,
517 857 721 922 damnantur
730 855 845 922 omnia
856 857 931 940 ejus
944 855 1067 938 scripta
1076 853 1116 934 (o.
1127 850 1191 915 lh.
1206 847 1362 928 t.;1·reg.
1378 843 1522 932 indicis).

357 967 405 1031 Ob
419 966 589 1048 insignem
602 965 860 1048 perversitatem
873 963 1177 1028 haeresiarcharum
1191 973 1253 1022 seu
1265 959 1442 1021 auctorum
1456 949 1526 1014 hee-

356 1090 482 1148 reseos‚
505 1073 619 1137 omnia
642 1065 716 1156 q'uae
742 1072 784 1136 ad
805 1071 881 1135 illos
904 1074 1059 1154 spectant
1082 1066 1200 1150 repelli
1224 1064 1351 1129 debent
1369 1066 1404 1125 et
1429 1063 1525 1122 entra

356 1177 472 1244 oculos
496 1179 648 1245 fidelium
670 1181 762 1263 poni.
785 1178 876 1243 Inter
899 1175 1150 1248 heresiarchas,
1178 1174 1399 1237 recensentur
1422 1165 1524 1230 duces

357 1294 526 1354 sectarum
540 1307 627 1373 quae,
646 1289 812 1354 hodierno
832 1293 997 1370 tempore,
1016 1289 1172 1369 apertum
1190 1279 1317 1346 bellum
1329 1275 1526 1341 indixerunt

244 1451 246 1454 .
356 1395 511 1478 religioni
522 1398 788 1483 revelationique
803 1397 1009 1461 christianae:
1020 1392 1196 1458 talessunt
1207 1389 1310 1453 duces
1327 1385 1523 1456 deistarum,

356 1506 635 1586 pantheistarum,
651 1506 960 1580 materialistarum,
973 1507 1035 1568 etc.

395 1612 427 1676 9⁰
440 1614 527 1677 Libri
545 1615 784 1680 haereticorum
802 1614 961 1680 haeresim
983 1611 1198 1676 continentes
1212 1622 1250 1669 ac
1270 1602 1525 1686 propugnantes

357 1719 412 1784 vel
428 1720 469 1785 de
483 1721 647 1803 religione
661 1742 705 1787 ex
718 1724 872 1807 professo
887 1721 1080 1794 tractantes,
1094 1715 1158 1780 etsi
1170 1710 1329 1778 haeresim
1340 1725 1409 1773 non
1422 1705 1527 1771 conti-

358 1832 472 1905 neant,
492 1829 715 1911 probibentur
735 1850 742 1892 :
763 1831 836 1895 haec
855 1827 1026 1893 damnatio
1043 1826 1082 1888 fit
1104 1823 1207 1888 etiam
1220 1819 1345 1884 intuitu
1367 1813 1525 1890 arctous,

356 1955 437 2000 nam
449 1935 567 2001 auctor
579 1937 757 2002 haereticus
769 1937 890 2002 merito
910 1938 1069 2000 censetur
1090 1934 1279 2014 suspectus,
1300 1925 1528 2010 quotiescum-

358 2063 424 2128 que
439 2049 560 2111 tractat
573 2045 614 2111 de
630 2047 732 2110 rebus
753 2044 832 2110 fidei
849 2048 884 2109 et
910 2041 1095 2122 religionis.
1121 2037 1247 2102 Tamen
1265 2030 1420 2099 nonnulli
1442 2029 1528 2094 exci-

357 2153 456 2233 piunt
472 2152 576 2218 libros
594 2154 833 2218 hereticorum
858 2152 900 2216 de
926 2149 1092 2230 religione
1111 2148 1304 2218 tractantes,
1330 2137 1465 2224 quando
1491 2135 1527 2198 hi

356 2259 432 2324 libri
446 2263 620 2327 communi
634 2262 797 2343 suffragio
809 2261 1026 2325 hahenturut
1039 2255 1169 2321 innoxii
1191 2257 1225 2318 et
1235 2249 1391 2331 religioni
1405 2244 1504 2310 utiles
1518 2264 1526 2320 ;

358 2370 419 2434 sed
434 2371 582 2454 episcopi
607 2375 783 2456 nequeunt
796 2369 872 2434 illos
886 2368 991 2432 libros
1006 2365 1204 2450 approbare,
1220 2377 1298 2426 cum
1314 2360 1391 2442 Jure
1414 2352 1524 2438 ponti-

356 2478 433 2543 llcic
447 2479 700 2562 prohibeantur.

396 2587 464 2651 Hoc
477 2587 656 2652 intercedit
677 2589 857 2654 discrimen
869 2589 958 2652 inter
970 2582 1212 2650 heresiarchas
1227 2583 1262 2642 et
1275 2573 1445 2657 simplices
1457 2570 1525 2633 ha-

357 2696 492 2772 reticos,
515 2694 606 2778 quod
625 2696 749 2761 horum
767 2697 967 2763 ultimorum
978 2693 1054 2758 libri
1077 2693 1113 2755 in
1132 2687 1273 2753 materia
1295 2683 1526 2767 profanasse

358 2802 402 2866 ad
424 2803 528 2866 fidem
543 2808 577 2866 et
600 2804 801 2885 religionem
814 2804 955 2868 minime
981 2803 1182 2885 spectantes,
1207 2812 1276 2858 non
1301 2791 1525 2860 damnantur;

359 2910 466 2974 sedut
479 2913 728 2994 permittantur,
746 2929 886 2976 necesse
902 2915 964 2986 est,
981 2928 1024 2974 ex
1040 2905 1188 2971 secunda
1204 2900 1323 2984 regula
1343 2895 1475 2969 indicis,
1490 2897 1529 2958 ut

358 3019 541 3084 examinati
554 3025 588 3086 et
601 3022 776 3105 approbati
790 3022 927 3085 hrerint.
944 3019 1063 3083 Utrum
1083 3015 1156 3080 haec
1177 3008 1329 3077 clausula
1352 3004 1456 3070 modo
1479 3001 1528 3066 vi-

357 3131 458 3208 geat?
469 3127 709 3209 Negantmulti
722 3147 800 3194 cum
814 3129 852 3194 R.
869 3127 903 3191 P.
920 3126 1088 3201 Ballerini,
1104 3128 1186 3188 nota
1198 3121 1240 3186 ad
1252 3139 1285 3183 n.
1302 3115 1372 3190 981,
1396 3119 1419 3176 t.
1436 3111 1475 3186 ll,
1491 3110 1528 3172 in

359 3252 426 3317 qua
437 3235 536 3299 docet
549 3235 894 3318 illam'regulamesse
910 3235 1108 3300 obsoletam.
1138 3226 1331 3294 Notandum
1354 3227 1406 3286 est
1424 3219 1528 3284 etiam

358 3342 450 3425 quod
468 3341 674 3421 dictionaria,
687 3343 805 3420 lexi'ca,
823 3343 983 3420 thesauri,
1001 3346 1077 3418 eto,
1094 3340 1135 3404 ab
1149 3334 1315 3402 haereticis
1334 3330 1459 3412 scripta
1472 3321 1527 3388 vel

358 3447 470 3525 edita,
480 3468 550 3514 non
565 3452 818 3533 permittuntur,
840 3457 878 3515 ut
892 3452 939 3516 ait
954 3448 1078 3514 Bened.
1095 3445 1165 3510 XIV
1186 3447 1221 3508 in
1237 3443 1361 3508 decret.
1378 3453 1456 3518 gen.
1472 3431 1522 3504 31,

357 3573 391 3617 n.
419 3557 468 3630 10,
493 3557 557 3623 nisi
578 3557 697 3622 deletis
721 3559 761 3622 iis
792 3577 866 3643 quae
886 3559 1013 3624 hahent
1037 3559 1156 3621 contra
1189 3551 1377 3616 doctrinam
1413 3539 1524 3607 catho-

357 3660 467 3726 licam.

398 3770 538 3854 Propter
557 3774 703 3839 similem
731 3777 960 3859 suspicionem
975 3771 1204 3858 perversionis
1224 3765 1320 3832 verbi
1338 3760 1455 3834 divim,
1471 3755 1525 3820 hio

301 3965 306 3974 .
359 3896 536 3944 recensere
566 3887 700 3964 oportet
724 3885 827 3949 etiam
848 3884 1053 3967 scripturam
1075 3897 1205 3945 sacram
1220 3873 1353 3955 vulgari
1368 3881 1525 3934 sermone

360 3985 485 4050 editam
499 4005 560 4051 seu
574 3990 772 4056 remaculas
785 3977 969 4056 Bibh0rum
982 3989 1159 4054 versiones
1173 4003 1248 4069 quae
1269 3982 1324 4046 vel
1337 3970 1529 4062 apostolica

360 4093 446 4159 Sede
459 4114 528 4161 non
538 4097 1044 4184 fuerintapprobatae,veleditae
1055 4097 1191 4172 luerint,
1204 4094 1306 4158 etiam
1315 4082 1526 4155 acatholicis,
1555 4135 1559 4147 .

360 4204 433 4267 sine
447 4205 719 4272 adnotationibus
741 4208 929 4290 desumptis
943 4226 986 4271 ex
1001 4205 1056 4270 SS.
1071 4204 1225 4269 Patribus
1240 4199 1395 4264 Ecclesiae
1410 4197 1470 4259 aut
1486 4208 1529 4254 ex

360 4310 467 4375 doctis
481 4313 720 4399 catholicisque
734 4317 816 4380 viris
833 4313 942 4398 (Gcnc.
959 4313 1045 4378 Trid.
1062 4318 1096 4376 et
1110 4312 1142 4375 S.
1159 4309 1280 4390 Congr.
1296 4307 1332 4369 11
1346 4307 1420 4387 jhu.
1437 4299 1526 4374 1151,

360 4421 377 4482 1
391 4423 460 4503 jan.
479 4421 576 4499 1836;
592 4428 700 4488 const.
711 4424 826 4508 Apost.
839 4421 959 4504 Sedis).
971 4421 1103 4486 Etenim
1118 4420 1294 4484 versiones
1310 4413 1376 4478 illae
1390 4412 1530 4475 luerunt

339 4539 341 4546 “
361 4527 403 4590 ab
419 4528 586 4594 haereticis
603 4532 751 4614 primum
765 4531 862 4595 facta
884 4536 917 4595 et
941 4528 1089 4610 vulgatae
1115 4532 1278 4609 tanquam
1291 4521 1445 4586 medium
1470 4535 1527 4580 ex-

362 4635 518 4703 cludendi
534 4641 749 4706 traditionem
765 4646 799 4705 et
823 4641 1004 4705 Ecclesiam
1025 4636 1226 4702 catholicam
1246 4654 1252 4696 :
1276 4632 1355 4697 inde
1375 4627 1528 4710 legitima

363 4746 509 4832 suspicio
538 4749 615 4812 linis
643 4751 748 4834 pravi.
782 4749 855 4814 Alia
875 4749 932 4814 vel
959 4749 1084 4813 directa
1104 4745 1190 4810 ratio
1214 4737 1450 4825 prohibitionis
1479 4736 1532 4796 est
