3482 5560
404 437 465 502 106
532 452 535 460 ’
865 452 915 499 rus
938 449 1115 498 canonicus.

406 541 508 656 chen),
526 573 616 637 Licet
641 577 756 635 autem
775 549 896 654 copula
916 571 1117 650 regulariter
1143 568 1329 634 faciliorem
1353 567 1580 649 iaciatimpe-

406 682 599 758 trationem,
613 686 728 745 tamen
743 681 854 762 major
869 683 948 743 taxa
955 679 1122 743 statuitur
1135 678 1177 743 ad
1192 677 1336 743 aliorum
1349 681 1514 742 terrorem
1524 675 1577 757 (1).

446 791 507 874 (hd
518 792 687 873 majorem
697 789 885 854 claritatem
895 788 930 852 in
941 789 1047 872 praxi,
1063 787 1253 852 notandum
1267 786 1358 869 quod
1371 785 1580 868 dispensatio

406 897 665 964 matrimonialis
684 898 794 963 adhuc
808 896 921 962 valida
936 901 998 974 est,
1015 896 1094 962 licet
1108 895 1209 980 aliqui
1227 895 1400 978 conjuncti
1419 894 1487 958 sint
1500 895 1581 957 iuae-

407 1007 562 1092 qualiter,
578 987 612 1070 et
625 1023 806 1089 expressus
826 1006 929 1070 tuerit
953 1004 1079 1087 gradus
1099 1008 1232 1069 tantum
1253 1003 1426 1080 remotior,
1453 1003 1579 1068 omisso

406 1115 615 1201 proximiori,
642 1114 828 1180 dummodo
854 1115 909 1181 hic
932 1115 1081 1197 primum
1109 1133 1178 1180 non
1204 1113 1349 1196 attingat
1365 1131 1580 1197 quocumque

406 1224 520 1300 modo,
536 1241 577 1287 ex
592 1221 710 1303 regula
727 1221 883 1304 ejusdem
894 1222 942 1286 Pii
956 1221 982 1283 V
1006 1222 1040 1286 in
1056 1222 1110 1286 cit.
1127 1223 1261 1287 constit.
1280 1239 1346 1305 qua
1361 1219 1582 1284 declaratoria

406 1333 540 1398 constit.
559 1331 606 1394 Pii
619 1331 660 1394 tv
675 1332 783 1397 inhac
795 1335 891 1414 parte
906 1331 1108 1411 derogatum
1124 1335 1185 1395 est.
1204 1330 1241 1393 ln
1262 1330 1350 1412 dicta
1370 1333 1485 1394 mmcn
1502 1345 1581 1392 con-

407 1441 581 1503 stitutione
597 1439 705 1504 voluit
726 1438 881 1504 Pontifex
902 1439 949 1502 sic
970 1437 1182 1522 dispensatos
1205 1438 1327 1502 debere
1353 1442 1472 1520 postea
1495 1435 1581 1500 obti-

407 1567 489 1614 nere
509 1548 638 1614 litteras
654 1548 892 1614 declaratcrias
914 1567 1016 1631 super
1038 1548 1145 1630 gradu
1172 1547 1413 1631 propinquiore
1437 1545 1578 1620 reticitc,

408 1657 497 1739 quod
511 1657 637 1722 seilicet
647 1657 890 1740 dispensationi
906 1676 976 1722 non
992 1658 1212 1740 obstatjuxta
1224 1655 1386 1738 disposita
1396 1673 1416 1718 a
1428 1654 1525 1735 Greg.
1540 1652 1580 1714 lll

408 1771 443 1828 et
457 1765 619 1830 (ilement.
643 1765 694 1842 vt,
714 1769 881 1849 quamvis,
897 1767 950 1832 his
963 1767 1083 1832 litteris
1102 1766 1249 1840 omissis,
1263 1751 1519 1830 matrimonium
1538 1763 1582 1826 sit

406 1874 558 1938 validum
570 1895 577 1936 :
589 1877 754 1957 conjuges
769 1881 884 1942 tamen
899 1877 1080 1960 separandi
1096 1880 1186 1952 sunt,
1202 1875 1310 1940 donec
1321 1874 1450 1939 eadem
1460 1872 1579 1936 litterae

409 1983 636 2048 obtineantur.
666 1983 716 2048 Ad
741 1985 893 2050 tramites
908 1985 1012 2066 hujus
1038 1984 1149 2048 Pianae
1172 1981 1311 2063 regulae,
1336 1983 1383 2045 ita
1404 1981 1507 2046 etiam
1530 1999 1581 2044 re-

409 2090 639 2172 solvithngr.
658 2090 771 2169 Conc,
788 2093 823 2154 in
834 2093 1055 2170 ducenariam,
1069 2093 1104 2156 in
1117 2091 1238 2158 Nullit.
1255 2091 1418 2164 matrim,
1434 2089 1470 2152 in
1487 2086 1578 2152 Thea.

407 2199 542 2262 recolet.
560 2198 710 2280 ejusdcm
733 2197 854 2283 Gonqr.
873 2200 912 2264 118
927 2206 1026 2263 mart.
1046 2199 1135 2274 1116,
1152 2199 1208 2263 ubi
1223 2199 1259 2261 in
1272 2196 1362 2263 calce
1381 2195 1453 2261 folii
1466 2195 1498 2259 d.
1515 2195 1581 2260 diei

408 2307 601 2371 annectitur
612 2306 880 2370 eruditissimum
894 2311 1014 2371 votum
1026 2324 1086 2388 pro
1099 2305 1161 2370 hae
1175 2305 1348 2369 validitate
1361 2305 1485 2370 Bencd.
1500 2303 1577 2384 xlv,

409 2415 645 2496 tuncpraefatae
660 2411 781 2494 Cougr.
800 2413 943 2496 secret).

449 2522 547 2606 Resp.
562 2522 592 2584 1.
612 2521 646 2584 Si
668 2525 806 2603 petatur
824 2521 1031 2604 dispensatio
1051 2539 1154 2604 super
1168 2522 1343 2598 affinitate,
1363 2521 1581 2605 exprimenda

410 2635 463 2695 est
477 2630 567 2694 linea
580 2634 682 2703 recta,
700 2628 755 2694 vel
771 2634 976 2704 transversa,
993 2628 1119 2710 gradus
1133 2629 1284 2712 aequalis,
1301 2626 1357 2693 vel
1366 2629 1493 2692 mixtus
1503 2647 1581 2694 cum

410 2739 531 2820 primo,
549 2736 662 2801 excit.
678 2743 786 2801 const.
804 2736 916 2801 Plana.
935 2736 1063 2801 Caetera
1077 2741 1257 2802 servantur
1276 2736 1362 2800 sicut
1387 2735 1422 2800 in
1442 2737 1581 2819 impedi-

410 2850 527 2909 mento
541 2843 857 2924 consanguinitatis.
874 2843 1023 2926 Exprimi
1039 2845 1140 2908 etiam
1161 2844 1261 2909 debet
1276 2863 1321 2908 an
1338 2843 1484 2909 atllmtas
1498 2845 1578 2908 oria·

411 2958 467 3017 tur
483 2971 525 3016 ex
547 2951 668 3035 copula
690 2952 791 3026 licita,
809 2951 888 3036 quia
908 2951 1009 3016 simul
1028 2953 1197 3016 concurrit
1219 2951 1501 3034 impedimentum
1522 2971 1582 3035 pu-

410 3062 509 3157 blicaey
523 3061 723 3126 honestatis.
750 3062 784 3124 is
801 3060 839 3126 ln
858 3061 991 3145 publica
1008 3061 1187 3127 honestate
1208 3079 1251 3126 ex
1268 3061 1485 3127 matrimonio
1508 3067 1580 3126 rato

410 3175 485 3236 crta
503 3171 645 3254 exprimi
660 3172 760 3236 debet
779 3173 905 3254 gradus
928 3194 935 3234 ι
956 3190 1054 3236 secus
1079 3173 1107 3236 si
1129 3178 1203 3238 orta
1229 3172 1272 3236 sit
1292 3189 1335 3235 ex
1356 3170 1579 3255 sponsalibus,

412 3279 490 3361 quia
501 3278 637 3344 aliunde
653 3280 758 3344 scitur
770 3279 1054 3362 impedimentum
1069 3277 1212 3362 publicae
1226 3279 1414 3344 honestatis
1429 3297 1472 3342 ex
1485 3296 1582 3360 spon·

410 3385 536 3452 salibus
548 3404 618 3451 non
635 3387 763 3470 porrigi
781 3387 870 3452 ultra
889 3388 1038 3470 primum
1052 3387 1196 3468 gradum
1213 3386 1324 3468 (trid,
1342 3403 1425 3450 sess.
1439 3386 1490 3462 61,
1506 3405 1534 3449 c.
1550 3385 1581 3460 3,

410 3493 451 3557 de
463 3493 612 3575 Resona.
628 3498 754 3574 metm).
769 3495 801 3557 3ο
816 3493 855 3559 ln
867 3493 1068 3576 cognatione
1086 3492 1250 3577 spirituali
1267 3495 1411 3577 exprimi
1425 3493 1526 3558 debet
1539 3477 1584 3558 an

412 3608 486 3666 orta
505 3603 548 3665 sit
572 3621 615 3666 ex
634 3604 801 3686 baptismo
823 3603 879 3668 vel
905 3587 1173 3679 confirmatione,
1193 3621 1237 3668 an
1260 3603 1302 3666 sit
1322 3603 1508 3686 paternitas
1529 3603 1584 3666 vel

410 3711 684 3793 compaternitas.
710 3711 758 3775 lle
773 3712 904 3776 caeteris
931 3712 1194 3796 impedimentis,
1222 3715 1344 3794 preater
1371 3711 1454 3777 alias
1483 3709 1581 3786 dicta,

411 3817 495 3881 nihil
507 3816 651 3900 speciale
667 3820 812 3884 occurrit
824 3819 1066 3884 adnotandum.

444 3981 475 4044 11)
490 3982 519 4031 ln
538 3981 666 4046 petitione
688 3981 892 4046 dispensationis
912 3997 960 4050 pro
984 3985 1042 4048 soro
1062 3985 1181 4047 esterno,
1201 3984 1273 4034 solus
1291 3983 1406 4034 incastus
1424 3979 1539 4047 publicas
1557 3983 1585 4032 et

412 4057 469 4107 sola
482 4058 594 4108 intentio
604 4057 706 4124 publico
716 4060 814 4124 exponi
823 4059 917 4121 debet;
928 4064 954 4110 st
964 4059 1095 4124 parochus
1109 4059 1288 4111 abstinebitab
1296 4058 1490 4124 interrogandis
1498 4060 1583 4108 orato—

411 4134 486 4184 ribus
500 4135 532 4184 ds
547 4135 648 4184 incestu
661 4135 771 4199 ejusque
785 4136 942 4199 intentione,
961 4137 1012 4186 nisi
1026 4135 1084 4187 boec
1099 4137 1214 4202 publica,
1229 4137 1341 4200 notoria,
1355 4135 1456 4186 famosa
1469 4135 1530 4184 sint.
1546 4133 1583 4184 De

412 4209 568 4263 necessitate
580 4211 716 4261 revelandi
729 4212 848 4276 copulam
859 4212 893 4262 ad
909 4212 1068 4264 validitatem
1082 4213 1296 4278 dispensationis,
1306 4211 1366 4262 vide
1377 4210 1403 4262 S.
1416 4211 1510 4274 Congr.
1525 4212 1583 4274 laq.

413 4289 424 4335 1
439 4285 504 4336 lebr.
516 4286 586 4347 1661,
599 4299 659 4350 quae
670 4287 786 4337 decrevit
801 4303 807 4338 :
823 4304 837 4335 s
850 4287 979 4338 Standnm
992 4287 1104 4340 decretis
1116 4290 1142 4341 S.
1154 4289 1227 4340 Offic.
1242 4291 1330 4353 tang.
1345 4289 1405 4338 1866
1419 4289 1446 4336 et
1455 4285 1584 4344 S.Poeuit.

413 4363 442 4410 29
452 4361 503 4426 J'ul.
516 4363 576 4412 1869
593 4376 600 4412 :
616 4363 674 4413 Non
689 4367 775 4428 potest
790 4363 906 4416 dubitari
922 4364 955 4415 ds
970 4364 1133 4416 invaliditate
1149 4364 1363 4432 dispensationis,
1376 4363 1477 4414 reticita
1490 4360 1586 4428 copula

414 4438 570 4489 incestuosa.
585 4455 597 4485 n
