3508 5568
541 600 631 646 urana
652 563 790 654 ousarus
813 599 1037 646 nsonnrauuu.
1339 583 1391 656 89,

202 717 277 781 vult
303 715 524 800 praejudicare
551 714 666 780 liberis
696 716 818 800 prioris
848 717 1055 782 matrimonii
1082 737 1144 800 per
1176 718 1378 784 divisionem

202 827 382 900 bonorum,
400 841 475 907 quae
489 823 642 908 pluribus
657 841 727 888 non
742 825 948 900 sufficerent,
974 830 1008 889 et
1030 825 1058 888 si
1076 826 1235 891 minutim
1251 826 1379 892 divide-

203 937 336 1009 rentur,
367 931 528 1016 splendor
549 931 686 996 familiae
699 931 869 997 deiiceret.
892 931 1053 1014 Confirm.
1070 933 1322 1000 Matrimonium
1336 935 1379 1001 ad

203 1042 471 1124 morganaticam
483 1045 695 1106 contractum
708 1041 862 1106 imitatur
871 1041 1091 1106 matrimonia
1100 1043 1377 1124 patriarcharum,

205 1149 263 1233 qui
281 1152 527 1214 contraxerunt
549 1166 628 1212 cum
651 1149 861 1223 concubinis,
890 1167 951 1213 seu
975 1149 1184 1214 secundariis
1204 1152 1379 1230 uxoribus,

205 1275 350 1341 quarum
375 1255 435 1320 illii
458 1274 529 1321 non
555 1255 782 1322 succedebant
803 1256 901 1338 patri,
926 1261 965 1320 ut
987 1261 1082 1340 patet
1103 1257 1139 1321 in
1163 1258 1381 1327 matrimonio

209 1365 352 1430 Abrahae
380 1383 459 1434 cum
481 1365 571 1448 Agar
593 1365 729 1443 ancilla,
751 1367 851 1448 cujus
875 1363 965 1429 illius
987 1365 1112 1430 Ismael
1140 1369 1270 1449 ejectus
1288 1372 1341 1432 est
1363 1387 1384 1434 a

206 1475 424 1558 possessione
440 1478 474 1540 et
486 1474 685 1540 hereditate
700 1473 807 1558 (Gen,
821 1495 886 1550 xxr,
904 1476 970 1557 10);
987 1492 1069 1556 ergo
1086 1475 1173 1539 siout
1186 1475 1253 1540 ista
1269 1477 1383 1541 matri-

205 1583 323 1648 monia
349 1588 446 1648 erant
472 1583 577 1658 licita,
606 1585 654 1649 ita
682 1601 817 1669 quoque
851 1582 942 1648 licita
978 1588 1059 1648 sunt
1091 1583 1309 1650 matrimonia
1340 1585 1384 1650 ad

207 1694 475 1774 morganatioam
494 1697 677 1758 contracta.
706 1692 884 1770 Castorum,
902 1693 930 1756 si
951 1696 1059 1775 pater,
1084 1691 1224 1756 mutatis
1243 1692 1385 1758 eircum-

208 1801 353 1876 stantiis,
369 1800 443 1864 vult
456 1818 615 1865 revocare
630 1804 768 1883 paetum
778 1800 1063 1881 morganaticum,
1076 1798 1111 1863 id
1127 1798 1157 1863 ei
1173 1798 1297 1877 licebit,
1314 1819 1384 1866 non

208 1911 364 1974 obstante
388 1908 525 1992 aliquali
551 1909 748 1992 prejudicio
777 1910 930 1992 priorum
959 1908 1177 1973 liberorum:
1207 1927 1288 1974 nam
1318 1909 1384 1976 tals

208 2022 345 2102 pactum
372 2016 524 2081 imitatur
547 2015 703 2081 ultimam
723 2015 937 2081 voluntatem
960 2015 1002 2079 de
1024 2016 1297 2081 successionibus
1319 2016 1403 2102 dis-¹

209 2129 405 2210 ponentem,
437 2142 512 2208 ques
534 2139 671 2206 semper
691 2122 891 2188 revocabilis
907 2127 969 2188 est.
995 2117 1082 2187 llam
1102 2122 1200 2187 liberi
1215 2141 1259 2188 ex
1271 2125 1387 2189 matri-

209 2235 325 2300 monio
340 2234 573 2316 morganatieo
588 2234 658 2298 nati
672 2233 900 2299 admittuntur
913 2232 956 2297 ad
969 2232 1224 2297 successionem
1238 2233 1274 2296 in
1288 2233 1386 2299 bonis

210 2341 437 2418 allodialibns,
469 2342 497 2405 si
521 2342 651 2425 priores
678 2340 777 2406 liberi
804 2358 992 2424 eorumque
1024 2338 1271 2405 descendentes
1307 2340 1386 2406 dess-

209 2450 311 2528 ciant,
335 2450 485 2534 exeeptis
505 2448 627 2525 feudis,
648 2449 685 2513 in
704 2450 826 2532 quibus
845 2466 916 2513 non
934 2447 1123 2512 succedunt
1139 2447 1206 2530 (lib.
1223 2447 1252 2512 ll
1266 2449 1384 2527 Fene„

212 2559 261 2622 tit.
279 2559 375 2638 xxrx).
396 2557 454 2622 His
466 2575 536 2622 non
550 2558 662 2622 obstat
680 2574 755 2621 ean.
772 2557 787 2620 1
807 2559 841 2620 et
853 2555 904 2631 11,
922 2573 1014 2620 caus.
1031 2555 1083 2634 32,
1104 2577 1135 2639 q.
1152 2555 1182 2632 1,
1205 2560 1240 2621 et
1259 2574 1333 2621 can.
1353 2559 1384 2634 9,

211 2665 332 2743 Dicat,
353 2665 403 2742 33,
429 2685 461 2748 q.
475 2664 506 2740 1,
530 2667 565 2728 et
582 2681 610 2728 c.
634 2665 693 2727 lin.
719 2664 752 2727 h.
779 2667 821 2739 t.;
844 2681 925 2728 nam
945 2681 1016 2729 non
1037 2661 1226 2748 loquuntur
1245 2662 1287 2728 de
1308 2682 1386 2730 nos-

215 2778 265 2840 tro
283 2793 374 2841 casu.

253 2883 334 2960 Quae
352 2883 406 2947 hie
426 2882 514 2947 dieta
534 2887 614 2946 sunt
635 2881 677 2946 de
704 2880 973 2956 conditionibus,
995 2879 1114 2957 modo,
1139 2899 1242 2946 eausa
1275 2885 1311 2946 et
1331 2880 1388 2948 ds-

214 2991 472 3066 monstratione,
493 2987 790 3073 proportionaliter
812 2987 1012 3072 applicanda
1034 2992 1115 3052 sunt
1136 2987 1211 3053 aliis
1236 2993 1389 3055 contrac-

216 3101 317 3164 tibus.
341 3097 446 3163 Hodie
471 3113 554 3161 vero
575 3097 707 3161 curabit
726 3096 895 3179 parochus
915 3101 954 3160 ut
972 3096 1191 3162 matrimonia
1212 3115 1296 3179 pure
1311 3115 1389 3162 oon-

218 3209 409 3282 trabantur,
433 3205 584 3290 nihilque
606 3207 655 3270 eis
676 3205 904 3270 admisceatur
921 3204 994 3270 sine
1012 3221 1115 3270 causa
1135 3205 1387 3286 urgentissima.

638 3605 865 3683 TITULUS
899 3605 964 3680 Vl.

279 3799 328 3853 QUI
349 3797 463 3844 ctssbict
481 3797 539 3844 VEL
559 3795 713 3843 voventes
734 3793 946 3842 iuramentis!
967 3793 1164 3846 cenredum
1188 3777 1331 3840 Possum?

258 4101 296 4166 ln
308 4103 372 4166 hoc
386 4097 484 4164 titulo
497 4098 736 4164 examinantur
749 4097 813 4161 tria
826 4095 1081 4180 impedimenta,
1098 4094 1166 4161 duo
1182 4095 1388 4170 dirimentis,

220 4210 345 4277 scilieet
364 4187 448 4275 ordo
464 4226 559 4274 sacer
574 4212 608 4273 et
626 4205 793 4291 professio
807 4206 977 4288 religiosa,
999 4210 1033 4270 et
1051 4223 1160 4270 unum
1180 4209 1313 4270 tantum
1327 4203 1390 4270 im-

219 4319 371 4404 pediens,
393 4316 520 4383 scilicet
537 4319 658 4380 votum
676 4314 821 4397 simplex
839 4313 1003 4378 castitatis
1025 4312 1076 4395 (1).

251 4500 284 4567 (1)
296 4497 394 4566 Spllad.
409 4499 464 4550 Art.
479 4499 519 4551 71.
534 4497 592 4548 Huc
601 4497 687 4548 iacere
698 4494 919 4562 possuntdaoalii
929 4507 1044 4546 errores:
1055 4493 1088 4544 de
1100 4492 1257 4544 clericorum
1265 4493 1389 4545 coelibatu

219 4577 351 4629 abolendo
366 4577 392 4626 et
409 4575 442 4626 de
453 4577 522 4625 statu
536 4572 698 4624 matrimonii
716 4573 795 4624 statui
810 4571 968 4636 virginitatis
981 4569 1165 4622 anteferenda.
1180 4568 1386 4632 confodiantur,

220 4653 292 4718 prior
301 4652 330 4704 ia
339 4654 415 4717 epist.
426 4649 528 4715 enoyel.
539 4649 589 4710 (tui
595 4647 723 4712 plur-itas,
734 4647 911 4702 dnovembris
924 4647 995 4708 tate,
1010 4645 1141 4710 posterior
1154 4645 1183 4698 iu
1197 4645 1291 4700 litteris
1302 4647 1385 4710 apost

221 4728 373 4798 Multiplices
386 4727 463 4791 inter,
479 4727 508 4776 11
520 4723 590 4794 junii
605 4723 674 4776 tter.
