3508 5568
841 613 893 658 tua
914 611 1093 659 cnnomcuu.

551 824 572 874 1.
589 821 641 882 An,
656 819 685 873 ei
698 830 753 886 quo
762 819 828 883 jure
841 819 910 874 ordo
924 830 1005 872 sacer
1017 819 1133 872 dirimat
1146 819 1389 874 matrimonium?

421 999 519 1083 Rosp.
541 975 571 1062 l.
593 997 736 1072 Dirimit,
759 997 819 1061 sed
844 996 916 1062 solo
935 999 1013 1080 jure
1037 996 1156 1063 eccles.
1179 998 1291 1064 Prima
1311 1017 1389 1082 pars
1412 1000 1557 1064 habetur

380 1125 455 1174 can.
474 1109 505 1184 8,
522 1107 553 1170 d.
568 1107 618 1182 11,
634 1125 663 1170 c.
677 1107 706 1180 1,
724 1107 764 1170 de
781 1105 867 1172 Olor.
887 1105 1043 1190 conjup.,·
1057 1125 1085 1172 c.
1103 1126 1161 1171 un.
1184 1107 1225 1171 de
1248 1107 1340 1182 Veto,
1357 1108 1391 1172 in
1407 1109 1450 1185 6⁰3
1466 1107 1552 1171 Trid.

381 1235 464 1281 sess.
483 1216 533 1294 11,
551 1233 624 1280 can.
641 1215 676 1290 93
699 1234 779 1280 nam
798 1215 901 1279 sacris
918 1214 1093 1280 ordinibus
1108 1235 1244 1281 annexa
1264 1219 1316 1280 est
1333 1216 1553 1293 continentia,

382 1345 442 1390 seu
456 1329 576 1389 votum
595 1323 747 1389 solemne
768 1324 943 1402 castitatis,
967 1325 1058 1408 quod
1078 1326 1191 1389 obstat
1208 1324 1315 1389 valori
1334 1325 1552 1389 matrimonii.

381 1432 536 1498 Secunda
553 1451 632 1516 pars
650 1435 703 1496 est
721 1450 845 1496 comm.
866 1450 944 1496 curn
965 1431 997 1496 S.
1018 1433 1056 1494 ll.
1081 1432 1111 1514 (1
1132 1433 1162 1508 t,
1185 1453 1216 1517 q.
1239 1433 1294 1508 88,
1315 1450 1345 1497 a.
1368 1432 1416 1514 11)
1438 1439 1556 1498 contra

379 1544 501 1625 major.
519 1545 666 1620 stantem
687 1558 749 1623 pro
767 1542 844 1622 jure
863 1539 976 1604 divino
995 1561 1003 1602 :
1024 1558 1104 1604 nam
1123 1540 1207 1605 ordo
1229 1558 1324 1605 sacer
1341 1559 1409 1605 non
1430 1540 1556 1604 dirimit

379 1649 636 1716 matrimonium
650 1649 920 1713 contrahendum
933 1651 1010 1732 jure
1023 1648 1180 1725 naturali,
1200 1649 1279 1732 quia
1298 1649 1555 1714 matrimonium

379 1758 534 1824 absolute
548 1777 619 1823 non
633 1757 859 1822 contrariatur
872 1757 1070 1822 ministeriis
1089 1756 1316 1834 clericalibus,
1339 1761 1377 1821 ut
1400 1762 1494 1840 patet
1519 1758 1555 1822 in

381 1866 523 1932 ecclesia
537 1864 692 1931 orientali
707 1865 759 1948 (l),
778 1884 891 1950 neque
902 1867 981 1948 jure
998 1864 1113 1930 divino
1127 1865 1291 1949 positivo,
1310 1865 1389 1949 quia
1405 1864 1469 1931 hoc
1486 1884 1554 1931 non

379 1978 514 2039 constat
531 1993 575 2039 ex
592 1973 697 2038 verbo
721 1973 836 2038 divino
856 1975 981 2057 scripto
1004 1978 1064 2038 aut
1085 1973 1219 2039 tradito.
1243 1973 1331 2055 Ergo
1350 1977 1428 2056 jure
1451 1974 1555 2038 eccle-

380 2083 514 2148 siastico
530 2082 668 2166 antiquo
685 2086 719 2146 et
733 2082 775 2146 ab
795 2083 956 2165 apostolis
969 2082 1155 2147 constituto
1175 2083 1261 2164 (can.
1281 2083 1332 2160 40,
1360 2081 1402 2146 Ut
1417 2083 1481 2159 lec,
1502 2082 1552 2160 11,

380 2213 411 2276 q.
431 2193 457 2270 1)
475 2192 592 2274 (divis
606 2197 722 2257 eutem
739 2191 893 2256 solvendi
907 2192 1164 2257 matrimonium
1178 2195 1292 2256 ratum
1307 2209 1377 2256 non
1394 2192 1556 2275 competit

379 2299 488 2366 ordini
504 2318 609 2378 sacro,
631 2305 669 2364 ut
685 2300 845 2365 definitur
858 2319 886 2365 c.
902 2320 959 2365 un.
984 2301 1025 2364 cle
1043 2300 1136 2381 Voto,
1161 2300 1196 2364 in
1218 2299 1261 2376 θ’,
1285 2304 1319 2364 et
1342 2305 1472 2366 extrav.
1494 2318 1551 2364 un.

377 2409 515 2474 loannis
531 2409 628 2486 XXII,
647 2410 687 2473 de
707 2409 799 2477 Voto.

417 2517 516 2601 Resp.
530 2519 560 2582 1.
574 2517 755 2584 Ordinatus
770 2518 928 2595 invalide,
947 2536 1017 2582 non
1030 2519 1201 2601 obligatur
1213 2524 1294 2585 voto
1309 2519 1525 2584 continentiae
1544 2538 1551 2582 :

378 2644 449 2690 non
463 2625 618 2702 solemni,
638 2626 801 2710 quiahoc
821 2644 994 2691 annexum
1015 2632 1067 2691 est
1088 2626 1208 2692 validae
1231 2627 1436 2693 ordinationi
1453 2648 1459 2703 ;
1483 2645 1554 2691 non

379 2734 533 2818 simplici,
552 2735 632 2820 quia
650 2740 770 2800 votum
793 2737 981 2800 accessorio
1002 2737 1166 2801 emissum
1185 2742 1254 2814 est;
1273 2755 1356 2820 ergo
1373 2739 1552 2802 corruente

379 2841 507 2916 ordine,
528 2845 690 2926 tanquam
710 2843 896 2928 principali,
915 2845 1043 2909 corruit
1060 2849 1192 2918 uotum,
1217 2850 1379 2930 tanquam
1402 2861 1555 2909 accesso-

379 2949 477 3013 rium.
503 2949 570 3016 Nec
595 2952 707 3018 obstat
727 2971 755 3018 c.
782 2954 801 3017 3
826 2955 931 3031 1111,
956 2955 997 3019 de
1021 2955 1178 3021 Conuers.
1207 2957 1393 3038 conjupot„
1416 2972 1498 3018 nam
1517 2953 1553 3016 in

379 3059 591 3140 professione
612 3059 773 3142 religiosa
793 3068 914 3128 votum
936 3065 1099 3128 castitatis
1121 3083 1182 3148 per
1207 3083 1243 3128 se
1271 3068 1305 3128 et
1325 3061 1553 3146 principaliter

378 3169 562 3246 emittitur;
592 3188 674 3252 ergo
709 3191 751 3236 ex
779 3173 866 3256 juris
895 3173 1191 3257 interpretatione,
1225 3172 1252 3237 si
1280 3189 1349 3237 non
1385 3168 1477 3235 valet
1516 3174 1553 3234 ut

379 3276 543 3355 solemne,
559 3280 651 3345 valet
666 3281 787 3346 saltem
802 3286 840 3345 ut
855 3281 1010 3366 simplex.

417 3385 516 3470 Resp.
532 3387 562 3450 3.
581 3387 668 3453 Ordo
680 3389 925 3456 sacercollatus
936 3391 1056 3455 infanti
1064 3408 1133 3455 non
1145 3390 1272 3455 dirimit
1281 3387 1548 3462 matrimonium,

378 3492 457 3575 quia
471 3511 540 3557 non
560 3499 613 3558 est
630 3495 788 3562 credibile
812 3497 902 3582 quod
926 3496 1074 3563 Ecclesia
1092 3497 1259 3562 infantem
1279 3496 1386 3578 ligare
1405 3495 1553 3586 uoluerit

375 3598 452 3680 lege
471 3602 702 3679 continentia,
723 3605 788 3669 nisi
808 3605 851 3670 ad
870 3624 973 3670 usum
993 3606 1134 3671 rationis
1155 3605 1371 3690 perveniens,
1391 3621 1550 3687 expresse

376 3707 432 3770 vel
456 3708 570 3786 tacite,
597 3711 786 3776 exercendo
811 3717 924 3778 actum
948 3714 1077 3777 ordinis
1100 3713 1201 3788 sacri,
1225 3713 1426 3778 ratisscasset
1452 3728 1549 3774 suam

377 3813 637 3880 ordinationem.
669 3817 712 3881 nt
734 3819 890 3903 impubes
915 3821 1047 3886 ratione
1078 3819 1226 3904 pollens,
1251 3819 1338 3883 sicut
1359 3819 1395 3883 in
1418 3818 1550 3883 ordina-

376 3921 469 3986 tione
494 3923 605 3990 valide
631 3930 745 4008 potest
777 3929 932 3994 emittere
964 3933 1084 3994 votum
1116 3927 1295 4004 castitatis,
1333 3928 1380 3992 ita
1414 3944 1548 4012 quoque

377 4029 546 4110 obligatur
561 4032 603 4097 ad
617 4035 882 4112 continentiam
899 4036 948 4100 uti
963 4041 997 4100 et
1012 4041 1107 4101 metu
1122 4035 1307 4113 ordinatus,
1323 4034 1402 4099 licet
1416 4051 1476 4117 pro
1490 4033 1548 4098 illo

377 4155 419 4202 ex
433 4154 536 4203 causa
550 4139 723 4205 immaturi
733 4142 862 4226 judicii,
879 4147 913 4208 et
932 4161 993 4227 pro
1012 4144 1078 4208 isto
1101 4162 1145 4207 ex
1165 4160 1268 4208 causa
1287 4147 1401 4207 metus
1421 4141 1547 4225 injuste

376 4243 514 4324 incussi,
527 4247 624 4314 facile
639 4248 783 4316 obtineri
797 4257 914 4336 posset
934 4251 1141 4335 dispensatio
1166 4253 1201 4315 in
1217 4255 1298 4317 voto
1316 4250 1544 4316 continentiae.

409 4439 441 4502 (1)
459 4438 552 4498 Quoad
569 4441 614 4506 jus
633 4441 745 4506 speciale
765 4442 888 4495 Ecclesia
907 4443 1051 4509 orientalis,
1068 4443 1128 4494 ride
1141 4444 1342 4496 instructionem
1358 4441 1385 4494 S.
1400 4443 1495 4507 Gongr.
1513 4441 1546 4492 da
1565 4510 1567 4514 .

377 4515 549 4580 Propagandc
570 4518 633 4569 Fide
654 4517 688 4568 ad
706 4518 916 4584 archiepiscopos
939 4521 1083 4585 provincia
1106 4520 1289 4571 ecclesiasticae
1306 4518 1502 4585 'l'ogarasiensis
1520 4521 1547 4568 et

377 4588 587 4657 dlboluliensis,
602 4593 652 4645 sub
667 4593 922 4646 111211111111151
939 4595 1018 4661 (apud
1033 4597 1069 4647 Dc
1082 4596 1198 4662 Angelis,
1215 4597 1288 4658 till,
1303 4611 1330 4660 p.
1349 4596 1414 4657 111),

409 4666 443 4728 (2)
456 4667 482 4718 S.
495 4667 589 4733 Coum.
606 4668 632 4720 S.
644 4669 700 4732 011,
712 4673 742 4720 rr
757 4670 812 4721 dcc.
828 4672 895 4734 1115,
906 4671 1067 4738 dispensarit
1081 4686 1160 4739 super
1175 4672 1364 4740 impedimento
1377 4670 1478 4726 ordinis
1493 4669 1545 4735 (sa-

378 4741 538 4808 cerdotalis),
553 4746 651 4808 proris
662 4747 815 4802 reductione
827 4747 861 4805 11
874 4751 970 4804 sutum
984 4749 1110 4806 laicalem.
