3482 5560
549 529 636 579 nisae
656 531 786 588 emarus
807 530 1029 580 umnersmuu.
1324 510 1380 579 eu

206 649 257 718 ite
273 651 309 716 in
330 649 615 728 ordinationibus,
643 651 869 726 examinibus,
888 652 925 714 in
942 667 1111 716 concursu
1130 667 1192 734 pra
1212 650 1382 733 paroehia,

209 757 483 842 expeditionibus
497 755 688 824 litterarum
699 757 1002 841 indulgentiarum,
1019 761 1082 822 oto.
1195 813 1201 838 ,
1277 787 1281 798 ¹

248 866 281 930 θ’
296 865 456 932 (lonlerre
472 865 646 949 spirituale
665 883 708 931 ex
726 867 933 947 obligatione
944 885 1029 949 pure
1045 864 1224 932 entidoreli
1236 883 1297 930 seu
1310 882 1387 946 gra·

208 973 374 1052 titudinis,
390 979 528 1040 nonest
546 974 709 1040 simonia:
722 979 761 1039 ut
774 975 803 1038 si
813 975 992 1058 episeopus
1005 974 1158 1040 conteret
1171 972 1269 1038 alieni
1284 973 1387 1036 bene-

208 1082 335 1158 fleium,
347 1081 511 1166 quievult
524 1082 555 1147 ei
567 1101 644 1148 esse
658 1086 777 1164 gratus
793 1100 855 1166 pro
870 1081 1043 1166 obsequiis
1055 1081 1244 1163 velgratiis
1259 1086 1386 1164 tempo

207 1188 335 1254 relibus
349 1189 392 1255 ab
410 1206 452 1255 eo
472 1190 635 1273 eooeptis:
653 1171 702 1255 ita
724 1189 939 1255 communior
953 1188 1123 1254 sententia
1141 1193 1260 1254 eontra
1271 1187 1386 1272 plures

209 1296 253 1380 (S.
270 1297 353 1378 Lig.,
368 1315 402 1360 n.
419 1298 481 1379 51).
498 1297 593 1362 Ratio
608 1300 671 1375 est,
695 1298 775 1381 quie
787 1297 961 1380 gratitudo
974 1315 1045 1362 nen
1058 1297 1162 1362 babet
1175 1315 1262 1379 opus
1276 1295 1387 1360 deter-

208 1405 387 1482 minatum,
403 1405 613 1489 neorespioit
624 1404 855 1489 aequnlitetem
869 1422 950 1470 oum
972 1423 1009 1468 re
1021 1407 1162 1487 eoeepte
1192 1421 1278 1486 ergo
1290 1403 1384 1468 exbi-

208 1511 280 1576 beri
295 1516 410 1596 potest
422 1513 526 1578 etiam
536 1531 598 1596 per
612 1530 698 1596 opus
713 1511 860 1577 nobilius
870 1529 907 1576 re
920 1515 1069 1595 eeoepta,
1084 1511 1231 1595 ideoque
1240 1529 1303 1596 per
1313 1529 1387 1576 rem

209 1619 430 1704 spiritualem,
448 1619 582 1688 secluso
598 1619 692 1686 omni
713 1625 823 1704 paeto.
841 1619 935 1684 ldem
956 1619 1137 1685 dicendum
1159 1618 1202 1683 de
1222 1636 1304 1684 oesu
1318 1637 1387 1702 quo

210 1727 286 1810 quis
307 1728 478 1793 oonlerret
495 1727 700 1793 benefitium
719 1732 861 1812 prepter
874 1727 1219 1808 eonsenguinitatsm‚
1237 1724 1293 1790 vel
1307 1727 1388 1791 emi·

208 1834 334 1910 oitiem,
360 1833 417 1898 vel
429 1835 657 1916 indigentiam
673 1834 814 1900 alterius
834 1833 1092 1900 sublevandam.
1119 1833 1246 1898 Temen
1272 1834 1300 1897 si
1323 1834 1388 1898 boe

209 1945 307 2026 paeto
321 1942 517 2006 intenderet
531 1961 567 2006 se
585 1943 735 2006 eximere
750 1942 792 2008 ab
808 1960 913 2007 onere
929 1939 1146 2006 sustentandi
1161 1939 1388 2024 eleemosynis

210 2049 282 2114 sive
296 2051 592 2131 consanguineum
605 2050 677 2116 sive
688 2049 912 2132 indigentem,
927 2035 1044 2133 posset
1058 2065 1209 2132 peecare,
1225 2047 1305 2112 lieet
1318 2067 1388 2114 non

210 2157 482 2224 sitsimonieous.

688 2321 824 2384 seculo
846 2321 900 2384 111.

472 2467 523 2520 De
553 2480 680 2520 meroe
709 2469 748 2520 et
777 2467 907 2533 pretio
937 2465 1123 2520 simonie.

597 2630 613 2695 5
632 2629 654 2684 l.
673 2626 714 2684 lla
731 2639 830 2685 merea
848 2624 994 2684 remmia.

669 2783 689 2833 l.
707 2780 796 2835 veria
816 2779 934 2844 speeies.

252 2919 284 2998 a)
303 2919 441 2985 Materia
461 2919 637 3002 edaequata
651 2919 805 2984 simonia
825 2923 944 2982 astrea
960 2917 1147 3002 spiritualia
1165 2937 1226 3002 per
1247 2919 1389 2984 modum

212 3028 329 3090 mareis
357 3025 501 3102 venalis,
524 3031 559 3090 et
578 3045 631 3091 res
655 3026 851 3111 ternporalr'a
868 3043 931 3108 per
947 3024 1091 3091 modum
1107 3027 1220 3109 pretii.
1244 3025 1387 3091 Nomine

211 3136 263 3198 rui
274 3135 460 3219 spiritualis
479 3135 532 3199 hic
548 3133 749 3216 intelligitur
769 3152 825 3200 res
850 3132 965 3217 alique
984 3133 1088 3199 modo
1108 3135 1388 3216 supernaturalis,

212 3242 314 3307 abeo
328 3243 385 3308 vel
398 3242 547 3308 Euelesia
561 3243 717 3308 ordinata
729 3241 773 3308 ad
785 3240 916 3306 cultum
932 3241 1086 3306 divinum
1105 3247 1140 3306 et
1154 3241 1300 3306 salutem
1319 3243 1390 3306 ani-

212 3369 357 3416 marum.
383 3351 558 3434 Ejusmodi
583 3369 638 3417 res
659 3349 852 3435 spirituales
876 3355 957 3416 sunt
983 3350 1211 3434 quadruplicis
1230 3351 1388 3432 generis:

215 3459 246 3521 1⁰
270 3457 398 3543 Aliquae
429 3465 510 3524 sunt
530 3459 723 3544 sprituales
743 3459 947 3540 formaliter,
969 3463 1008 3522 ut
1028 3458 1163 3524 babitus
1191 3462 1391 3541 supernatu-

214 3566 294 3632 ralis
310 3568 438 3648 gretiae,
455 3567 545 3645 tldei,
563 3571 628 3632 ete.
643 3567 675 3630 θ’
690 3565 819 3651 Aliquae
834 3571 914 3631 sunt
927 3565 1120 3650 spiritualer
1140 3565 1333 3646 causaliter,
1353 3572 1392 3630 ut

215 3682 438 3756 sacramenta,
456 3677 724 3756 sacramentalia,
749 3681 813 3743 eto.
829 3677 861 3742 3·
882 3677 1013 3762 Aliquae
1030 3682 1112 3742 sunt
1135 3677 1327 3763 spirituales
1341 3677 1391 3758 ef-

214 3785 348 3866 fective,
364 3805 425 3870 per
445 3786 586 3853 modum
604 3787 823 3871 operationis,
842 3792 880 3850 ut
894 3785 1106 3852 absolveres
1125 3787 1289 3862 sensuris,
1303 3785 1392 3869 judi-

215 3909 292 3958 oare
314 3893 350 3958 in
373 3895 484 3959 oensis
505 3895 746 3979 spiritualibus,
762 3899 825 3959 elo.
846 3893 997 3960 Tandem
1010 3894 1043 3958 4⁰
1061 3894 1182 3978 aliqnae
1198 3900 1278 3958 sunt
1295 3893 1392 3978 spirl-

215 4000 326 4065 tualer
354 3999 545 4079 roanear'vl,
569 4021 660 4086 ·quae
686 4003 765 4068 lioet
795 4003 864 4066 sint
897 4003 932 4067 in
967 4021 1004 4068 se
1030 4001 1247 4085 temporales,
1276 4005 1392 4064 tamen

214 4114 353 4192 propter
365 4111 617 4176 connexionem
635 4129 715 4176 oum
732 4110 897 4195 spirituali
918 4110 1069 4176 evadunt
1089 4109 1281 4194 spirituales
1300 4112 1335 4172 et
1348 4107 1391 4173 ad

213 4215 319 4280 ssnem
330 4217 628 4302 supernaturalem
642 4219 853 4284 ordinantur.
874 4206 1133 4282 Haeo'oennexio
1149 4217 1188 4280 dt
1206 4217 1278 4281 sive
1297 4219 1391 4280 ante-

91 4323 96 4334 '
215 4324 386 4403 sedenter,
413 4327 493 4411 quia
514 4327 669 4393 ordinem
683 4327 799 4392 dieunt
818 4326 861 4392 ad
876 4325 1061 4409 spirituale,
1075 4331 1114 4390 ut
1127 4325 1258 4403 oaliees,
1277 4329 1391 4390 vestes

216 4451 335 4512 saurae,
361 4440 447 4512 eto.;
474 4436 545 4502 eive
562 4436 841 4514 oonoomitanter,
857 4440 897 4499 ut
908 4435 1004 4500 labor
1017 4452 1201 4518 corporeus
1217 4433 1253 4499 in
1268 4433 1392 4499 sauriti-

216 4542 337 4620 aendo,
356 4544 602 4620 oenoiouendo,
620 4549 697 4622 eto.;
717 4545 788 4608 sive
803 4548 1063 4626 consequenter,
1088 4547 1255 4625 quatenus
1276 4541 1319 4606 ad
1333 4543 1391 4624 J'us

218 4655 392 4739 spirituale
416 4653 571 4737 seqnitur
594 4652 720 4737 aliquid
741 4649 927 4734 temporale
957 4656 1120 4734 tanquam
1142 4650 1388 4716 eooessorium:
