3482 5560
528 617 616 664 nisan
638 617 765 672 acturus
785 617 1008 665 anonumum.
1298 597 1355 664 tet

190 734 302 818 quoad
310 734 402 800 solas
410 734 1359 817 scientiasnsturales.Tamenmagistri,auctolitateprin-

182 843 937 929 ‘cipissaecularieinstituti,nequeuntadmitti
945 844 987 910 ad
998 861 1098 908 suum
1108 843 1257 910 officium
1266 861 1360 922 erer-¹

190 952 347 1028 cendum,
362 951 429 1016 nisi
442 953 536 1036 prius
550 953 591 1016 de
605 951 672 1016 ssde
686 937 884 1017 et'morihus
899 951 1083 1016 examinati
1095 951 1223 1016 tuerint
1235 951 1277 1014 ah
1293 949 1361 1034 epi-

191 1079 304 1145 scopo.
322 1061 372 1126 lta
381 1061 608 1126 communiter
616 1061 681 1124 hh.
699 1065 734 1126 et
743 1059 913 1143 colligitur
927 1079 970 1126 ex
983 1065 1045 1125 art.
1061 1059 1101 1124 ld
1111 1063 1146 1124 et
1158 1059 1196 1123 tt
1210 1057 1335 1142 Syllahi
1351 1078 1359 1121 ε

231 1195 247 1228 a
264 1169 386 1234 Totum
401 1169 593 1236 scholarum
607 1168 819 1252 publicarum
832 1169 988 1252 regimen
1006 1169 1042 1232 in
1062 1169 1183 1252 quihus
1195 1169 1361 1251 juventus

190 1280 373 1344 christiana
395 1277 539 1362 aliquus
563 1278 755 1362 reipublicae
778 1279 977 1355 instituitur,
1005 1277 1251 1362 episcopalibus
1277 1276 1362 1341 dun-

192 1391 285 1454 taxat
297 1388 488 1452 seminariis
507 1387 621 1472 aliqua
636 1387 769 1452 ratione
784 1388 944 1470 exceptis,
960 1391 1074 1471 potest
1089 1404 1127 1452 ac
1149 1385 1250 1451 dehet
1268 1384 1362 1450 attri-
1429 1373 1438 1391 ⁹

192 1498 250 1588 hui
277 1496 468 1562 auctoritati
494 1496 595 1572 civili,
619 1496 724 1561 etita
754 1495 891 1580 quidem
917 1495 1066 1572 attribui,
1091 1499 1130 1558 ut
1152 1492 1284 1558 nullum
1307 1491 1363 1557 elii
1460 1472 1465 1490 ’
1574 1555 1577 1566 ,

191 1605 392 1689 cuicumque
413 1604 605 1690 ¹auctoritati
617 1609 882 1687 recognoscatur
895 1607 952 1687 jus
967 1601 1180 1668 immiscendi
1195 1619 1232 1666 se
1246 1602 1282 1665 in
1298 1599 1364 1664 dis-

192 1711 316 1794 ciplina
344 1711 548 1788 scholarum,
564 1712 600 1776 in
624 1713 791 1795 regimine
807 1712 1009 1789 studiorum,
1030 1713 1066 1774 in
1079 1711 1248 1794 graduum
1265 1708 1365 1774 colla·

193 1823 295 1896 tione,
313 1821 349 1884 in
364 1820 496 1887 delectu
509 1827 569 1886 aut
582 1822 824 1905 approbatione
838 1823 1090 1905 magistrorum.
1109 1846 1124 1879 »

234 1929 405 1994 «Postulat
418 1931 547 2014 optima
561 1930 668 1996 civilis
684 1931 855 1997 societatis
870 1933 967 2009 ratio,
986 1936 1025 1996 ut
1036 1930 1217 2015 populares
1228 1928 1362 2006 scholae,

195 2054 269 2120 quae
290 2040 409 2120 patent
423 2037 582 2102 omnihus
599 2041 765 2123 cujusque
781 2058 800 2104 e
814 2039 940 2124 populo
961 2039 1078 2104 classis
1099 2039 1225 2122 pueris,
1246 2055 1286 2102 ac
1306 2055 1366 2120 pu-

193 2143 280 2211 hlica
294 2146 482 2212 universim
497 2146 652 2213 instituta
668 2167 743 2233 quae
757 2149 878 2215 litteris
898 2149 1193 2233 severioribusque
1217 2144 1361 2228 discipli-

193 2255 247 2318 nis
262 2254 433 2320 tradendis
445 2259 480 2320 et
493 2255 685 2322 educationi
697 2260 888 2342 juventutis
905 2258 1063 2324 curandae
1087 2261 1168 2322 sunt
1186 2254 1364 2330 destinata,
1413 2305 1416 2312 .

194 2363 387 2428 eximantur
400 2365 442 2428 ah
461 2365 556 2429 omni
569 2363 725 2431 Ecclesiae
740 2367 950 2444 auctoritate,
968 2365 1191 2431 moderatrice
1211 2364 1247 2428 vi
1266 2366 1300 2428 et
1316 2362 1368 2427 in-

194 2473 358 2552 gerentia,
374 2471 544 2557 plenoque
559 2473 666 2538 civilis
681 2493 720 2540 ac
741 2475 886 2559 politicae
908 2473 1117 2539 auctoritatis
1133 2471 1271 2536 arbitrio
1292 2471 1368 2535 suh

191 2579 362 2662 jiciantur,
393 2580 436 2645 ad
463 2581 705 2667 imperantium
732 2583 855 2666 placita
882 2581 979 2648 etad
1002 2581 1236 2648 communium
1259 2579 1368 2644 aetatis

195 2687 395 2770 opinionum
410 2691 585 2754 amussim.
603 2713 619 2751 ›>

234 2795 331 2863 Ratio
347 2802 409 2874 est,
431 2798 510 2883 quia
523 2798 571 2862 illi
592 2798 747 2882 magistri
762 2799 883 2878 docere
906 2798 1031 2865 dehent
1054 2799 1157 2864 etiam
1181 2815 1222 2863 ea
1236 2814 1312 2881 quae
1326 2793 1370 2860 ad

195 2903 396 2994 religionem
416 2909 579 2989 spectant.
605 2907 709 2972 Porro
731 2906 804 2973 sola
823 2906 971 2973 Ecclesia
985 2910 1098 2990 potest
1122 2904 1307 2970 concedere
1323 2904 1370 2969 ta·

195 3011 356 3078 cultatem
381 3013 524 3078 docendi
557 3033 633 3097 quae
658 3015 701 3079 ed
728 3015 945 3080 christianam
973 3012 1183 3098 disciplinam
1203 3015 1368 3095 spectant.
1456 3041 1458 3048 ·

196 3119 363 3187 Praeterea
377 3123 526 3188 scientiae
552 3123 725 3188 naturales
740 3143 802 3188 seu
820 3123 998 3188 inferiores
1014 3141 1177 3188 connexae
1197 3126 1277 3185 sunt
1291 3139 1371 3185 cnm

197 3227 338 3295 scientia
354 3248 515 3313 suprema
535 3248 594 3295 seu
621 3230 808 3312 theologia;
832 3230 925 3314 atqui
953 3229 1026 3295 sola
1051 3227 1198 3294 Ecclesia
1214 3227 1256 3293 de
1278 3246 1371 3292 nexu

197 3337 254 3402 illo
266 3337 419 3421 judicare
433 3341 556 3422 potest.

237 3447 267 3530 b)
294 3446 554 3531 lndesequitur
574 3449 606 3513 l⁰
629 3449 719 3533 quod
739 3451 850 3515 totum
873 3446 1067 3514 scholarum
1098 3445 1253 3529 regimen
1279 3444 1372 3530 apud

198 3555 399 3622 christianos
413 3558 588 3640 sthaceat
599 3557 760 3640 potestati
778 3555 944 3632 Ecclesiae,
961 3573 1040 3622 cum
1062 3575 1104 3621 ex
1126 3573 1195 3619 una
1214 3558 1309 3638 parte
1324 3553 1374 3619 in-

200 3666 339 3731 structio
355 3670 389 3730 et
399 3664 554 3731 educatio
566 3667 758 3749 juventutis
776 3683 846 3731 non
861 3665 970 3748 possit
982 3663 1161 3749 praescindi
1174 3664 1217 3728 ah
1232 3663 1281 3727 eis
1297 3680 1373 3745 quae

199 3779 353 3858 spectant
366 3775 409 3838 ad
422 3773 624 3856 religionem
639 3773 867 3852 christianam,
884 3779 919 3838 et
939 3793 983 3838 ex
1004 3771 1110 3837 altera
1130 3771 1193 3836 soli
1218 3770 1373 3836 Ecclesiae

198 3889 369 3968 competat
395 3887 546 3966 potestas
568 3882 712 3948 docendi
736 3884 896 3948 veritates
921 3882 1089 3947 revelatas
1113 3884 1147 3944 et
1168 3878 1376 3946 informandi

63 3980 68 3989 ’
199 4011 313 4059 mores
327 3991 600 4056 christianorum.
613 3989 785 4055 Contraria
796 3989 965 4055 sententia
976 3988 1135 4054 damnata
1150 3989 1213 4053 luit
1227 4007 1247 4053 a
1261 3987 1319 4051 Pio
1333 3986 1375 4049 lll

199 4103 234 4165 in
243 4099 460 4184 Syllaho‚art.
470 4099 568 4175 latr
577 4099 897 4180 supramemoratis,
908 4102 943 4162 et
954 4103 1015 4162 art.
1027 4097 1374 4181 dd‚d8se,quentihus:

241 4233 256 4268 «
282 4208 355 4272 lmo
375 4207 410 4270 in
440 4207 522 4290 ipsis
548 4205 750 4270 clericorum
773 4205 963 4270 seminariis
981 4205 1163 4270 methodus
1186 4204 1377 4270 studiorum

201 4315 393 4384 adhihenda
405 4313 495 4381 civih
510 4313 701 4379 auctoritati
716 4314 902 4398 subjicitur.
920 4339 935 4374 »
1182 4389 1184 4393 Υ

242 4450 258 4483 «
275 4421 452 4489 Catholicis
472 4421 555 4486 viris
583 4421 719 4507 probari
742 4426 855 4506 potest
880 4431 921 4487 ea
940 4424 1132 4506 juventutis
1157 4420 1377 4486 instituendae

201 4535 299 4613 ratio,
317 4533 449 4618 quasit
465 4532 661 4599 acatholica
675 4532 742 4597 tide
756 4537 790 4597 et
802 4534 844 4597 ah
856 4531 1012 4598 Ecclesiae
1024 4537 1193 4616 potestate
1209 4533 1375 4615 sejuncta,

204 4661 348 4726 quaeque
364 4659 480 4707 rerum
495 4640 662 4707 duntaxat
675 4640 882 4706 naturalium
897 4641 1073 4706 scientiam
1098 4659 1136 4706 ac
1158 4645 1303 4705 terrenae
1325 4657 1381 4703 so-

202 4749 295 4816 cladis
307 4751 386 4816 vitae
400 4753 487 4816 fines
498 4749 736 4817 tantummodo
749 4749 805 4814 vel
820 4749 941 4815 saltem
953 4749 1114 4833 primario
1128 4754 1268 4833 spectet.
1287 4773 1302 4808 a
1357 4779 1360 4786 ·
