3508 5568
564 631 650 675 erasa
672 631 807 686 oninrus
829 631 1045 678 nncnnrammr.
1353 621 1395 684 13

221 743 281 804 aut
298 741 405 822 signis
424 742 650 806 exterioribus
673 743 867 826 pcrsscitur3
893 746 967 806 tum
985 744 1066 826 quia
1088 749 1141 808 est
1160 745 1262 810 simul
1283 764 1393 814 sacra-

221 851 385 923 mentum,
419 849 509 932 quod
539 849 636 931 signo
661 850 799 924 visibili,
823 869 885 914 seu
917 851 1067 916 sensibili
1096 857 1253 918 constare
1279 854 1390 921 debet.

221 955 350 1021 Decens
366 961 480 1022 tamen
496 961 549 1021 est
562 962 601 1020 ut
614 975 769 1042 personae
784 958 878 1042 loqui
892 959 1045 1023 valentes
1064 977 1272 1026 consensum
1292 981 1393 1028 suum

220 1064 333 1128 verbis
358 1065 457 1130 claris
482 1067 691 1150 exprimant,
719 1067 868 1132 maxime
898 1067 926 1131 si
955 1066 1039 1132 alias
1065 1069 1263 1134 scandalum
1290 1072 1393 1138 orire-

222 1177 286 1248 tur,
302 1172 358 1240 vel
372 1173 513 1240 dubium
529 1175 570 1240 de
590 1175 705 1241 valore
721 1176 940 1241 matrimonii.
959 1175 1039 1252 Hoc,
1060 1181 1095 1241 61
1117 1196 1187 1242 non
1206 1178 1283 1262 plus
1304 1179 1395 1245 colli-

221 1279 315 1362 31111
334 1299 377 1354 ex
390 1299 462 1366 cap.
480 1283 530 1360 15,
546 1284 611 1348 hoc
630 1284 693 1358 tit,
714 1301 742 1348 c.
766 1284 797 1358 3,
814 1283 855 1348 dc
869 1281 991 1368 Speras.
1010 1283 1105 1347 duur.
1119 1283 1309 1368 lnterpreti,
1327 1306 1394 1371 quo

222 1389 404 1466 mediante,
424 1391 644 1467 contrahitur,
668 1393 801 1473 integre
821 1391 1030 1456 credendum
1045 1395 1119 1469 est;
1143 1410 1223 1456 cum
1242 1392 1286 1458 sit
1303 1411 1395 1470 com·

222 1497 317 1560 muni
332 1498 606 1563 contrahentium
619 1499 796 1564 voluntate
813 1497 951 1562 electus.

428 1683 460 1734 il.
474 1685 527 1744 An,
541 1681 570 1735 et
584 1681 659 1746 quod
671 1681 887 1735 matrimonium
902 1679 939 1733 sit
951 1680 1188 1734 sacramentum?

261 1827 360 1912 Rosp.
386 1829 415 1891 i.
436 1826 689 1897 Matrimonium
717 1824 867 1890 [idalium
892 1825 927 1889 in
951 1825 1028 1908 lege
1055 1823 1176 1890 Christi
1196 1830 1249 1893 est
1274 1844 1396 1908 aprum

223 1939 474 2000 sacramentum
491 1955 498 1998 :
512 1935 562 2002 111
575 1938 695 2002 contra
708 1933 870 1998 sectarios
886 1932 1065 1998 definitum
1084 1937 1136 1996 est
1156 1933 1192 1997 in
1205 1951 1300 2000 conc.
1324 1935 1397 2007 Flo·

222 2047 309 2107 reni.
332 2043 367 2106 in
382 2043 519 2108 decreto
535 2061 607 2119 un„
621 2047 637 2121 ξ
651 2043 771 2127 quinto
787 2048 822 2106 ei
844 2041 1034 2125 §septimm
1059 2041 1224 2118 Trident,
1250 2061 1333 2108 sess.
1364 2045 1394 2122 ’1,

223 2169 296 2216 can.
320 2152 350 2224 i,
367 2151 408 2216 de
423 2150 591 2227 Sacram,
602 2155 637 2214 61
651 2168 734 2214 sess.
751 2149 802 2226 11,
824 2167 897 2214 can.
914 2150 944 2211 i.
962 2149 1042 2226 Quae
1061 2149 1213 2215 definitio
1234 2151 1397 2229 fundatur

222 2259 437 2342 inperpetuo
451 2259 642 2334 traditione,
660 2277 681 2322 a
697 2257 828 2323 Christo
850 2257 995 2322 Domino
1015 2263 1163 2340 accepta,
1182 2262 1217 2322 et
1234 2257 1269 2321 in
1284 2259 1398 2327 verbis

223 2365 375 2450 Apostoli
391 2365 536 2448 (Ephes,
553 2347 583 2442 ν’,
595 2367 632 2429 in
649 2367 720 2446 lin.)
733 2386 740 2428 :
753 2389 768 2422 «
787 2365 1044 2430 Sacramentum
1061 2365 1126 2430 hoc
1138 2383 1303 2448 magnum
1318 2370 1371 2434 est
1388 2385 1395 2430 :

224 2491 288 2555 ego
297 2478 413 2542 autom
422 2473 496 2538 dico
504 2472 540 2538 in
549 2473 779 2550 Christo,etin
787 2471 964 2537 Ecclesia.»
974 2472 1071 2537 Ratio
1081 2477 1143 2550 est,
1153 2474 1243 2556 quia,
1251 2477 1290 2538 ut
1299 2473 1399 2542 docet

223 2581 370 2648 Trideni.
380 2581 436 2646 cit.
449 2600 533 2648 sess.
545 2581 595 2658 il,
610 2583 645 2644 in
655 2581 855 2646 doctrioode
867 2599 951 2648 socr.
963 2582 1127 2660 matrim,
1139 2583 1397 2649 matrimonium
1507 2595 1511 2602 ·

223 2691 356 2756 confert
372 2691 529 2772 gratiam,
558 2707 633 2774 quae
655 2688 846 2755 naturalem
870 2691 1058 2772 conjugum
1080 2707 1233 2760 amoram
1253 2691 1395 2774 perlicit,

223 2797 494 2864 indissolubilem
522 2799 690 2864 unitatem
717 2797 908 2874 confirmat,
935 2799 1168 2881 conjugasque
1197 2799 1395 2877 sanctificat,
1481 2807 1483 2812 '

224 2913 259 2971 61
272 2907 315 2972 ad
328 2905 528 2971 sustinenda
541 2923 647 2971 onera
656 2906 866 2970 matrimonii
876 2907 1089 2984 corroborat;
1106 2925 1187 2989 ergo
1199 2909 1251 2990 (i).
1260 2907 1400 2974 Videtur

225 3021 340 3081 autem
367 3015 433 3080 hoc
458 3020 710 3080 sacramentum
740 3015 946 3092 institutum,
975 3015 1030 3080 vcl
1060 3015 1117 3080 illo
1148 3021 1300 3102 tempore
1331 3036 1398 3102 quo

225 3123 375 3190 Ghristns
386 3124 513 3208 nuptiis
523 3122 805 3205 interiuitiloan,
822 3125 865 3206 n),
882 3123 938 3187 vel
954 3123 1048 3200 dum,
1066 3123 1199 3190 sublato
1214 3124 1329 3192 libello
1346 3145 1399 3192 re-

224 3232 329 3314 pudii,
345 3231 455 3296 voluit
468 3231 725 3297 matrimonium
741 3248 817 3295 esse
839 3229 1020 3297 insolubile
1035 3251 1042 3308 ;
1058 3232 1114 3298 vel
1137 3232 1305 3314 complete
1319 3238 1398 3316 post

225 3339 511 3407 resurrectionem
529 3358 638 3415 suam,
663 3339 744 3403 dum
767 3338 875 3402 multa
898 3338 1033 3403 locutus
1053 3343 1106 3404 est
1130 3339 1171 3404 de
1194 3357 1303 3422 regno
1324 3341 1395 3417 bei,

225 3465 286 3511 seu
302 3451 391 3512 statu
410 3446 576 3512 Ecclesiae.
1341 3439 1342 3442 ’

261 3585 313 3644 iiia
327 3599 389 3644 non
404 3585 503 3644 obstat
516 3597 581 3657 cap.
597 3583 662 3642 3111
675 3583 810 3658 presbyt.
825 3599 886 3642 con
902 3583 1030 3656 baptiz.,·
1052 3597 1121 3640 nam
1136 3581 1177 3640 ibi
1193 3581 1304 3642 dicitur
1317 3583 1399 3656 quod

225 3675 336 3747 aliqua,
351 3689 418 3748 quae
430 3673 461 3732 in
476 3673 610 3732 Ecclesia
623 3678 696 3732 suni
710 3679 906 3743 sacramenta,
923 3673 960 3730 ab
975 3671 1148 3732 inildeiibus
1164 3687 1246 3734 more
1261 3675 1399 3746 profano,

225 3769 255 3822 et
269 3763 460 3830 materialiter
473 3763 564 3836 recipi
579 3762 708 3836 possint,
730 3767 762 3820 ut
782 3761 978 3830 Eucharistia,
997 3768 1028 3818 ei
1050 3760 1275 3820 matrimonium
1297 3761 1329 3820 in
1356 3775 1402 3820 11-

225 3853 306 3912 tione
321 3857 494 3912 contractus
507 3852 615 3910 civilis.

265 4009 364 4093 Reep.
386 4010 417 4074 1.
440 4009 595 4075 Essentia
616 4009 847 4093 metaphysica
867 4011 1070 4075 sacramenti
1086 4009 1294 4075 matrimonii
1317 4025 1399 4076 con·

225 4229 364 4312 physica
377 4245 460 4292 vero
481 4227 517 4292 in
535 4227 680 4293 materia
694 4233 729 4291 61
745 4229 856 4294 iorma
877 4247 884 4290 :
911 4234 945 4292 et
961 4227 1098 4312 quidem
1120 4245 1263 4310 corpora
1282 4227 1401 4309 conju-

224 4355 307 4417 gum
322 4340 402 4400 sunt
425 4337 568 4400 materia
581 4341 732 4411 remota3
748 4337 904 4418 proxima
920 4354 1002 4400 vero
1018 4339 1070 4402 est
1085 4351 1274 4400 consensus
1290 4337 1400 4398 exter-

225 4461 301 4519 nus,
320 4446 358 4506 ut
376 4443 481 4507 habet
494 4443 564 4506 vim
587 4442 797 4519 traditionis,
812 4444 923 4508 forma
938 4447 1054 4508 autem
1074 4447 1128 4505 eet
1142 4441 1233 4506 idem
1253 4439 1399 4524 rocipro

260 4621 293 4683 (ii
308 4618 407 4686 Syllat.
422 4621 478 4671 111,
493 4622 531 4670 io.
547 4619 625 4670 Nulla
644 4620 747 4672 rationo
768 4619 829 4671 torri
850 4624 950 4685 potest,
971 4619 1103 4670 Christum
1126 4619 1245 4670 evexisse
1264 4617 1401 4670 matrimo-

227 4697 302 4748 nium
314 4695 349 4746 ad
362 4695 518 4762 dignitatem
528 4695 694 4748 sacramenti.

226 4809 231 4816 .
259 4772 319 4823 litt.
331 4775 415 4837 apost.
430 4769 638 4837 1111111111,
651 4773 798 4838 2211111111
813 4775 881 4824 1851.
