3388 5582
526 657 613 708 cuns
633 635 762 715 'conrus
782 655 1002 704 oeennrrnrnrr.
1290 639 1351 704 599

177 779 290 848 niceto
317 779 474 856 vitando,
493 780 566 845 sive
588 779 618 842 is
640 777 738 842 vivus
761 778 819 853 sit,
840 776 911 841 sive
933 777 1105 851 mortuus,
1127 778 1166 840 ut
1190 775 1219 840 si
1245 771 1350 842 funus

179 888 462 954 excommunicati
484 887 656 952 comiteris
670 886 714 952 ed
727 885 931 970 sepulerum.

218 995 299 1061 Post
310 994 483 1064 laudatum
496 995 775 1060 constitutionem
789 1018 805 1052 «
816 993 1108 1058 communicantes
1122 1009 1202 1058 cum
1215 1009 1351 1058 excom-

176 1105 349 1170 muniente
362 1104 564 1170 nominatim
578 1121 599 1168 e
612 1102 702 1186 Pepe
716 1104 751 1166 in
764 1103 900 1166 uimine
914 1102 1092 1166 criminoso
1102 1126 1131 1172 »,
1141 1100 1196 1166 vel
1210 1125 1226 1160 «ι
1239 1100 1352 1166 clerici

179 1213 469 1282 communicantes
482 1213 517 1275 in
531 1212 654 1276 divinis
667 1229 746 1276 oum
761 1209 930 1294 ejusmodi
944 1209 1282 1288 excommunicatis»,
1299 1210 1350 1276 in-

179 1327 320 1392 currunt
334 1319 723 1392 excommunicationem
736 1320 905 1412 majorem
917 1315 1116 1407 simpliciter
1125 1321 1346 1390 reservatam.

417 1508 458 1560 111.
475 1507 514 1560 lte
528 1503 820 1561 exeommunestrone
835 1503 952 1558 moenis
969 1502 999 1557 ln
1013 1501 1116 1570 specle.

218 1653 318 1724 Nori.
334 1656 408 1722 Non
428 1669 571 1738 egemus
593 1651 634 1720 de
654 1651 1062 1720 excommunicationibus
1082 1653 1117 1718 in
1139 1651 1348 1736 particulari,

180 1783 242 1831 seu
269 1765 310 1830 de
334 1763 445 1830 causis
465 1764 508 1828 oh
531 1779 615 1846 ques
640 1763 749 1844 fertur
776 1760 1100 1837 excommuniceti03
1128 1778 1209 1826 nem
1239 1760 1351 1827 solent

180 1873 284 1939 dividi
307 1872 438 1937 ratione
462 1870 713 1936 reservationis.
737 1869 841 1934 Porro
863 1873 1087 1934 recensentur
1110 1887 1233 1934 omnes
1253 1872 1354 1952 juxto

181 1982 354 2046 diversum
377 1979 522 2061 gradum
536 1977 777 2044 reservationis
797 1977 833 2040 in
848 1977 1021 2042 constitut.
1035 1975 1233 2061 Apostolicec
1253 1976 1352 2044 Sedis

179 2088 229 2152 Pii
242 2087 296 2164 lx,
312 2105 387 2172 quae
402 2085 548 2150 refertur
560 2086 596 2149 in
610 2084 700 2150 culeo
721 2085 825 2167 hunus
839 2083 927 2148 libri.
944 2084 1107 2167 Superest
1127 2101 1209 2166 ergo
1224 2088 1263 2148 ut
1277 2101 1355 2167 ege·

179 2214 258 2260 mus
274 2195 315 2260 de
330 2183 680 2260 excommunicatione
697 2193 849 2258 cononis.
956 2267 957 2270 Ἴ

220 2295 1354 2388 1.0ripoetnamra.-a)uxeommunieetiecanonisluitinuodueu

180 2429 254 2476 cen.
271 2410 407 2494 Siquis,
423 2409 475 2485 lt),
490 2425 594 2474 conse
606 2409 658 2485 l'l,
678 2428 709 2491 q.
730 2408 761 2485 4,
777 2425 871 2473 cono.
888 2409 1118 2487 Leteronensi,
1135 2410 1198 2474 sub
1214 2409 1287 2474 lnn.
1304 2409 1354 2474 11:

180 2544 197 2578 (ι
204 2519 239 2584 Si
248 2518 335 2603 quis,
345 2517 510 2583 suadente
525 2515 670 2593 diaholo,
679 2516 783 2598 hujus
798 2515 965 2598 sacrilegii
974 2522 1109 2582 reatum
1121 2517 1302 2582 incurrerit
1315 2522 1355 2582 ut

177 2628 215 2691 in
229 2627 389 2691 clericum
413 2623 470 2688 vel
487 2622 694 2688 monachum
715 2621 883 2687 violentes
898 2641 1022 2688 manus
1035 2625 1201 2707 injecerit,
1217 2625 1354 2688 onothe-

178 2734 279 2800 matis
293 2730 429 2798 vinculo
444 2731 640 2813 subjeceet3
663 2731 698 2793 et
718 2728 832 2794 nullus
847 2729 1085 2813 episcoporum
1106 2729 1203 2794 illum
1224 2749 1353 2815 proesu-

178 2847 252 2907 mot
263 2841 452 2916 absolvere,
468 2839 534 2903 nisi
547 2836 668 2903 mortis
680 2842 826 2918 urgente
847 2839 1009 2920 periculo,
1036 2839 1144 2903 donec
1166 2838 1353 2922 apostolico

179 2949 376 3032 conspectui
387 2949 623 3033 presentetur,
641 2949 675 3007 et
687 2946 763 3026 ejus
777 2946 977 3010 mendcium
1000 2947 1171 3030 suscipiet.
1183 2971 1199 3004 n
1221 2947 1270 3010 Ex
1288 2948 1353 3012 hoc

179 3075 320 3135 cunone,
350 3054 566 3140 privilegium
594 3051 724 3116 clericis
753 3070 956 3120 conoessum
987 3054 1148 3138 appellari
1174 3055 1354 3121 consuevit

178 3163 399 3250 Prior'lepium
413 3167 560 3230 cunonis.

107 3347 109 3354 y
218 3273 246 3356 l)
263 3272 574 3341 Exeommuniestio
586 3277 727 3342 canonis
735 3278 928 3340 renovetur
942 3274 1005 3337 soh
1017 3272 1139 3337 iisdem
1154 3274 1225 3338 fere
1240 3271 1354 3338 verbis

179 3381 216 3445 in
236 3386 344 3446 const.
366 3382 566 3468 Apostolus
589 3384 688 3452 Sedis
709 3385 758 3448 Pii
774 3384 828 3459 lx,
846 3399 978 3447 excom.
998 3382 1030 3444 i·
1046 3381 1354 3465 intergenereliter

178 3495 368 3556 reservatos
383 3489 596 3573 S.2Pontiilci.
613 3494 645 3556 1⁰
664 3491 857 3558 Notandum
876 3493 930 3555 est
944 3491 1059 3565 etiem,
1077 3489 1169 3573 quod
1181 3490 1217 3553 in
1233 3490 1355 3555 eedem

178 3603 286 3663 const.
298 3598 378 3663 Pius
389 3599 441 3676 IX,
451 3618 513 3684 per
523 3619 691 3668 excomm.
702 3602 755 3665 δ’·
767 3601 856 3664 inter
865 3597 1055 3682 specialiter
1063 3599 1355 3674 reservetus‚lerit

178 3705 254 3771 illos
274 3707 336 3790 qui,
348 3724 471 3772 munos
491 3709 671 3792 injicerent
686 3709 722 3774 in
740 3725 903 3792 personas
926 3706 1169 3772 ecclesiastices
1187 3705 1351 3788 dignitate

177 3814 360 3896 fulgentes,
373 3833 432 3879 seu
449 3839 465 3873 (ι
480 3833 600 3880 omnes
615 3814 869 3891 interficientes,
883 3813 1094 3889 mutilantes,
1110 3814 1350 3897 percutientes,

178 3924 362 4006 capientes,
383 3927 606 4001 coroerentes,
630 3923 832 4000 detinentes,
859 3921 915 3987 vel
936 3921 1105 3988 hostiliter
1130 3922 1351 4006 insequentes

179 4029 259 4094 S.R.
269 4031 304 4095 E.
314 4030 1232 4114 cardinales,patriarches,archiepiscoposepiseopos,
1243 4028 1353 4094 Sedis-

180 4156 245 4221 que
261 4138 461 4222 Apostolicae
481 4139 613 4221 legatos
630 4138 686 4204 vel
708 4139 863 4213 nuntios,
881 4144 941 4204 ont
960 4156 1019 4203 eos
1041 4139 1111 4202 suis
1130 4117 1351 4215 diocesibus,

178 4247 367 4323 territoriis,
383 4247 481 4312 terris
495 4265 556 4311 seu
568 4246 727 4312 dominiis
740 4245 926 4331 ejicientes,
940 4263 1075 4310 necnon
1086 4245 1352 4322 comendentes,

143 4367 144 4370 ’
178 4352 234 4418 vel
253 4357 326 4419 rete
343 4355 525 4432 hebentes,
546 4371 605 4418 seu
626 4358 828 4438 praestsntes
847 4355 883 4418 in
901 4355 951 4419 sis
969 4353 1149 4430 auxilium,
1170 4351 1351 4418 consilium

178 4460 235 4525 vel
247 4462 412 4528 levorem,
426 4486 442 4522 s
1159 4472 1161 4478 ’

219 4564 251 4626 2⁰
265 4563 303 4628 In
310 4569 454 4649 utroque
465 4564 606 4631 articulo
616 4568 724 4630 const.
733 4565 931 4651 Apostolieae
937 4565 1046 4639 Sedis,
1057 4565 1170 4646 egitur
1182 4564 1223 4630 de
1230 4563 1353 4629 eodem

178 4671 320 4736 erimine
335 4671 502 4754 sacrilegii
515 4672 714 4755 personalis,
735 4689 814 4738 cum
832 4673 896 4738 hoc
912 4672 1108 4737 diversitste
1124 4670 1216 4754 quod
1230 4671 1352 4736 erticu

179 4775 233 4841 lue
257 4779 395 4863 quintus
418 4796 459 4845 eo
479 4782 609 4862 spectet
634 4785 672 4844 ut
699 4778 860 4846 defendet
879 4797 1063 4863 personam
1087 4782 1121 4842 et
1149 4777 1350 4858 dignitatem
