3514 5564
373 571 432 636 i'ti
830 587 882 636 tus
903 587 1082 638 canonicus.

412 705 613 790 Oppositum
641 709 737 771 tenet
764 705 797 770 S.
817 703 966 779 hieron,
988 705 1122 788 Lyram,
1147 703 1179 767 S.
1198 701 1345 778 -Bonav,
1370 701 1453 780 Sot,
1478 707 1542 768 ete.

370 815 402 880 i·
417 815 665 900 Perpriuotcm
685 814 741 880 vel
759 813 934 900 publicam
948 820 1156 898 potestatam
1185 811 1284 896 Papae
1308 815 1368 876 eut
1384 810 1544 895 principis

369 922 462 1000 isich
479 923 558 1008 quia
576 923 665 1006 Papa
683 922 955 1006 jurisdictionem
979 939 1049 986 non
1071 921 1175 986 hahet
1194 919 1230 984 in
1249 917 1421 994 infidelem
1441 919 1546 1001 juris·

371 1029 510 1097 dictioni
533 1035 649 1096 autem
668 1031 846 1114 temporati
860 1030 963 1096 telem
977 1029 1048 1095 vim
1062 1028 1176 1094 damni
1190 1046 1267 1122 esse
1285 1030 1403 1094 contm
1413 1029 1470 1110 jus
1486 1045 1545 1093 ns-

370 1137 479 1203 turale
495 1143 530 1204 et
543 1138 708 1215 divinum,
725 1137 819 1203 nullo
832 1142 926 1202 textu
941 1142 1001 1204 aut
1017 1136 1197 1202 traditione
1212 1138 1356 1201 constat.

410 1246 510 1331 Resp.
524 1239 554 1312 3.
573 1247 606 1313 Si
620 1247 706 1314 alter
720 1247 910 1314 infidelium
932 1265 1119 1314 conversus
1142 1250 1195 1312 est
1216 1245 1260 1311 ad
1286 1245 1402 1321 fidem,
1427 1245 1544 1310 matri·

369 1357 525 1422 monium
536 1357 729 1440 legitimum
743 1359 779 1422 in
792 1357 991 1422 infidelitate
1005 1359 1229 1431 contractum,
1244 1373 1315 1420 non
1329 1371 1544 1420 consumma-

279 1548 281 1552 *
370 1469 455 1541 tum,
472 1465 558 1530 solvi
578 1471 691 1550 potest
703 1485 765 1549 per
786 1466 1036 1549 professionem
1049 1463 1258 1546 religiosam,
1272 1463 1359 1528 sicut
1372 1461 1544 1528 matrimo-

370 1572 427 1637 nia
439 1575 513 1637 rats
526 1573 689 1638 hdehum.

408 1680 509 1764 Resp.
525 1680 555 1745 4.
573 1681 606 1746 si
629 1679 715 1746 alter
737 1700 882 1746 manens
896 1681 932 1744 in
962 1680 1173 1756 infidelitate,
1189 1680 1273 1746 citra
1301 1677 1545 1745 contumeliam

369 1787 535 1854 creatoris
550 1787 636 1855 notit
649 1790 843 1855 cohabitare
858 1790 997 1874 conJ'ugi
1012 1806 1177 1856 converso
1201 1788 1246 1852 ad
1258 1787 1376 1864 fldem,
1391 1785 1544 1852 dissolvi·

266 1933 270 1939 -
370 1901 426 1960 tur
450 1897 707 1962 matrimonium
731 1903 1023 1975 consummatum
1046 1914 1117 1964 non
1152 1901 1268 1962 amen
1301 1897 1411 1974 citius,
1440 1913 1544 1979 quam

369 2023 555 2070 conversus
569 2005 611 2070 ad
624 2005 728 2070 iidem
741 2007 834 2071 ineat
848 2005 939 2072 aliud
953 2007 1211 2071 matrimonium
1224 2023 1303 2070 cum
1317 2003 1410 2070 fideli
1422 2023 1429 2080 ;
1446 2004 1494 2069 its
1506 2008 1545 2069 ut

369 2115 554 2180 contractio
570 2114 710 2180 secundi
737 2115 780 2179 sit
804 2113 984 2180 dissolutio
1007 2115 1119 2198 primi.
1138 2116 1168 2179 1·
1182 2133 1261 2200 pars
1283 2119 1335 2179 est
1349 2130 1486 2190 comm,
1502 2133 1545 2178 ex

370 2223 499 2306 Apost,
515 2221 529 2286 l
546 2221 633 2299 Gon,
649 2241 701 2300 xv,
726 2221 785 2288 uhi
804 2221 884 2287 dicit
901 2221 1040 2287 fidelem
1067 2240 1088 2287 a
1111 2240 1179 2306 quo
1205 2221 1353 2287 infidelis
1376 2221 1542 2296 discessit,
1615 2242 1618 2250 ¹
1751 2243 1752 2252 ¹

370 2347 440 2395 non
452 2347 528 2396 esse
542 2331 736 2414 subjectum
754 2329 920 2406 servituti,
935 2347 997 2396 seu
1010 2328 1080 2410 legi
1093 2328 1285 2413 conjugali3
1300 2346 1382 2411 ergo
1395 2327 1542 2394 liberum

369 2437 473 2503 habet
498 2437 680 2503 transitum
706 2438 749 2504 ad
771 2437 854 2503 alias
874 2437 1021 2521 nuptias,
1048 2443 1087 2501 ut
1106 2456 1150 2502 ex
1174 2443 1340 2521 perpetus
1365 2435 1545 2502 traditione

241 2543 243 2552 ’
371 2546 573 2612 observatur
600 2547 636 2610 in
663 2545 811 2612 Ecclesia
831 2551 866 2611 et
886 2545 1027 2611 docetur
1047 2545 1159 2611 can.3
1182 2550 1216 2611 et
1240 2563 1310 2631 seq.
1334 2545 1384 2621 28,
1402 2566 1433 2630 q.
1457 2547 1486 2622 i,
1511 2549 1546 2609 et

371 2673 399 2719 c.
410 2657 440 2732 7,
456 2655 520 2719 8h.
536 2659 573 2730 t,
589 2672 670 2719 nam
685 2656 728 2720 oh
742 2657 899 2721 favorem
913 2655 993 2720 fidei
1005 2653 1157 2718 Christus
1166 2655 1232 2719 hoc
1241 2653 1458 2738 privilegium
1467 2670 1546 2719 con-

368 2763 444 2846 jugi
458 2781 624 2828 converso
638 2762 682 2827 sd
696 2762 800 2829 iidem
811 2763 991 2838 concessit,
1011 2763 1041 2826 si
1050 2761 1196 2827 infidelis
1211 2761 1297 2827 nolit
1310 2761 1341 2827 ei
1353 2762 1545 2828 cohabitare

371 2869 445 2934 sine
457 2869 665 2936 contumelia
682 2870 862 2946 Creatoris,
878 2889 911 2934 v.
935 2889 968 2952 g.
987 2869 1114 2934 directe
1129 2868 1395 2953 blasphemando
1418 2887 1546 2934 nomen

371 2979 491 3043 Christi
507 2981 650 3062 ejusque
660 2979 780 3056 fldem;
795 2979 852 3045 vel
866 2979 1040 3056 indirecte,
1055 2977 1248 3044 inducendo
1262 2978 1399 3043 fidelem
1411 2976 1455 3042 ad
1469 2995 1547 3061 pec-

370 3093 495 3153 catum.
511 3086 580 3152 Hoc
596 3092 712 3153 tamen
728 3087 947 3172 privilegium
961 3105 1032 3152 non
1046 3087 1216 3170 reperitur
1229 3104 1441 3163 concessum,
1460 3087 1488 3151 si
1504 3105 1546 3152 ex

370 3195 528 3261 fidelihus
556 3195 642 3261 alter
659 3196 815 3261 transivit
835 3195 877 3260 ed
898 3196 1138 3279 paganismum
1158 3193 1215 3260 vel
1231 3195 1454 3279 judaismum,
1482 3194 1546 3262 etsi

371 3304 403 3368 ei
430 3304 625 3370 cohabitare
645 3303 732 3368 nolit
754 3303 827 3368 sine
860 3303 987 3386 injuria
1016 3301 1194 3378 creatoris,
1226 3303 1305 3388 quia
1328 3303 1546 3368 matrimonia

370 3410 524 3477 fidelium
538 3417 776 3476 consummata
791 3415 873 3476 sunt
887 3411 1028 3476 omnino
1041 3409 1244 3476 insolubilia.
1261 3411 1294 3476 9·
1308 3427 1386 3493 pars
1398 3415 1451 3475 est
1461 3410 1493 3474 S.
1505 3408 1542 3473 n.

372 3519 456 3602 (ini,
466 3519 559 3596 (1.39,
570 3539 602 3604 q.
618 3520 781 3602 unas),
800 3519 831 3583 S.
848 3519 988 3592 Bonan,
1000 3517 1148 3584 Sanchez
1164 3522 1199 3582 et
1211 3519 1267 3584 cit.
1281 3522 1401 3584 contra
1414 3517 1542 3595 innoc,

372 3625 478 3700 Host,
499 3627 596 3703 tho,
612 3631 688 3703 etc,
706 3627 867 3692 docentes
887 3624 1106 3691 matrimonia
1134 3629 1215 3690 tuno
1253 3625 1368 3690 statim
1385 3625 1543 3704 dissolvi,

373 3734 455 3799 dum
468 3732 615 3798 infidelis
628 3733 683 3800 vel
698 3734 852 3800 ahsolnte
865 3752 935 3799 non
958 3735 1033 3799 vult
1053 3737 1257 3812 cohabitare,
1281 3735 1337 3800 vel
1356 3754 1428 3802 non
1448 3737 1545 3802 ahter

373 3859 476 3928 quam
499 3859 579 3907 cum
600 3842 808 3908 contumelia
828 3842 1006 3934 creatoris.
1025 3842 1121 3909 Ratio
1140 3848 1202 3922 est,
1221 3844 1300 3927 quis
1320 3861 1391 3909 non
1405 3849 1547 3928 apparat

372 3951 509 4036 quando
528 3949 595 4015 tale
615 3950 871 4016 matrimonium
886 3951 1098 4017 solveretur:
1115 3971 1185 4031 non
1200 3958 1354 4037 tempore
1373 3952 1543 4035 baptismi,

374 4059 453 4144 quis
465 4059 626 4144 perhanc
639 4059 799 4141 conjugia
809 4059 1152 4144 nonsaolvunturtcd
1173 4061 1207 4124 h.
1221 4066 1258 4138 t.,
1269 4077 1343 4126 can.
1359 4061 1390 4130 t.
1406 4060 1544 4144 Siquis,

371 4169 421 4246 98,
436 4187 468 4251 q.
482 4168 529 4250 i);
543 4185 613 4232 non
628 4172 781 4251 tempore
796 4167 1010 4244 intermedio,
1028 4168 1108 4252 quie
1120 4169 1148 4232 si
1160 4167 1248 4234 alter
1260 4168 1428 4233 desistens
1439 4186 1545 4252 aper·

371 4276 452 4341 fidia
470 4278 699 4351 convertetur,
716 4275 803 4339 alter
820 4274 915 4359 prius
935 4272 978 4340 ad
991 4274 1096 4340 fidem
1110 4293 1297 4340 conversus
1315 4279 1452 4340 tenetur
1466 4293 1547 4340 eum

373 4383 522 4466 recipere
536 4382 577 4466 (c.
593 4383 613 4446 8
635 4381 669 4446 h.
687 4381 741 4464 t.);
763 4399 845 4464 ergo
861 4386 1017 4465 superest
1031 4386 1070 4445 ut
1093 4381 1350 4448 matrimonium
1365 4382 1459 4446 istud
1482 4381 1547 4447 dis-

374 4489 536 4568 solvatur,
563 4491 646 4555 dum
671 4490 882 4556 contrahitur
904 4507 1035 4554 novum
1056 4489 1312 4556 matrimonium
1338 4491 1547 4556 contrarium

372 4598 488 4681 priori,
503 4602 630 4663 etcum
645 4617 685 4664 eo
699 4597 991 4684 incompossibile;
1009 4597 1096 4663 sicut
1108 4599 1143 4662 in
1155 4598 1302 4682 physicis
1322 4603 1421 4664 vetus
1435 4599 1545 4664 forma

375 4705 553 4788 expellitur
579 4723 641 4789 per
663 4723 799 4784 novam,
819 4712 853 4772 et
876 4707 1051 4788 generatio
1075 4706 1176 4772 unius
1202 4712 1255 4774 est
1276 4706 1448 4792 corruptio
1463 4705 1546 4774 slte-
