3500 5552
553 595 640 642 LIBER
662 597 790 652 QUINTUS
813 595 1036 644 DECRETALIUM.

371 804 388 878 fi
403 807 435 862 ll.
457 805 496 862 lte
508 808 655 876 potestate
668 809 697 863 et
714 818 805 864 curua
820 803 992 876 conferendi
1005 803 1218 878 inclementias.

516 987 534 1037 l.
551 984 676 1040 Potestas
694 985 858 1038 conterendi
870 985 1070 1052 indulgentias.

246 1143 278 1224 a)
305 1140 466 1222 Theologi
492 1145 610 1206 contra
638 1139 833 1218 valdenses,
862 1139 1043 1205 Wiolelltes
1072 1159 1111 1206 ac
1138 1146 1379 1226 protestantes,

207 1251 352 1334 probant
371 1248 552 1314 Ecclesiam
575 1250 701 1314 hebere
723 1253 929 1333 potestatem
940 1249 1137 1314 conferendi
1152 1250 1381 1333 indulgentias

208 1359 317 1438 (Ceno.
333 1358 494 1436 Trident,
511 1377 594 1423 sess.
609 1359 659 1432 95,
675 1359 716 1422 de
734 1357 897 1444 Indulpt.
915 1358 1012 1424 Retio
1032 1359 1107 1442 ipsa
1122 1359 1272 1425 ostendit
1289 1359 1382 1424 illam

206 1467 402 1533 facultatem
414 1467 539 1552 requiri
560 1467 595 1531 in
614 1469 707 1532 omni
722 1467 889 1546 ‚societate
909 1469 1059 1550 perlecta
1081 1487 1156 1552 quae
1171 1473 1284 1553 potest
1300 1469 1383 1533 inlli-

205 1595 287 1657 gere
309 1593 437 1658 poenas,
453 1594 533 1640 curn
546 1581 697 1659 poteslas
718 1576 892 1640 relaxandi
908 1595 1027 1659 paenas
1047 1567 1262 1642 consocietur
1280 1575 1382 1641 iacul-

207 1685 266 1750 tati
289 1683 427 1750 easdem
447 1685 633 1766 infligendi.
650 1684 744 1748 Unde
759 1685 950 1765 generatim
972 1684 1019 1748 illi
1036 1686 1223 1750 concedere
1238 1689 1383 1768 possunt

207 1793 436 1874 indulgentias
464 1793 521 1876 qui
550 1775 677 1856 habent
703 1797 907 1875 potestatem
936 1793 971 1857 in
1004 1795 1203 1858 societatem
1232 1793 1383 1859 christia-

136 1929 140 1938 ·
208 1919 298 1978 narn,
313 1918 375 1964 seu
395 1918 481 1984 quos
502 1899 646 1983 Spiritus
665 1899 808 1964 Sanctus
830 1901 944 1984 posuit
963 1918 1082 1982 regere
1105 1899 1288 1966 Ecclesiam
1312 1899 1380 1965 Dei.

209 2009 284 2082 Sed,

248 2118 278 2200 d)
293 2117 320 2182 A
339 2117 459 2202 quibos
473 2118 625 2201 inspecte
642 2119 721 2182 dori
726 2121 859 2204 possint
875 2118 1120 2202 indolpentiae?
1134 2119 1170 2181 l⁰
1183 2117 1230 2180 Ex
1241 2117 1385 2201 plenitu-

209 2227 286 2292 dine
312 2227 694 2310 potestatis,'·Summus
726 2227 882 2293 Pontifex
913 2231 1027 2311 potest
1056 2226 1242 2291 concedere
1275 2225 1385 2290 indul-

168 2417 171 2426 ,
208 2336 340 2415 gentias
353 2337 598 2419 cujuscumque
613 2335 759 2416 generis,
777 2335 856 2418 quia
871 2333 1033 2399 aGhristo
1047 2334 1177 2416 accepit
1189 2333 1384 2414 generalem

208 2448 413 2526 potestatem
427 2443 640 2526 gubernandi
655 2443 848 2519 Ecclesiam,
867 2462 906 2508 nc
919 2443 1061 2526 proinde
1079 2441 1298 2524 dispensandi
1314 2442 1386 2506 the-

210 2571 349 2618 saurum
363 2552 528 2618 Ecclesiae.
543 2555 754 2637 Quapropter
768 2553 825 2618 illa
838 2557 990 2636 potestas
1010 2551 1171 2616 divinitus
1190 2549 1312 2616 collata
1334 2555 1387 2614 est

118 2687 123 2702 ·
209 2661 385 2755 illimitetap
405 2666 439 2726 et
458 2660 575 2726 valent
594 2679 714 2728 omnes
734 2661 954 2742 indulgentiae
977 2659 1101 2743 aPapa
1115 2659 1384 2742 quibuscumque

208 2770 365 2834 fidelihus
387 2788 569 2846 concessae,
592 2770 695 2834 modo
717 2789 759 2834 ex
776 2772 870 2851 juste
888 2773 923 2832 et
940 2765 1132 2832 rationabili
1144 2785 1248 2832 causa
1260 2768 1386 2832 luerint
1486 2805 1488 2812 ι

211 2878 307 2942 datae.
323 2878 503 2962 Disputent
516 2878 576 2941 ll.
593 2896 637 2941 an
652 2877 834 2942 concilium
848 2875 1019 2958 generale,
1038 2876 1124 2940 Sede
1142 2879 1295 2952 vacante,
1308 2877 1385 2959 jure

210 2985 324 3051 divino
353 2986 583 3066 indulgentias
611 2984 797 3049 concedere
825 2983 943 3066 possit.
971 2981 1190 3047 Communior
1217 2985 1387 3047 sententia

174 3130 176 3134 ·
211 3100 315 3176 negat
329 3095 448 3175 (Suae,
465 3096 613 3178 dispas,
631 3112 657 3158 s.
674 3096 703 3169 l,
721 3115 754 3158 n.
772 3096 802 3170 7;
816 3093 985 3170 Bedarm,
1000 3092 1021 3155 l.
1039 3093 1063 3171 Ι,
1078 3110 1106 3157 c.
1124 3113 1167 3168 rr,
1183 3092 1385 3175 etc.).Hodie

212 3203 247 3267 in
260 3204 394 3286 speciali
417 3205 647 3288 dispositione,
663 3203 847 3287 requiritur
866 3207 903 3266 ut
918 3220 1038 3267 omnes
1052 3203 1290 3266 concessiones
1304 3220 1387 3284 pon·

213 3311 323 3376 tiflciae
347 3319 635 3394 recognoscantur
655 3331 675 3376 a
699 3312 731 3375 S.
757 3308 1127 3392 Gongr.1ndulg.,seu
1152 3315 1191 3372 ut
1213 3309 1388 3392 exemplar

211 3421 473 3484 concessionum
506 3419 754 3484 transmittatur
785 3418 827 3483 ad
866 3416 1039 3482 laudatam
1081 3417 1387 3498 congregationem

211 3527 254 3608 (S.
273 3527 395 3609 Gongr.
412 3527 543 3608 indulg.
561 3529 599 3590 el
612 3529 683 3610 jen.
701 3527 801 3608 1756).

249 3637 281 3699 2⁰
309 3634 489 3702 Inferiores
515 3635 615 3721 Papa,
644 3641 683 3699 ut
710 3636 909 3714 cardinales,
939 3635 1055 3719 legati,
1082 3634 1292 3718 patriarchae,
1323 3633 1388 3716 pri-

209 3749 329 3818 meles.
351 3745 604 3828 archiepiscopi,
623 3745 783 3829 episcopi,
808 3762 878 3811 non
896 3745 1024 3809 habent
1044 3746 1249 3827 potestatem
1270 3759 1388 3806 conoe-

211 3853 313 3918 dendi
333 3853 563 3935 indulgentias
577 3857 654 3937 jure
678 3854 803 3929 divino,
829 3854 890 3918 aed
913 3853 1025 3918 solum
1045 3854 1123 3935 jure
1148 3851 1385 3926 ecclesiastico,

212 3963 338 4028 scilicet
353 3981 396 4026 ex
408 3962 629 4027 concessione
645 3962 776 4025 Summi
789 3961 960 4027 Pontificis
976 3981 982 4024 :
997 3961 1044 4026 ita
1056 3959 1284 4026 communiter
1298 3961 1388 4024 theo-

210 4071 281 4153 logi
289 4069 396 4155 (Apud
412 4071 514 4146 llere,
530 4071 571 4134 de
585 4070 736 4154 Indulp„
750 4088 780 4134 a.
798 4071 827 4144 l,
845 4071 929 4152 nd).
947 4069 1018 4134 lmo
1028 4073 1180 4152 potestas
1195 4067 1389 4132 illiscollata

212 4183 264 4243 est
281 4178 425 4243 limitata
446 4199 452 4240 :
475 4178 623 4261 episcopi
637 4184 782 4262 possunt
798 4177 910 4242 solum
928 4176 1115 4243 concedere
1140 4175 1388 4258 indulgentiam

211 4288 313 4350 unius
330 4286 411 4352 anni
431 4287 467 4349 in
487 4285 698 4351 dedicatione
719 4285 880 4362 ecclesiae,
906 4286 978 4350 sive
998 4286 1040 4349 ab
1056 4302 1125 4350 uno
1141 4283 1214 4349 solo
1229 4283 1387 4367 episcopo

212 4395 284 4458 sive
299 4411 320 4459 a
333 4392 487 4478 pluribus
502 4393 690 4470 dedicatum
707 4395 741 4457 in
756 4393 830 4458 aliis
846 4397 963 4458 autem
976 4393 1123 4468 casibus,
1139 4409 1182 4455 ex
1196 4391 1387 4456 rationabili

211 4520 314 4567 causa
335 4500 522 4566 concedere
546 4501 662 4566 valent
685 4501 755 4566 suis
776 4501 918 4566 subditis
937 4499 1239 4582 indulgentiamle
1254 4499 1387 4566 dierum
1515 4587 1517 4592 ,

213 4617 251 4688 (c.
270 4611 308 4674 ll
321 4610 354 4673 h.
371 4609 419 4688 tt.
436 4609 685 4693 archiepiscopi
698 4614 844 4693 possunt
857 4609 995 4674 easdem
1009 4607 1239 4690 indulgentias
1257 4607 1297 4672 40
1319 4607 1388 4673 die-

211 4736 288 4782 rum
305 4716 492 4786 concedere
511 4717 548 4804 in
570 4721 642 4782 tota
660 4735 722 4781 sua
735 4717 918 4803 provincia,
935 4717 1038 4783 etiarn
1051 4720 1147 4783 extra
1161 4719 1297 4802 tempus
1311 4716 1387 4784 visi·
