3388 5582
358 529 416 592 ata
815 547 865 594 111
885 547 1064 594 1111111111.

358 665 531 748 recipiant.
544 665 686 732 Ratione
702 667 906 732 assistentiae
922 665 1046 731 divinis
1070 665 1200 742 officiis,
1217 671 1533 750 peccarentmorta-

357 771 444 850 liter,
458 773 486 838 11
502 775 747 859 compellerent
764 775 925 842 clericum
940 773 1139 840 solemniter
1153 774 1324 840 celebrare
1341 776 1376 840 in
1391 776 1466 841 loco
1480 779 1532 842 in·

358 881 510 960 terdicta,
522 883 550 948 si
565 883 672 966 pulsis
684 884 857 968 campanis
867 883 1272 967 convocarentpopulum
1285 885 1320 948 in
1331 883 1390 950 tali
1403 884 1490 962 loco,
1502 885 1532 950 si

357 989 488 1065 moniti,
505 996 702 1056 recusarent
717 991 844 1073 egredi,
856 993 885 1055 si
898 996 1147 1074 praesumerent
1160 991 1326 1074 impedire
1338 1010 1382 1056 ne
1399 1011 1530 1058 excom-

356 1098 519 1163 municati
532 1099 587 1163 vel
601 1099 770 1164 interdicti
784 1099 988 1166 nominatim
1007 1104 1132 1165 exeant
1146 1119 1165 1166 e
1178 1099 1254 1166 loco
1269 1117 1376 1177 sacro,
1393 1101 1530 1186 quando

357 1205 438 1264 sunt
452 1220 472 1266 a
485 1201 576 1268 clero
591 1201 767 1268 admoniti.

398 1309 427 1390 b)
441 1311 551 1374 Poenae
566 1311 768 1375 violantium
783 1311 1010 1378 interdictum.
1028 1313 1060 1376 1⁰
1074 1312 1199 1378 Contra
1211 1311 1315 1378 laicos
1330 1311 1425 1378 nulla
1438 1318 1532 1379 certa

354 1436 458 1501 penna
475 1418 550 1502 ipso
565 1420 642 1502 jure
661 1421 814 1502 ponitur,
835 1426 961 1503 praeter
979 1424 1126 1504 quatuor
1147 1438 1245 1485 casus
1266 1439 1370 1503 supra
1391 1439 1531 1486 enume-

355 1529 448 1590 ratos
462 1526 499 1590 in
519 1527 652 1610 quibus,
674 1545 716 1590 ex
735 1525 837 1592 Clam.
859 1529 889 1591 1·
906 1527 940 1590 h.
962 1532 999 1603 1.,
1022 1528 1241 1593 incurrebant
1257 1529 1532 1594 excommunica-

355 1633 483 1698 tionem
498 1639 708 1700 reservatam
723 1636 755 1700 S.
773 1636 894 1700 Pontif.
913 1637 945 1700 2⁰
960 1636 1077 1714 Quoad
1096 1636 1248 1714 clericos,
1264 1636 1293 1700 si
1306 1637 1532 1720 personaliter

354 1742 409 1807 vel
423 1741 628 1824 generaliter
647 1743 817 1808 interdicti
832 1744 910 1820 sint,
930 1743 986 1810 vel
1003 1745 1041 1808 in
1056 1743 1131 1810 loco
1150 1743 1330 1810 interdicto
1344 1743 1528 1822 celebrent,

354 1851 410 1916 vel
428 1851 533 1918 alium
552 1857 665 1918 actum
683 1831 794 1918 ordini
815 1871 910 1918 sacro
930 1871 1104 1918 annexum
1126 1859 1318 1930 exerceant,
1337 1853 1532 1935 irregulari-

354 1965 459 2027 tatem
478 1962 552 2046 ipso
567 1963 655 2028 iacto
670 1963 849 2028 incurrunt
860 1965 900 2046 (c.
917 1965 960 2039 1.,
975 1964 1017 2027 de
1032 1962 1127 2028 Seat.
1143 1971 1175 2027 et
1189 1962 1324 2044 rejud,
1341 1969 1417 2028 etc.
1434 1964 1464 2038 1,
1476 1962 1529 2039 18,

353 2077 388 2134 et
398 2071 437 2135 20
447 2071 481 2134 h.
495 2076 517 2135 1.
532 2070 568 2135 11
579 2071 634 2154 6⁰).
647 2072 774 2136 'lamen
786 2072 924 2156 quinon
937 2071 1248 2147 essetinterdictus‚
1264 2070 1325 2136 sed
1335 2071 1532 2136 admitteret

352 2177 550 2243 interdictos
565 2177 608 2244 ad
622 2178 738 2244 divina
750 2184 964 2245 sacramenta
976 2183 1010 2244 et
1022 2179 1244 2263 sepulturam,
1256 2197 1327 2244 non
1340 2179 1532 2244 incurreret

349 2284 646 2366 irregularitatem,
662 2304 741 2351 curn
756 2285 875 2351 nullibi
886 2288 953 2352 ista
964 2306 1067 2371 poena
1081 2287 1301 2363 decernatur;
1318 2287 1377 2350 sed
1393 2292 1529 2352 tantum

351 2397 523 2458 arceretur
533 2395 576 2458 ab
588 2395 746 2476 ingressu
762 2395 911 2460 ecclcsiae
925 2395 965 2477 (c.
981 2396 1012 2472 8,
1026 2395 1068 2460 de
1082 2396 1188 2475 Pria,
1201 2395 1236 2459 in
1249 2395 1306 2477 6⁰.)
1319 2394 1437 2460 Clerici
1450 2395 1528 2458 reli·

350 2501 448 2582 giesi,
463 2499 519 2565 vel
533 2503 636 2567 etiam
651 2503 817 2568 moniales
832 2504 1051 2570 interdictum
1064 2504 1171 2571 locale
1185 2502 1365 2583 violantes,
1381 2503 1529 2569 reddun-

349 2613 406 2672 tur
420 2609 585 2676 inbebiles
602 2610 644 2676 ad
663 2611 866 2678 electionem
885 2619 955 2678 1111
969 2614 1115 2679 activam
1134 2631 1236 2698 quam
1250 2613 1423 2697 passivam
1438 2613 1477 2696 (c.
1494 2613 1525 2688 l,

349 2717 391 2782 de
406 2717 504 2812 Sene.
519 2728 552 2782 et
564 2739 601 2783 re
610 2720 743 2804 judic).
1520 2802 1524 2811 Ι

388 2829 415 2908 1)
428 2826 544 2892 Cessat
557 2830 589 2892 1⁰
615 2829 730 2912 elapso
752 2834 905 2914 tempore
930 2831 987 2895 vel
1008 2831 1204 2897 conditione
1225 2831 1347 2914 posita,
1374 2828 1528 2894 siluerit

346 2941 515 3020 procerte
530 2942 685 3022 tempore
699 2940 754 3005 vel
769 2941 832 3004 sub
847 2940 961 3024 aliqua
974 2941 1180 3006 conditione.
1198 2939 1419 3005 Interdictum
1428 2940 1528 3003 abso·

347 3041 417 3108 lute
430 3044 548 3122 latum,
562 3047 590 3110 si
603 3045 711 3113 locale
726 3053 788 3126 cst,
805 3055 918 3114 cessat
931 3049 1104 3114 destructo
1123 3047 1199 3113 loco
1213 3067 1221 3125 ;
1237 3047 1265 3111 11
1280 3046 1459 3130 personale
1472 3053 1528 3110 est

347 3151 382 3214 in
392 3153 684 3230 communitatem,
695 3161 806 3220 cessat
817 3157 984 3221 exstincta
993 3156 1249 3231 communitate,
1259 3155 1393 3219 etiamsi
1402 3153 1525 3236 aliquis

347 3258 389 3324 de
412 3263 657 3326 communitate
674 3263 849 3340 subsistat,
875 3263 997 3329 saltem
1020 3264 1049 3327 si
1077 3264 1107 3326 is
1133 3281 1203 3328 non
1232 3262 1364 3328 dederit
1385 3279 1526 3327 causam

347 3366 538 3446 interdicto,
555 3369 634 3454 quia
649 3376 731 3436 tunc
742 3375 835 3436 esset
847 3370 1028 3454 personale
1042 3369 1200 3454 speciale.
1240 3357 1246 3368 ’

385 3476 418 3540 2⁰
432 3476 613 3553 Quodlibet
626 3477 844 3542 interdictum
860 3497 994 3544 cessare
1016 3483 1131 3562 potest
1145 3477 1360 3543 absolutione
1380 3477 1435 3542 vel
1458 3477 1526 3542 dis-

346 3587 547 3669 pensatione
568 3588 657 3652 facta
679 3589 722 3653 ab
744 3606 785 3654 eo
810 3589 867 3673 qui
891 3594 1097 3671 potestatem
1119 3589 1163 3654 ad
1185 3589 1251 3653 hoc
1271 3589 1385 3652 habet.
1413 3587 1525 3664 Quare

345 3696 564 3762 interdictum
575 3695 681 3762 locale
697 3698 769 3764 sive
784 3698 944 3780 generale
961 3699 1032 3764 sive
1044 3697 1200 3782 speciale,
1213 3716 1283 3763 non
1297 3701 1524 3774 reservatum,

345 3803 498 3870 relaxare
527 3803 642 3869 nullus
669 3805 756 3870 alius
779 3812 893 3890 potest
917 3813 1042 3890 preater
1066 3824 1146 3872 eum
1172 3807 1230 3891 qui
1250 3803 1524 3889 jurisdictionem

346 3913 573 3998 episcopalem
586 3914 734 3980 hubetin
750 3934 831 3981 eum
844 3915 969 3980 locum.
986 3914 1080 3980 Idem
1095 3914 1278 3980 dicendum
1290 3913 1332 3978 de
1342 3911 1524 3978 interdicto

345 4020 515 4106 personali
533 4022 696 4106 91111ναὶ1.
716 4021 767 4087 lta
787 4023 1018 4088 communiter
1034 4022 1101 4086 Db.
1121 4021 1219 4087 Ratio
1241 4027 1303 4097 est,
1323 4021 1403 4105 quia
1424 4036 1524 4084 secus

345 4133 567 4193 enervaretur
581 4127 730 4193 efficacia
743 4127 925 4192 interdicti.
940 4127 975 4192 Si
990 4129 1034 4192 sit
1044 4126 1225 4212 personale
1244 4126 1388 4210 speciale
1402 4131 1522 4190 11111

345 4241 569 4312 reservatum,
584 4236 805 4320 probabiliter
818 4238 861 4302 ab
877 4235 936 4302 illo
953 4235 1131 4302 absolvere
1145 4243 1291 4320 possunt
1306 4234 1409 4300 etiam
1425 4250 1525 4316 paro

345 4345 430 4410 obus
444 4345 500 4410 vel
514 4345 602 4412 alius
611 4347 768 4430 proprius
783 4345 953 4412 sacerdos.

718 4530 761 4580 vl.
774 4529 814 4580 lte
831 4527 989 4581 cessatione
1003 4539 1021 4581 1
1034 4526 1147 4580 divinis.

386 4671 418 4752 o)
429 4669 516 4747 Quid
529 4674 564 4736 11
578 4669 790 4754 quotuplex?
804 4673 836 4734 l·
849 4669 1000 4737 Cossutio
1009 4669 1161 4735 adivinis
1170 4669 1320 4754 aliquam
1329 4666 1525 4749 11111ςί111
