3482 5560
589 567 593 574 “
719 556 724 564 “
825 583 877 630 scs
898 581 1076 628 cssourcuu.

803 951 1015 1030 TITULUS
1055 949 1098 1026 V.

407 1140 445 1186 DE
466 1139 624 1186 nattsrbts
645 1140 683 1186 ΕΤ
705 1141 743 1185 NE
766 1141 887 1194 antQtJtn
909 1140 1061 1188 EXIGATUR
1081 1138 1137 1186 PRO
1157 1139 1295 1186 Ltcadrta
1317 1137 1443 1184 nocuum
1460 1130 1498 1188 (¹)-

871 1303 1030 1327 --·r-··

404 1439 499 1506 Nora.
514 1440 587 1504 Duo
604 1440 825 1506 enuntiantur
838 1442 874 1506 in
887 1443 1021 1508 rubrica
1035 1444 1106 1526 huj.
1125 1441 1188 1519 tit,
1207 1441 1352 1507 scilicet:
1368 1440 1399 1504 1⁰
1416 1437 1535 1504 tracta-

366 1553 420 1613 tus
441 1548 481 1613 de
496 1547 683 1630 magistris3
699 1549 731 1612 2⁰
746 1549 927 1631 prohibitio
942 1550 1124 1633 recipiendi
1146 1548 1273 1632 aliquid
1294 1565 1356 1632 pro
1377 1545 1538 1612 facultate

365 1656 519 1722 docendi.
544 1656 613 1722 Hoc
631 1655 820 1720 secundum
839 1662 891 1722 est
910 1657 1104 1741 principalis
1128 1657 1272 1722 intentio
1297 1656 1450 1733 rubricae,
1476 1654 1535 1718 ssd

364 1765 530 1832 nonnulla
542 1766 775 1850 praesupponit
785 1765 826 1831 de
841 1766 1085 1848 magistrorum
1097 1767 1279 1842 creatione,
1294 1765 1440 1847 juribus,
1458 1769 1534 1842 etc,

364 1873 479 1960 itaque
494 1893 646 1965 praesens
661 1874 779 1940 titulus
793 1875 910 1958 partiri
922 1876 1024 1941 debet
1037 1877 1072 1940 in
1087 1874 1172 1940 duas
1187 1874 1367 1940 sectiones.

801 2100 937 2164 SECTIO
959 2101 1092 2166 PRIMA.

613 2241 661 2296 De
675 2241 836 2310 aradibus
853 2247 888 2298 et
902 2243 1085 2297 honoribus
1100 2242 1285 2296 litterarlta.

680 2410 701 2462 1.
718 2409 792 2470 Quot
804 2407 862 2462 sint
875 2407 990 2462 ordines
1003 2408 1225 2475 graduatorumt

406 2542 486 2609 Tres
507 2543 738 2622 inveniuntur,
766 2544 941 2612 videlieet:
968 2545 1188 2624 baccalaurei,
1216 2543 1383 2610 licenciati
1406 2547 1441 2607 et
1462 2538 1537 2606 doe-

366 2643 464 2719 tores.

406 2764 439 2840 α)
453 2761 613 2825 lntlmurn
622 2762 737 2827 locum
750 2761 840 2826 inter
853 2761 1037 2844 graduales
1053 2762 1208 2827 obtinent
1229 2760 1450 2826 baccalaurer'.
1525 2836 1531 2848 Ι

405 2873 437 2935 1·
449 2870 566 2948 Quoad
580 2890 708 2937 nomen
721 2870 858 2937 illorum
881 2873 1136 2955 graduatorum,
1153 2872 1256 2954 variae
1271 2871 1394 2935 dantur
1408 2874 1538 2952 etymo·

365 2979 474 3061 logiae.
508 2978 672 3043 Videntur
693 2979 758 3046 dici
780 2979 988 3044 baccalaurei
1013 2999 1034 3045 a
1060 2980 1160 3044 bacco
1188 2979 1292 3059 lauri,
1322 2997 1382 3042 seu
1408 2977 1538 3042 frondi·

365 3089 429 3152 bus
443 3086 529 3152 tauri
544 3088 753 3164 baccatis,ob
768 3106 865 3171 spem
879 3089 1052 3152 fructuum
1061 3087 1095 3150 in
1104 3085 1253 3150 scientiis
1262 3084 1516 3149 afferendorum
1528 3104 1535 3161 ;

366 3194 452 3259 sicut
463 3194 499 3258 in
513 3195 623 3259 baccis
634 3213 711 3277 spes
725 3195 856 3259 fructus
872 3199 932 3271 est,
950 3194 997 3259 ita
1011 3194 1137 3277 gradus
1157 3194 1221 3257 iste
1243 3195 1284 3257 iis
1304 3197 1438 3258 tantum
1457 3210 1537 3258 con-

364 3302 472 3367 fertur
485 3302 527 3367 de
542 3302 665 3386 quibus
679 3321 757 3386 spes
769 3303 958 3386 concipitur
971 3320 1030 3368 eos
1054 3301 1236 3368 merituros
1260 3301 1441 3384 aliquando
1463 3298 1538 3364 lau-

365 3429 443 3476 rum
462 3429 523 3475 seu
540 3429 702 3477 coronam
720 3411 884 3488 lauream,
901 3431 976 3495 quae
992 3411 1074 3477 olim
1088 3413 1326 3495 imponebatur
1344 3410 1380 3474 in
1399 3427 1536 3493 promo·

365 3518 457 3583 tione
474 3519 669 3584 doctorum:
683 3519 762 3584 binc
774 3538 901 3584 nomen
918 3520 1074 3584 lettrectt'.

404 3627 454 3691 Ab
475 3627 549 3692 aliis
571 3627 727 3692 dicuntur
746 3628 967 3706 baccalaurei,
989 3647 1051 3692 seu
1070 3628 1185 3713 potius
1206 3627 1379 3705 decorarit,
1401 3629 1444 3693 ob
1469 3625 1537 3692 lici-

366 3739 440 3799 tum
460 3755 561 3801 usum
579 3736 689 3801 baculi
713 3737 748 3800 in
771 3735 899 3820 templo
923 3741 958 3801 et
975 3739 1012 3801 in
1025 3735 1106 3802 ludo
1125 3737 1300 3802 litterario.
1317 3737 1418 3802 Juxta
1438 3736 1533 3814 alios,

366 3862 494 3909 nomen
513 3846 647 3911 veniret
662 3864 777 3912 avoce
791 3845 912 3928 gallica
926 3846 1100 3924 caederer,
1117 3865 1194 3931 quae
1212 3845 1309 3911 initio
1323 3845 1536 3928 significabat

365 3951 509 4016 militem
525 3953 671 4018 tironem
691 3959 751 4019 aut
763 3953 932 4020 interioris
940 3953 1068 4019 ordinis
1076 3954 1289 4019 nobilitatem
1303 3953 1532 4036 (Scbmalzgr.,

366 4078 399 4123 n.
418 4061 433 4123 1
449 4061 483 4123 b.
499 4061 574 4143 tit).

405 4169 438 4232 2⁰
460 4169 576 4246 Quoad
591 4185 664 4232 rem
676 4169 816 4236 nomine
827 4168 1127 4235 baccalaureorunr
1141 4169 1284 4234 veniunt
1297 4168 1345 4233 illi
1358 4169 1483 4253 quiaui
1497 4169 1534 4232 in

367 4276 508 4341 scientia
528 4277 700 4360 protectus
719 4277 868 4361 primurn
889 4277 1122 4343 testimonium
1144 4277 1319 4362 publicum
1344 4283 1424 4342 sunt
1457 4295 1534 4343 con-

367 4385 483 4450 secuti.

404 4493 437 4556 3⁰
451 4491 490 4557 ln
504 4492 673 4578 plerisque
692 4492 969 4560 universitatibus
984 4491 1166 4572 catholicis,
1187 4493 1413 4574 conferturin
1427 4493 1534 4578 pbilo-

397 4664 432 4730 (t)
448 4633 590 4717 Nonnulla
603 4665 802 4732 protelationes
822 4664 890 4731 Jurls
902 4665 980 4717 Rom.
1000 4664 1029 4716 tn
1042 4665 1147 4730 codiee,
1162 4665 1180 4717 l.
1194 4665 1225 4730 ll,
1240 4669 1258 4718 t.
1275 4677 1323 4730 au,
1341 4669 1367 4718 et
1389 4665 1536 4717 innumere

367 4737 476 4807 lepesin
485 4741 547 4807 iure
558 4741 623 4794 Gall.
