3482 5560
814 425 867 472 HIS
887 421 1067 471 canonicali.

536 601 712 658 Beatissimo
727 603 822 670 Pater,
922 595 926 600 '

395 749 559 822 Exponitur
571 751 601 806 S.
614 751 648 805 V.
661 763 715 820 pro
728 751 810 820 parte
825 749 880 804 ΝΝ.
897 745 984 804 dioec.
1001 749 1034 804 Ν.
1047 753 1077 803 ct
1091 748 1123 804 Ν.
1139 748 1172 804 Ν.
1188 746 1276 804 dioec.
1293 749 1337 813 Ν.,
1350 745 1442 816 quod,
1462 760 1528 803 cum

360 841 439 898 dicta
451 839 562 898 oratrix
586 837 644 910 (bic
668 838 789 909 ponitur
813 837 915 908 causa)
940 838 1039 894 dotem
1061 835 1168 894 habeat
1186 836 1288 894 minus
1313 841 1529 907 competentem

358 931 444 1004 juxta
457 933 554 987 status
570 928 618 986 sui
632 928 846 996 conditionem,
860 942 928 985 cum
944 941 1004 1000 qua
1019 926 1114 983 vinrm
1126 925 1184 984 sibi
1197 942 1256 984 non
1271 926 1528 999 consanguineum

361 1019 441 1091 paris
458 1017 650 1086 conditionis,
666 1017 714 1074 cui
739 1016 851 1075 nubere
870 1015 980 1089 possit,
996 1015 1129 1072 invenire
1147 1021 1287 1089 nequeat,
1306 1016 1405 1074 dictus
1421 1021 1530 1088 orator,

361 1123 429 1166 cum
445 1108 600 1166 dictadole
610 1109 712 1166 minus
727 1111 913 1180 competente
924 1105 1079 1164 oratricem
1091 1105 1121 1162 in
1135 1119 1258 1163 uxorem
1271 1106 1530 1164 ducareintendat.

248 1236 255 1252 .
361 1198 416 1256 Sed
427 1198 499 1269 quia
512 1197 599 1254 tertio
614 1197 707 1270 gradu
719 1197 826 1268 aequali
840 1211 858 1254 a
871 1196 1024 1253 communi
1044 1195 1145 1266 stipite
1170 1197 1361 1268 proveniente
1380 1197 1531 1270 conjuncti

361 1291 441 1350 sunt,
457 1286 638 1346 desiderium
648 1301 738 1346 suum
752 1287 808 1344 hac
822 1287 853 1344 in
866 1291 948 1358 parte
961 1284 1123 1356 adimplere
1137 1300 1197 1342 uon
1213 1292 1340 1358 possunt
1355 1305 1362 1344 :
1383 1287 1450 1344 ideo
1462 1301 1534 1360 sup-

362 1376 473 1450 plicant
496 1383 646 1452 quatenus
666 1376 808 1451 dignetur
828 1390 895 1434 cum
916 1375 1003 1447 ipsis,
1020 1379 1066 1438 ut.
1085 1374 1299 1447 impedimento
1320 1376 1376 1434 hoc
1398 1392 1458 1434 uon
1479 1376 1533 1435 ob-

362 1471 470 1537 stante,
485 1467 710 1525 matrimonium
725 1467 803 1524 inter
818 1481 851 1524 se
866 1463 994 1538 publice,
1011 1469 1129 1522 servata
1143 1465 1239 1522 lorma
1249 1467 1529 1538 concil.Trid.‚cou-

362 1557 487 1626 trahere,
507 1573 541 1614 ac
560 1557 588 1614 in
606 1573 641 1614 eo
656 1557 846 1628 postmodum
861 1569 1014 1613 remancre
1026 1554 1117 1611 libere
1133 1569 1167 1612 ac
1182 1554 1262 1612 licite
1274 1557 1400 1628 valeant,
1416 1558 1535 1630 dispen-

363 1662 430 1704 sare
442 1653 470 1704 et
484 1647 584 1719 proles
595 1647 747 1720 legitimas
763 1645 872 1703 exinde
885 1643 1096 1716 suscipiendas
1110 1643 1269 1702 declarare.

400 1793 469 1860 liac,
493 1792 538 1849 vel
559 1791 649 1850 simili
670 1791 797 1849 lormula
817 1791 913 1849 utitur
931 1793 1032 1848 llomae
1047 1791 1074 1848 is
1090 1789 1138 1848 cui
1153 1791 1338 1862 impetranda
1353 1791 1537 1864 dispensatio

364 1882 526 1939 commissa
548 1887 604 1938 est.
630 1881 738 1938 Eadem
765 1881 893 1938 termula
923 1879 1034 1938 servire
1059 1880 1167 1951 poterit
1195 1894 1247 1952 pro
1267 1880 1537 1954 supplicationibus

365 1971 487 2044 quibus,
503 1970 540 2028 ab
555 1969 706 2028 ordinario
719 1969 846 2028 habente
861 1969 1048 2043 privilegium
1058 1969 1264 2042 dispensandi,
1276 1970 1538 2044 talisdlspensatio

365 2061 485 2134 petitur.
502 2059 720 2118 advertendum
733 2065 831 2118 tamen
846 2066 939 2118 estut
956 2076 992 2118 ex
1007 2060 1187 2119 necessariis
1208 2060 1281 2118 nibil
1301 2061 1465 2132 omittatur,
1484 2077 1538 2120 nce

365 2151 478 2225 aliquid
494 2151 564 2210 laisi
578 2151 608 2208 in
624 2167 717 2210 causa
730 2151 812 2210 linali
824 2159 986 2210 asseratur.

407 2370 506 2453 Resp.
522 2371 551 2434 Ν.
570 2370 604 2434 Si
617 2371 900 2454 impedimentum
915 2377 966 2436 est
981 2371 1161 2447 occultum,
1175 2371 1372 2456 supplicatio
1384 2374 1538 2456 dirigitur

367 2478 409 2542 ad
424 2477 628 2542 cardinalem
644 2479 810 2560 majorem
822 2478 1124 2562 poenitentiarium,
1142 2485 1176 2542 et
1186 2480 1385 2544 mandatum
1403 2481 1537 2565 dispen-

368 2586 508 2650 sationis
528 2586 707 2668 expeditur
727 2587 762 2648 in
777 2586 849 2650 Sao.
866 2586 1119 2652 Poenitentiaria
1135 2607 1142 2649 :
1159 2592 1193 2652 et
1206 2590 1430 2653 committitur
1443 2608 1539 2654 esse-

367 2694 459 2758 cutio
477 2693 640 2774 magistro
655 2693 689 2756 in
704 2693 877 2774 theologia
890 2692 946 2758 vel
970 2712 1037 2758 sac.
1058 2695 1256 2771 canonibus,
1277 2701 1336 2760 aut
1356 2696 1452 2762 alteri
1473 2696 1538 2779 pri-

367 2801 538 2883 vilegiato.
561 2802 652 2865 Licet
665 2805 781 2866 autem
795 2801 1003 2883 dispensatio
1026 2803 1061 2865 in
1076 2801 1147 2868 Sao.
1169 2802 1421 2868 Pmnitentiaria
1440 2823 1538 2886 expe-

370 2909 486 2974 ditaiu
507 2907 678 2991 plerisque
695 2907 972 2972 substantialibus
993 2911 1174 2974 conveniat
1196 2929 1274 2976 cum
1288 2911 1538 2994 dispensatione

369 3017 522 3092 Datariae,
539 3019 574 3080 in
589 3016 704 3081 multis
723 3023 837 3082 tamen
851 3018 963 3082 differt
981 3039 987 3081 :
1005 3037 1084 3084 nam
1108 3020 1139 3083 l⁰
1150 3004 1364 3105 'dispensatio
1385 3021 1540 3104 expedita

369 3128 404 3190 in
417 3127 552 3192 llataria
571 3127 675 3190 servit
693 3146 754 3210 pro
776 3133 920 3210 utroque
942 3129 1027 3204 loro,
1050 3135 1202 3206 externo,
1225 3135 1259 3194 ct
1279 3131 1413 3196 interno
1430 3131 1537 3206 datur,

370 3253 439 3298 non
452 3239 585 3299 tantum
606 3235 648 3300 ad
672 3235 961 3318 perseverandum
984 3235 1019 3300 in
1042 3238 1259 3302 matrimonio
1280 3243 1464 3316 contracto,
1480 3239 1539 3302 sed

371 3343 475 3407 etiam
502 3343 545 3407 ad
573 3342 656 3406 illud
684 3343 964 3420 contrahendum,
991 3345 1242 3410 nonobstante
1268 3347 1539 3411 etiamseouudo

371 3450 480 3530 gradu
493 3450 798 3531 consanguinitatis
809 3457 843 3514 et
856 3451 966 3534 primo
977 3453 1168 3529 affinitatis3
1185 3458 1323 3518 econtra
1335 3455 1540 3538 dispensatio

373 3558 444 3622 Sao.
462 3557 723 3622 Pmnitentiariae
739 3559 844 3622 servit
863 3564 995 3622 tantum
1009 3577 1072 3642 pro
1091 3560 1165 3626 loro
1180 3564 1325 3638 interne,
1345 3563 1392 3626 ita
1412 3569 1460 3640 ut,
1485 3561 1541 3626 de'-

375 3669 462 3728 teoto
477 3668 596 3746 postca
608 3665 862 3747 impedimento,
878 3684 948 3730 non
957 3668 1064 3748 prosit
1076 3668 1110 3748 in
1122 3669 1196 3733 loro
1205 3673 1361 3746 externo;
1377 3672 1450 3734 etsi
1464 3688 1542 3734 con-

374 3772 585 3853 sanguinitas
600 3773 722 3847 obstet,
741 3773 839 3836 datur
851 3778 983 3837 tantum
1000 3774 1043 3838 ad
1064 3776 1353 3858 perseverandum
1374 3777 1409 3841 iu
1430 3779 1542 3843 matri-

373 3879 489 3946 monio
504 3885 687 3956 contracto,
698 3885 730 3946 ei
746 3901 815 3946 non
827 3882 891 3946 nisi
907 3883 941 3946 in
955 3884 1116 3964 gradibus
1132 3886 1280 3950 secundo
1291 3887 1538 3953 remotioribus.

373 3989 404 4052 ⁰2⁰
418 3987 456 4053 ln
477 3987 720 4072 supplicatione
742 3990 784 4055 ad
804 3989 875 4054 Sao.
894 3989 1181 4058 Poenitentiariam
1205 3995 1346 4060 nomina
1369 4002 1541 4061 oratorum

355 4083 517 4180 ‘possunt
531 4116 606 4162 esse
618 4099 696 4163 licta
713 4118 719 4160 :
736 4099 771 4162 in
786 4100 853 4162 ssne
866 4101 1001 4166 additur
1024 4120 1090 4186 quo
1107 4120 1322 4184 responsum,
1338 4109 1372 4168 et
1385 4105 1426 4168 ad
1440 4123 1542 4188 quem

375 4189 589 4286 dirigendum
605 4206 648 4268 sit
664 4225 671 4266 :
689 4210 723 4268 et
735 4207 762 4270 si
778 4211 929 4271 oratores
944 4207 1040 4272 alteri
1056 4227 1120 4272 sao.
1139 4209 1319 4291 theologiae
1343 4211 1396 4277 vel
1409 4231 1474 4276 sac.
1491 4229 1541 4276 oa-

375 4331 505 4376 uonum
526 4311 655 4377 doctori
675 4305 917 4378 conscientiam
933 4333 1030 4378 suam
1044 4317 1193 4398 pendere
1214 4324 1374 4394 renuunt,
1391 4318 1447 4382 vel
1469 4318 1541 4382 talis

375 4421 410 4482 in
425 4420 499 4484 loco
513 4438 583 4485 non
595 4421 772 4504 reperitur,
790 4421 866 4485 addi
891 4420 992 4485 debet
1009 4424 1137 4504 petitio,
1155 4430 1193 4489 ut
1210 4427 1447 4502 confessarius,
1464 4444 1542 4490 eum

377 4545 444 4610 quo
469 4533 620 4594 oratores
645 4549 743 4594 suam
762 4530 889 4594 habant
908 4530 1159 4608 confidentiam,
1184 4535 1382 4600 mandatum
1411 4551 1470 4599 seu
1492 4535 1542 4597 lit·
