3514 5564
541 605 627 652 nana
647 605 784 660 cusanus
804 605 1024 654 nncrnriurorr.
1314 589 1372 654 ili

270 783 290 834 i.
304 781 347 832 dn
362 777 600 844 impedimentum
615 777 752 832 dirimens
766 778 942 914 congnationls
956 778 1055 848 legalis
1068 781 1177 836 oriatur
1190 794 1224 837 ex
1237 783 1299 838 solu

691 871 790 924 arroga
813 865 890 914 cnei

241 1009 341 1092 Resp.
365 1007 597 1072 affirmative:
619 1005 666 1072 ita
686 1003 813 1084 innoc,
836 1005 938 1090 Sylu,
958 1007 1085 1091 Laym,
1108 1007 1267 1086 Sanchez,
1295 1025 1374 1076 cum

202 1119 258 1184 cit.
281 1120 401 1182 contra
419 1113 523 1196 gloss.
545 1131 574 1179 c.
599 1133 657 1178 un.
680 1115 714 1178 h.
741 1119 778 1190 t,
800 1113 896 1192 alib,
914 1115 1043 1194 (lovan,
1069 1116 1166 1182 Reili.
1192 1117 1289 1182 Proh.
1314 1117 1375 1184 Go-

202 1224 318 1308 gnatio
332 1221 455 1306 legalis
466 1221 629 1287 tundatur
641 1221 677 1286 iu
694 1220 803 1305 patria
816 1226 996 1304 potestate,
1013 1223 1061 1288 ita
1072 1229 1111 1288 ut
1133 1223 1299 1308 adoptans
1313 1226 1375 1291 flat

203 1337 310 1419 pater,
335 1335 369 1396 et
384 1330 563 1413 adoptatus
586 1328 676 1393 illius
694 1329 812 1414 patriae
832 1330 992 1413 potestati
1013 1332 1198 1414 subJ'ecius,
1216 1337 1254 1397 ut
1268 1334 1375 1398 mani-

203 1442 288 1506 feste
302 1443 436 1505 constat
450 1457 492 1503 ex
505 1438 639 1522 Jurihus
661 1457 762 1522 supra
782 1437 935 1521 allegatis
955 1459 962 1502 :
980 1457 1060 1504 nam
1076 1439 1154 1505 licet
1172 1440 1258 1506 sacri
1271 1459 1373 1507 canc·

203 1568 266 1614 nes
280 1553 420 1613 utantur
431 1546 577 1612 termino
593 1545 794 1631 adoptionis,
809 1547 970 1611 tamenin
980 1546 1055 1630 ipso
1072 1566 1175 1613 sensu
1187 1548 1375 1634 loquuntur
1475 1591 1479 1598 -

203 1658 244 1722 de
257 1657 406 1740 perlecta
425 1655 619 1738 adoptione,
640 1671 702 1718 seu
722 1653 948 1735 arrogatione,
967 1673 1041 1740 quae
1055 1660 1261 1738 potestatem
1278 1657 1374 1722 indu-

202 1766 257 1842 cit,
267 1770 302 1830 et
316 1763 402 1829 solvi
415 1767 529 1846 potest
541 1780 602 1845 per
616 1760 921 1845 emancipationem
936 1782 944 1825 :
960 1779 1034 1828 can.
1049 1781 1128 1847 pen.
1141 1764 1191 1842 30,
1205 1767 1325 1849 quaest.
1340 1764 1373 1844 3,

203 1877 237 1939 et
256 1891 328 1957 cap.
345 1891 403 1937 nn.
419 1872 453 1936 h.
471 1872 534 1947 tit,
557 1869 628 1934 ibi:
650 1893 665 1926 «
688 1853 838 1953 mrandiu
861 1869 960 1934 durat
979 1869 1126 1954 adoptio,
1151 1897 1167 1930 »
1183 1872 1241 1936 ubi
1258 1888 1375 1938 neces·

202 1982 290 2050 sario
314 1979 515 2062 intelligitur
536 1978 761 2061 emancipatio
784 1977 921 2042 solvens
941 1979 1086 2061 patriam
1108 1984 1324 2062 potestatem,
1340 1983 1376 2046 et

199 2091 439 2177 cognationem
452 2088 542 2154 inter
558 2087 666 2152 illium
689 2087 880 2152 naturalem
898 2093 932 2152 et
952 2087 1057 2152 liliam
1077 2090 1291 2175 adoptatam3
1315 2089 1375 2156 sed

163 2239 166 2244 -
199 2201 272 2268 sola
282 2199 463 2281 arrogatio,
479 2215 550 2263 non
559 2214 642 2261 vero
655 2195 799 2281 simplex
808 2195 956 2279 adoptio,
968 2196 1099 2262 inducit
1110 2193 1375 2283 patriampotes-

200 2313 306 2374 tatem
318 2305 463 2389 (§ilnst.
482 2303 684 2389 deAdopt.);
701 2321 794 2384 ergo.
806 2302 904 2368 Ratio
919 2307 983 2381 est,
1001 2303 1079 2388 quia
1090 2303 1376 2390 impedimentum

197 2421 262 2485 hoc
290 2415 523 2484 introductum
547 2420 600 2479 est
622 2414 746 2498 partim
770 2418 909 2496 propter
939 2413 1187 2492 indecentiam
1208 2418 1293 2500 quia·
1307 2435 1377 2484 non

199 2527 297 2594 decet
318 2530 356 2590 ut
372 2525 394 2589 ii
415 2524 472 2610 qui
492 2523 629 2589 flatione
652 2521 742 2588 civili
763 2521 934 2587 habentur
947 2527 1062 2606 patres
1077 2527 1112 2589 et
1129 2523 1236 2602 liberi,
1255 2526 1376 2592 matres

199 2641 234 2702 et
248 2651 393 2712 sorores,
410 2633 500 2720 inter
513 2651 550 2698 se
564 2630 783 2714 copulentnr3
799 2631 923 2715 partim
938 2631 982 2695 ad
995 2630 1170 2698 vitandam
1184 2633 1377 2700 fornicatio-

198 2763 290 2822 nem,
306 2762 381 2828 quae
396 2741 605 2808 intercedere
626 2745 744 2824 posset
766 2739 855 2806 inter
868 2758 1034 2827 personas
1049 2741 1084 2804 in
1109 2741 1230 2808 eadem
1248 2742 1376 2809 familia

199 2858 234 2918 et
247 2852 349 2918 domo
362 2856 632 2928 commorantes;
649 2850 711 2916 sed
729 2856 851 2916 neutra
864 2851 950 2917 ratio
962 2851 1116 2935 procedit
1130 2851 1165 2916 in
1180 2851 1376 2935 simpliciter

199 2962 361 3048 adoptato
375 2982 382 3026 :
398 2979 469 3027 non
482 2962 602 3044 prima,
622 2959 701 3045 quia
715 2959 849 3026 delectu
864 2961 982 3046 patriae
996 2960 1176 3045 potcstatis
1190 2978 1261 3027 non
1275 2962 1376 3028 habe·

199 3077 373 3156 turpatur,
391 3070 447 3136 vel
461 3070 564 3148 illius,
586 3070 642 3137 vel
655 3071 760 3136 trater
781 3069 909 3148 civilis3
930 3087 1000 3135 non
1021 3071 1182 3147 secunda,
1205 3069 1284 3154 quia
1298 3069 1376 3134 sim-

199 3180 329 3263 pliciter
352 3180 533 3263 adoptatus
552 3197 623 3245 non
643 3179 777 3262 cogitur
799 3197 875 3244 esse
900 3179 936 3244 in
957 3179 1059 3245 domo
1085 3183 1120 3244 et
1133 3177 1261 3244 familia
1274 3178 1376 3262 adop-

200 3288 318 3364 tantis;
351 3306 434 3369 ergo
468 3287 752 3372 impedimentum
782 3287 874 3352 istud
907 3295 977 3351 non
1012 3288 1120 3352 oritur
1154 3307 1198 3352 ex
1231 3284 1375 3370 simplici

198 3397 380 3482 adoptione
398 3417 406 3460 ε
422 3395 492 3462 imo
505 3396 571 3461 ista
591 3415 703 3481 nequa
721 3395 851 3462 inducit
872 3396 1156 3480 impedimentum
1171 3393 1373 3479 impediens,
1401 3385 1403 3392 ⁴

197 3523 276 3574 cum
291 3506 363 3573 sine
377 3505 468 3572 claro
479 3508 557 3589 jnre
570 3505 815 3590 impedimenta
832 3524 902 3573 non
925 3507 993 3571 sint
1008 3502 1264 3589 multiplicanda
1278 3503 1331 3587 (l).
1455 3520 1463 3534 ·

249 3692 281 3742 11.
305 3689 379 3754 Quot
401 3689 459 3744 sint
482 3683 590 3755 species
613 3687 789 3756 cognationis
812 3689 919 3755 legalis,
940 3687 969 3742 et
989 3687 1065 3744 inter
1088 3699 1159 3754 quas
1182 3697 1318 3752 personas

584 3771 801 3826 matrimonium
822 3770 983 3826 dirimunt

236 3918 337 4004 Resp.
359 3937 435 3986 esse
449 3921 519 3986 tres
538 3939 545 3984 :
556 3919 674 4004 prima
694 3924 746 3986 est
766 3919 802 3984 in
822 3919 914 3985 linea
933 3890 1026 3986 recta
1044 3917 1134 3984 inter
1152 3918 1373 4002 adoptantem

197 4031 232 4093 et
243 4027 452 4111 adoptatum,
468 4029 611 4113 ejusque
623 4027 880 4106 descendentes,
898 4026 1023 4113 siquos
1035 4026 1190 4110 lupatria
1203 4028 1373 4111 potestate

195 4135 315 4212 habet;
349 4137 437 4201 sicut
463 4135 639 4219 Augustus
662 4136 835 4220 adoptavit
863 4136 1035 4202 Tiberium
1060 4153 1140 4200 cunr
1174 4131 1373 4200 Germanico

227 4283 262 4347 (l)
278 4285 315 4336 lta
326 4283 443 4350 Angelis,
457 4285 632 4350 postumia,
642 4289 718 4351 putet
732 4284 952 4352 impedimentum
963 4285 1088 4338 criritam
1101 4297 1134 4335 ex
1148 4281 1276 4348 perlecta,
1291 4293 1372 4345 qnam

197 4373 230 4410 ex
243 4359 396 4426 imperfecta
413 4360 555 4426 adoptione
574 4361 610 4426 (h.
631 4365 650 4412 t.
669 4376 696 4412 n.
720 4361 753 4427 l).
775 4362 902 4413 Munnella
922 4361 963 4424 (de
986 4359 1174 4426 impediment,
1197 4373 1224 4424 p.
1246 4357 1270 4422 6)
1294 4358 1374 4422 nogat

195 4437 415 4501 impedimentum
436 4437 499 4488 oriri
518 4451 552 4488 ex
570 4437 732 4503 imperfecta.
748 4437 775 4490 S.
800 4438 896 4504 congr.
912 4437 991 4489 Cone.
1015 4436 1097 4502 (apud
1115 4436 1152 4486 De
1168 4433 1286 4500 Angelis,
1304 4431 1323 4483 i.
1339 4447 1373 4494 a,

196 4526 224 4563 n.
237 4513 261 4577 ἓ)
279 4513 422 4564 declaravit
434 4511 604 4578 adoptionem
619 4514 733 4579 legalem
753 4515 781 4565 in
801 4513 892 4566 codice
906 4513 1005 4565 Gallico
1025 4511 1228 4564 determinatam
1246 4508 1372 4561 inducere

196 4588 416 4653 impedimentum
432 4589 559 4641 dirimens
573 4590 739 4656 cognationis
754 4589 855 4654 legalis.
871 4591 936 4640 ltem
952 4589 978 4641 S.
995 4588 1100 4651 roenit,
1117 4587 1159 4638 die
1174 4589 1204 4638 23
1218 4586 1284 4638 lehn.
1300 4587 1370 4646 rati,

196 4665 284 4729 quoad
307 4665 479 4731 adoptionem
494 4665 653 4720 celebratam
668 4667 697 4718 in
715 4667 800 4719 torma
813 4666 967 4736 prescripta
980 4666 1008 4717 in
1021 4665 1116 4717 Codice
1130 4661 1201 4717 civili
1215 4661 1291 4732 regni
1306 4663 1371 4715 Nea-

196 4740 315 4810 politani.
993 4757 995 4762 ·
