3508 5568
544 571 630 619 crona
652 569 785 627 curares
808 571 1027 622 necanramun.
1334 554 1370 626 84

200 691 349 758 conditio
371 708 450 754 vera
472 694 535 766 est,
554 673 676 754 'etatim
698 691 956 756 matrimonium
979 691 1093 756 evadit
1118 691 1312 757 absolutum
1341 695 1375 756 et

197 799 366 876 validum
382 797 570 864 invalidum
585 817 678 874 vero,
696 801 725 864 si
737 799 886 865 conditio
902 800 1047 884 deficit(§
1063 800 1176 864 dicct.
1194 805 1228 866 et
1241 800 1263 865 l.
1280 801 1373 879 cxx,

199 909 235 970 li.
248 907 289 972 dc
302 907 338 974 V.
350 909 412 990 0.),
424 908 599 971 nemcirca
609 908 819 989 praeteritum
829 912 863 972 et
872 926 1024 991 praesens
1035 906 1128 972 nulla
1138 907 1372 984 daturdilatio;

198 1016 352 1080 laturum
358 1033 442 1079 vero
448 1015 691 1091 necessarium,
700 1015 987 1092 sivcnaturaliter‚
996 1020 1044 1091 ut,
1050 1039 1064 1072 u
1074 1016 1181 1081 sicras
1188 1016 1260 1081 dies
1269 1018 1342 1092 erit,
1356 1041 1371 1074 »

199 1123 271 1188 sive
286 1143 330 1188 ex
340 1122 574 1207 suppositione
590 1123 717 1190 decreti
733 1122 930 1201 infallibilis,
945 1127 993 1200 ut,
1012 1149 1027 1182 (ι
1044 1125 1072 1188 si
1082 1124 1307 1190 Antichristus
1316 1143 1375 1189 ve·

199 1231 299 1307 nerit‚
314 1255 328 1288 a
335 1232 454 1314 injure
461 1231 607 1296 habetur
615 1248 677 1314 pro
686 1232 845 1314 praesenti
858 1231 889 1314 (l.
901 1231 953 1306 IX,
966 1232 1016 1310 §b
1026 1231 1062 1296 ll.
1072 1231 1267 1314 deiterata
1278 1250 1372 1314 ergo.

199 1338 294 1403 Unde
315 1339 573 1404 matrimonium
592 1341 655 1404 sub
669 1340 733 1404 hac
746 1338 952 1415 conditione,
976 1363 991 1399 a
1008 1341 1036 1404 si
1054 1339 1177 1405 nobilis
1196 1358 1233 1404 es
1253 1345 1288 1405 et
1304 1358 1375 1405 non

199 1446 292 1510 luisti
306 1447 486 1524 fornicata,
506 1473 520 1506 a
537 1449 704 1513 existente
724 1447 900 1513 nobilitate
917 1449 990 1514 sine
1004 1448 1238 1524 fornicatione,
1263 1447 1374 1524 valet3

199 1553 307 1619 altero
321 1555 446 1620 horum
462 1556 650 1634 deficiente,
667 1575 737 1622 non
751 1557 853 1622 valet.
871 1557 1006 1641 Excipe,
1018 1557 1083 1622 nisi
1095 1557 1243 1623 conditio
1257 1575 1375 1622 neccs-

200 1663 288 1728 saria
311 1681 354 1728 ex
378 1670 493 1728 mente
516 1665 791 1730 contrahentium
810 1665 975 1729 alteretur
989 1669 1024 1728 et
1043 1665 1207 1748 temporis
1219 1665 1376 1730 determi-

200 1771 375 1836 nationem
392 1771 572 1852 significat,
591 1791 621 1836 v.
638 1791 672 1853 g.
689 1797 704 1830 a
720 1771 814 1837 Duco
836 1777 879 1849 te,
905 1772 932 1836 si
954 1777 1064 1840 mater
1086 1772 1262 1850 moriatur,
1282 1773 1377 1848 »hoc

201 1884 263 1954 est,
278 1885 516 1962 postmortem
528 1879 657 1944 matris.

240 1986 340 2070 Resp.
357 1987 387 2050 ⁶2.
410 1985 566 2052 Conditio
586 1987 627 2052 de
647 1987 788 2064 futuro,
800 2007 875 2070 quae
896 1987 994 2052 tacite
1009 1987 1109 2064 inest,
1134 1987 1218 2052 nihil
1233 1987 1377 2073 speciale

200 2098 371 2178 operetur,
388 2096 450 2160 etsi
466 2097 677 2180 exprimatur
693 2116 701 2160 :
717 2097 808 2162 unde
828 2095 990 2182 relinquit
1013 2097 1270 2162 matrimonium
1295 2097 1377 2163 vali·

201 2204 298 2280 dum,
320 2223 353 2268 v.
379 2223 412 2292 g.
437 2230 452 2262 a
469 2204 561 2294 linco
577 2209 623 2281 te,
647 2205 675 2268 si
696 2203 898 2286 religionem
918 2222 988 2269 non
1008 2203 1167 2287 eleger03
1199 2230 1214 2264 a
1238 2205 1378 2289 prodest

167 2371 171 2380 ,
200 2315 315 2376 tamen
330 2312 372 2376 ad
386 2311 598 2378 evadendam
616 2329 753 2397 poenam
773 2314 809 2376 in
830 2312 919 2382 male
938 2313 1178 2379 contrahentes
1201 2317 1374 2392 statutam,

200 2425 238 2484 ut
257 2444 273 2477 «
294 2420 386 2484 Duco
409 2423 458 2496 te,
477 2419 505 2483 si
528 2439 599 2485 non
624 2438 660 2485 es
683 2418 940 2501 consanguinea
957 2438 1052 2496 mea;
1072 2445 1086 2478 »
1110 2437 1178 2503 qno
1204 2439 1285 2486 casn
1307 2440 1377 2486 non

199 2527 382 2592 incurritur
397 2529 703 2593 excommunicatio
711 2527 814 2593 Glcm.
832 2530 873 2603 1⁶,
887 2528 928 2592 dc
944 2527 1200 2612 Consanquioit.
1216 2527 1250 2592 Si
1261 2533 1376 2594 tamen
1479 2561 1480 2566 κ

200 2635 349 2701 conditio
372 2634 438 2700 ulio
460 2635 563 2700 modo
579 2635 788 2719 exprimatur
805 2653 908 2720 quam
930 2635 1022 2710 insit,
1048 2654 1130 2700 vera
1153 2639 1206 2700 est
1227 2635 1376 2701 conditio

201 2744 375 2813 defuturo
395 2743 610 2827 suspensiva,
622 2763 655 2806 v.
670 2761 703 2825 g.
722 2768 736 2801 a
754 2743 846 2810 Duco
866 2747 912 2820 te,
928 2743 957 2806 si
978 2743 1157 2827 episcopus
1179 2743 1376 2828 pronuntia-

200 2839 286 2916 uerit
298 2851 432 2916 nullum
453 2869 528 2916 esse
551 2850 640 2916 inter
666 2868 730 2915 nos
757 2849 1086 2935 impedimentum.»
1111 2851 1159 2914 Ex
1183 2851 1237 2916 his
1260 2851 1375 2934 plures

199 2959 419 3042 particulares
443 2959 649 3042 qnaestiones
669 2959 755 3023 solvi
773 2963 927 3042 possunt,
944 2978 977 3022 v.
1002 2978 1035 3042 g.
1053 2985 1069 3016 «
1085 2959 1236 3036 buente,
1255 2960 1283 3023 si
1305 2959 1375 3025 bec

198 3064 339 3148 placeat,
358 3066 386 3130 si
401 3065 551 3131 Christus
569 3066 670 3130 estin
684 3066 884 3141 hachostia,
910 3066 939 3129 si
964 3067 1069 3130 irater
1091 3071 1171 3131 tuus
1196 3071 1249 3132 est
1271 3085 1375 3131 verus

200 3173 371 3252 sacerdos,
388 3200 404 3232 a
421 3179 505 3251 etc.;
522 3175 581 3239 sed
598 3175 767 3258 ejusmodi
782 3175 988 3258 quaestiones
1010 3175 1053 3239 ad
1070 3175 1204 3258 praxim
1231 3191 1301 3239 non
1327 3175 1376 3238 ia-

198 3281 327 3349 cientes
344 3284 459 3349 sanius
473 3285 687 3350 omittuntur.

240 3392 339 3476 Resp.
352 3393 383 3456 3.
400 3391 527 3476 Copula
541 3391 684 3458 carnalis
700 3394 883 3457 subsecuta
896 3410 967 3457 non
980 3390 1124 3457 remittit
1143 3391 1374 3457 conditionem

201 3497 243 3563 de
257 3500 428 3582 praeterito
455 3504 514 3566 aut
533 3501 705 3584 praesenti,
721 3499 787 3565 nisi
806 3499 899 3564 aliud
922 3504 1035 3565 actum
1060 3501 1104 3564 eit
1127 3500 1217 3579 inter
1237 3504 1372 3584 partes3

202 3609 293 3672 unde
314 3609 441 3674 corruit
453 3609 711 3675 matrimonium
725 3607 848 3673 initum
863 3609 926 3672 suh
940 3607 1146 3686 conditione,
1169 3634 1184 3666 a
1206 3607 1234 3672 si
1250 3608 1372 3672 nobilis

202 3736 250 3794 es,
268 3742 284 3774 »
302 3717 434 3783 detecta
447 3716 570 3782 deinde
584 3715 796 3799 ignobilitate
806 3717 932 3801 patris:
949 3736 1030 3783 nam
1041 3717 1106 3782 tale
1116 3718 1374 3782 matrimonium

202 3825 352 3890 abinitio
374 3829 426 3890 est
443 3824 588 3904 nullum,
613 3825 679 3888 nisi
703 3824 824 3889 deinde
854 3843 969 3890 coram
994 3826 1142 3909 parocho
1171 3829 1205 3890 et
1230 3825 1374 3889 testibus

202 3950 281 3998 cnm
294 3933 439 3998 remissa
451 3932 647 3998 conditione
660 3936 855 3996 renovetur.
872 3933 938 3997 Nec
952 3932 1064 3998 obstat
1085 3951 1113 3998 c.
1130 3935 1165 4012 3,
1184 3935 1221 4011 5,
1241 3935 1261 3998 6
1279 3934 1312 3997 h.
1335 3938 1373 4008 t.;

202 4059 283 4107 nam
305 4044 386 4125 jura
406 4041 471 4106 ista
491 4040 681 4125 procedunt
704 4041 746 4105 de
767 4039 991 4124 sponsalibus,
1009 4042 1131 4124 quibus
1149 4059 1282 4106 annexa
1296 4059 1376 4106 con-

203 4147 285 4213 ditio
308 4131 526 4233 praesumitur
553 4148 681 4213 remitti
699 4166 761 4231 per
784 4149 1051 4232 subsequentem
1070 4135 1227 4232 copulam
1248 4169 1255 4212 :
1276 4165 1375 4212 secus
1439 4140 1440 4144 ’

203 4260 255 4320 est
272 4257 307 4320 in
330 4257 568 4333 matrimoni0;
592 4257 658 4321 nisi
679 4255 886 4340 speculative
903 4246 995 4322 dicas
1009 4257 1247 4323 remissionem
1261 4257 1377 4322 condi-

203 4361 304 4429 tionis
317 4365 498 4430 retrctrahi
511 4365 554 4429 ad
569 4368 705 4448 tempus
719 4365 793 4428 initi
806 4365 1023 4430 matrimonii.

224 4547 265 4598 111.
281 4545 353 4608 Quid
368 4545 524 4611 operantur
537 4543 716 4598 conditiones
729 4556 763 4598 er
779 4533 881 4600 natura
897 4543 938 4598 rai
952 4545 997 4599 vel
1011 4545 1046 4600 de
1060 4545 1134 4600 iacto
1148 4546 1356 4611 impossibiles?

242 4689 340 4774 Resp.
358 4693 387 4756 l.
412 4690 565 4756 Conditio
589 4689 807 4794 impossibilis
833 4691 966 4774 adjecta
988 4693 1205 4759 matrimonio
1233 4695 1377 4758 hahetur

363 4818 407 4867 ur.
694 4855 698 4862 .
1197 4803 1217 4867 6
1252 4795 1255 4802 ’
