3418 5566
551 581 639 628 arasa
661 577 790 634 currrus
811 577 1030 648 oscasrsumr.
1265 615 1267 619 .
1325 562 1381 630 301

213 698 293 783 quia
306 695 361 765 tali
378 697 534 781 ingressu
550 697 722 764 catholicis
736 699 906 780 praebetur
920 716 1025 779 grave
1040 695 1247 772 scandalum,
1264 701 1298 762 et
1311 697 1383 782 ipse

210 807 405 888 ingrediens
415 825 505 889 saepe
517 805 850 888 incurritpericulum
862 805 1101 888 perversionis.
1114 805 1284 869 Diximus:
1296 807 1385 870 «sal-

210 920 280 978 tem
289 918 441 998 tempore
450 915 686 979 celebrationis
699 913 1013 996 superstitiosorum
1026 913 1190 988 rituum»,
1199 930 1280 977 nam
1289 920 1384 980 extra

208 1021 290 1086 illud
306 1028 451 1105 tempus,
468 1024 496 1086 si
511 1023 599 1087 absit
612 1020 808 1086 scandalum
820 1019 1051 1103 etpericulum
1061 1020 1300 1103 perversionis‚
1314 1040 1383 1088 non

209 1131 274 1194 erit
286 1130 430 1196 mortale
446 1148 487 1194 ea
500 1130 667 1194 invisere:
686 1127 746 1192 sed
761 1129 936 1209 ingressus
950 1146 993 1192 ex
1002 1146 1098 1192 mera
1107 1127 1302 1192 curiositate
1317 1130 1384 1194 iao

209 1243 264 1301 tus
289 1237 514 1303 non'videtur
541 1235 706 1301 excedere
729 1233 881 1312 veniale;
908 1237 978 1302 imo
1000 1236 1029 1298 si
1049 1235 1127 1299 linis
1148 1241 1240 1300 esset
1259 1238 1381 1314 bonus,

209 1345 257 1408 sic
268 1345 463 1426 ingrediens
475 1349 612 1408 vacaret
624 1342 732 1426 culpa.

250 1454 279 1534 b)
294 1452 494 1516 Prohibetur
515 1452 778 1516 communicatio
797 1450 833 1514 in
852 1451 1013 1515 humenis
1029 1469 1090 1516 seu
1108 1453 1259 1534 prolenis
1279 1453 1316 1517 in
1332 1471 1384 1518 se-

210 1562 391 1644 quentibus
405 1561 539 1626 casibus
556 1581 562 1622 :
581 1560 612 1623 1ο
626 1561 700 1624 Non
715 1558 839 1624 debent
857 1559 1031 1624 christiani
1047 1561 1232 1626 cohabitari
1245 1559 1380 1643 Judaeis,
1430 1603 1433 1610 .

208 1669 442 1733 multominus
456 1670 656 1734 contrahere
668 1669 936 1745 matrimonium,
951 1687 1014 1733 nec
1024 1669 1146 1734 eodem
1158 1670 1315 1734 conmvio
1327 1670 1382 1732 vel

209 1774 332 1841 balneo
346 1795 424 1841 cum
440 1777 489 1841 eis
505 1776 555 1840 uti
562 1776 602 1856 (c.
615 1777 635 1839 5
647 1776 719 1858 huj.
732 1776 793 1851 tit,
810 1777 898 1858 etc).
911 1777 1008 1840 Ratio
1025 1780 1087 1852 est,
1103 1777 1181 1858 quia
1192 1794 1292 1842 secus
1304 1793 1383 1840 cum

211 1883 258 1946 eis
269 1885 511 1948 contraherent
520 1883 794 1958 familiaritatem,
805 1887 843 1946 et
853 1883 901 1947 sie
911 1883 1383 1967 exsurgeretpericulumper-

208 1991 385 2068 versionis,
402 1990 458 2055 vel
473 1992 656 2056 laederetur
674 1989 822 2071 dignitas
842 1990 1017 2072 religionis
1036 1991 1238 2056 christiana.
1256 1991 1383 2054 Tamen

208 2083 388 2180 prohibitio
405 2097 814 2179 cohabitationisintelligi
824 2098 925 2163 debet
932 2098 973 2162 de
988 2098 1132 2162 infirmis
1147 2117 1293 2181 quorum
1306 2100 1382 2163 sub-

208 2207 320 2271 versio
342 2207 452 2271 timeri
472 2207 596 2290 possit;
614 2206 675 2271 sed
695 2223 832 2289 semper
853 2205 992 2272 vitanda
1011 2210 1063 2270 est
1075 2193 1297 2284 familiaritas,
1316 2205 1381 2270 nisi

209 2318 329 2394 agatur
344 2313 385 2378 de
400 2315 554 2396 personis
570 2331 646 2396 quae
662 2319 743 2377 sunt
756 2314 791 2376 in
804 2313 871 2377 ilde
885 2307 1090 2378 firmissimae
1106 2318 1141 2380 et
1155 2315 1277 2397 quibus
1290 2332 1382 2379 com-

208 2420 352 2485 missum
377 2426 429 2486 est
450 2440 577 2486 munus
598 2421 821 2486 convertendi
838 2420 992 2503 judaeos;
1015 2421 1081 2485 illis
1104 2423 1380 2504 predicatoribus

208 2547 277 2594 nou
291 2531 515 2612 prohibentur
529 2531 631 2596 etiam
648 2531 805 2595 convivia
819 2534 854 2593 et
875 2529 940 2594 alia
960 2530 1220 2596 communicatio
1233 2532 1378 2614 politica.

208 2635 391 2703 Prohibitio
408 2639 600 2704 communis
620 2638 732 2704 balnei
753 2638 853 2703 debet
869 2638 972 2702 etiam
991 2637 1133 2720 intelligi
1155 2639 1197 2703 de
1214 2658 1295 2705 casu
1313 2660 1380 2726 quo

206 2746 417 2812 familiaritas
433 2748 586 2812 contrabi
600 2753 727 2830 posset,
745 2764 815 2812 non
827 2747 962 2830 proprie
979 2748 1020 2812 de
1036 2765 1199 2831 casuque
1219 2751 1381 2832 reperire-

208 2858 264 2917 tur
282 2855 485 2919 ohristianus
504 2873 583 2919 cum
598 2855 714 2938 judaeo
733 2855 769 2918 in
790 2855 912 2918 balneo
932 2855 1067 2937 publico
1089 2854 1281 2920 ubimulta
1301 2861 1382 2921 sunt

208 2979 375 3043 persona.
392 2963 424 3026 Ψ
439 2962 513 3027 Non
537 2962 662 3027 debent
677 2964 727 3026 'uti
747 2963 880 3028 medico
897 2963 1013 3046 judaeo
1027 2963 1083 3028 vel
1103 2963 1280 3028 medicinis
1295 2967 1381 3047 aju-

208 3067 282 3134 daeo
295 3071 468 3148 coniectis,
481 3071 546 3135 nisi
562 3071 747 3135 necessitas
763 3070 854 3135 aliud
867 3071 1009 3136 suadeat
1019 3074 1058 3150 (c.
1071 3071 1171 3153 bbuj.
1188 3073 1261 3154 tit).
1274 3072 1381 3137 Habe-

209 3181 264 3241 tur
277 3179 473 3254 necessitas,
492 3179 627 3262 quando
640 3198 673 3241 v.
691 3198 725 3260 g.
742 3178 856 3242 bubus
871 3177 957 3244 alius
971 3179 1124 3243 medicus
1140 3197 1237 3263 aeque
1251 3181 1380 3262 peritus

207 3285 324 3350 baberi
338 3289 466 3369 potest,
488 3284 544 3351 vel
559 3287 587 3350 si
603 3287 713 3351 morbi
731 3287 881 3368 gravitas
901 3287 1017 3350 multis
1037 3286 1178 3370 medicis
1199 3288 1378 3370 indigeret.

207 3393 239 3455 3ο
253 3394 325 3458 Non
346 3395 473 3460 debent
487 3396 536 3459 cis
550 3395 722 3472 famulari,
738 3396 887 3460 maxime
902 3395 991 3460 intra
1006 3394 1126 3460 domos
1142 3413 1261 3460 eorum
1275 3397 1331 3460 vel
1345 3398 1380 3461 in

208 3520 384 3586 synagoga
403 3505 444 3585 (c.
466 3505 497 3579 ὃ,
514 3504 619 3587 ilhuj.
642 3505 716 3586 tit).
742 3504 890 3569 Possunt
912 3509 1027 3570 tamen
1044 3505 1093 3568 eis
1111 3502 1222 3570 locare
1245 3523 1377 3587 operas,

207 3628 240 3674 v.
256 3628 289 3691 g.
305 3610 347 3674 ad
361 3610 522 3676 colendos
537 3629 649 3693 agros,
666 3611 807 3676 domum
823 3612 1077 3688 exstruendam,
1099 3631 1141 3676 ex
1161 3631 1188 3676 c.
1205 3613 1309 3694 ibuj.
1327 3613 1377 3676 tit.

206 3716 240 3778 4⁰
253 3716 430 3796 Christiani
447 3737 517 3783 non
538 3720 664 3783 debent
681 3718 808 3808 habere
824 3719 979 3801 judeum
997 3718 1165 3783 famulum
1186 3709 1243 3803 qui
1258 3721 1302 3783 sit
1322 3719 1379 3785 do·

209 3825 372 3890 mesticus
392 3826 566 3892 familiaris
581 3827 665 3910 (can.
683 3827 722 3890 il
741 3830 776 3891 et
796 3845 880 3918 seq,
900 3827 940 3890 28
953 3827 1024 3909 huj.
1043 3827 1121 3908 tit.);
1145 3845 1243 3892 secus
1262 3827 1291 3891 si
1309 3847 1379 3893 non

207 3933 267 3996 liat
280 3934 497 3998 domesticus.
514 3936 611 3999 Ratio
631 3935 869 4018 prohibitionis
890 3939 952 4009 est,
968 3935 1047 4018 quia
1056 3935 1163 4017 judael
1176 3935 1285 4000 dolosi
1300 3941 1380 4000 sunt
1449 3986 1453 3995 .

207 4046 242 4106 et
255 4042 444 4130 periculum
457 4045 686 4125 perversioris
701 4045 868 4108 allcrunt:
888 4063 963 4127 quae
978 4044 1064 4107 ratio
1079 4061 1158 4107 cum
1172 4062 1243 4107 non
1263 4061 1379 4126 proce-

207 4149 324 4214 datde
345 4150 537 4236 sarracenis
553 4157 588 4215 et
601 4151 674 4216 aliis
689 4151 893 4225 infidelibus,
909 4155 1022 4233 potest
1031 4151 1233 4214 christianus
1252 4150 1377 4216 habere
1426 4193 1428 4198 ,
1506 4222 1507 4225 Ἴ

207 4275 345 4321 servum
360 4257 593 4322 sarracenum.
610 4259 642 4321 5ο
657 4257 812 4322 Mulieres
827 4258 1018 4323 christianae
1032 4276 1101 4322 non
1112 4256 1238 4321 debent
1248 4258 1377 4321 nutrire

207 4369 241 4428 et
262 4363 386 4429 lactare
405 4365 531 4430 liberos
548 4365 753 4447 iudaeorum,
771 4365 837 4430 nisi
856 4365 891 4429 in
906 4383 986 4430 casu
1008 4366 1120 4447 gravis
1141 4365 1375 4429 necessitatis:

208 4491 305 4538 secus
336 4473 496 4537 mulieres
524 4473 858 4538 excommunicanda
883 4477 964 4537 sunt
991 4475 1029 4555 (c.
1062 4475 1092 4548 a,
1119 4473 1138 4536 8
1165 4473 1236 4555 huj.
1268 4473 1317 4536 tit.
1344 4477 1378 4536 et

205 4585 313 4646 const.
333 4581 418 4646 Cum
432 4583 522 4646 enim
537 4581 629 4646 Pauli
641 4582 703 4663 lv).
720 4581 921 4646 Benedictus
935 4580 1015 4656 XIV,
1027 4581 1061 4643 in
1071 4581 1155 4663 Spa.
1169 4580 1278 4660 dimo,
1289 4580 1311 4643 l.
1322 4581 1374 4660 vt,

207 4707 235 4754 c.
253 4709 293 4768 ιν,
310 4709 342 4754 n.
359 4691 389 4768 2,
405 4689 477 4756 bac
491 4691 670 4756 continuat
683 4691 785 4755 variis
797 4691 942 4772 juribus,
959 4693 1082 4772 praeter
1096 4689 1206 4753 citata.
