3412 5570
499 575 587 624 11111
608 573 736 632 ouranos
758 573 980 624 nacnsrlnou.
1263 555 1344 625 441

156 691 184 758 si
197 686 375 760 commode
387 692 461 757 lieri
476 693 584 776 possit
597 699 632 758 et
645 694 801 760 minister
811 695 952 778 justitie
966 711 1036 760 nou
1050 693 1196 760 adfuerit
1210 696 1267 780 qui
1282 717 1325 762 ex

156 803 267 867 ofsscio
282 802 347 865 hoc
359 801 470 867 iaciat.

127 973 129 978 χ
194 911 336 976 Licitum
352 915 404 975 est
415 914 531 994 petere
547 930 568 976 a
582 928 664 993 saga
677 917 711 978 et
720 912 886 990 malofico,
902 917 940 977 ut
955 911 1051 996 signa
1065 911 1160 979 tollat
1175 920 1208 978 11
1221 914 1326 982 male·

156 1019 271 1083 licium
292 1018 416 1095 solvat,
439 1020 575 1103 quando
598 1020 684 1085 solvi
704 1025 818 1104 potest
836 1021 908 1086 siue
935 1039 1026 1088 novo
1049 1023 1226 1101 maleficio,
1249 1025 1328 1109 quia

156 1149 229 1195 rem
244 1129 336 1195 illam
349 1129 422 1194 siue
437 1137 574 1214 peccato
589 1131 763 1198 maleficus
777 1134 887 1198 lacere
904 1137 1035 1216 potest;
1057 1151 1154 1198 secus
1173 1135 1202 1198 si
1216 1135 1329 1218 requi-

157 1242 289 1302 reretur
311 1255 442 1303 novum
461 1238 677 1316 maleficium,
706 1240 785 1324 quia
807 1259 877 1304 non
901 1243 981 1304 sunt
1002 1240 1156 1306 facienda
1180 1241 1269 1306 mala
1291 1245 1329 1306 ut

157 1346 299 1410 veniant
311 1347 412 1423 bona,
429 1350 468 1410 ut
479 1349 552 1430 jam
567 1349 839 1431 supradiximus.

198 1461 224 1542 c)
242 1459 355 1523 Poense
374 1476 554 1541 magorum
579 1465 746 1525 eteorum
762 1461 819 1545 qui
836 1461 941 1526 libros
958 1462 998 1526 de
1014 1461 1072 1526 tali
1087 1465 1230 1529 materia
1246 1468 1330 1530 trao-

158 1571 269 1631 tantes
291 1566 406 1631 edunt.
429 1566 479 1630 llli
499 1567 726 1649 subjiciuntur
747 1571 968 1652 sequentibus
984 1570 1094 1652 poenis
1116 1591 1123 1632 :
1146 1573 1177 1635 1ο
1190 1572 1237 1637 De
1251 1575 1329 1655 jure

158 1674 331 1752 cononice,
343 1674 715 1752 incurruntinsamiam,
730 1696 773 1741 ex
787 1695 860 1742 can.
877 1679 907 1756 9,
919 1679 1059 1754 1111113,
1078 1699 1108 1762 q.
1120 1680 1160 1756 e;
1176 1679 1329 1763 adeoque

156 1802 177 1847 a
192 1782 387 1848 testimonio
402 1784 891 1867 etaccusationerepelluntur3
909 1787 936 1849 si
951 1787 1019 1850 siut
1033 1786 1154 1863 cleriei,
1167 1787 1329 1852 abollloio

157 1897 192 1957 et
205 1893 371 1956 beneflcio
388 1890 511 1974 deponi
526 1891 652 1956 debent
667 1897 701 1958 et
720 1894 756 1957 iu
770 1911 941 1958 carcerem
958 1895 1092 1960 detrudi
1104 1897 1188 1977 (can.
1205 1895 1235 1972 4,
1251 1897 1281 1972 5,
1297 1897 1327 1972 6,

117 2015 120 2024 ·
155 2019 258 2066 causa
270 2001 321 2076 16,
336 2020 367 2084 q.
379 2000 421 2082 1).
440 1999 565 2064 Omnes
581 2000 668 2065 afssoi
682 2004 1330 2084 possuntoensurisecclesiasticis,item

155 2127 257 2193 poeua
268 2109 542 2175 incarcerationis
553 2108 695 2193 aliisque
706 2109 939 2194 similibuspro
949 2112 1109 2194 qualitate
1123 2112 1244 2176 delicti.
1257 2112 1330 2178 lmo

152 2217 261 2301 judex
277 2217 523 2282 ecclesiasticus
538 2221 652 2300 potest
667 2216 707 2281 de
719 2219 797 2300 Jure
805 2219 979 2284 communi
992 2219 1067 2285 illos
1081 2220 1214 2284 tradere
1228 2220 1330 2284 curiae

156 2326 328 2401 saeoularm
350 2325 378 2388 si
392 2325 577 2390 tradendus
594 2326 637 2390 sit
649 2325 807 2403 clericus,
825 2327 927 2392 debet
947 2327 1125 2409 degradari
1147 2334 1331 2412 antequam

157 2434 318 2499 tradatur.
346 2433 464 2498 Modus
484 2433 689 2516 procedendi
710 2434 956 2499 determinatur
975 2435 1010 2499 in
1033 2436 1331 2500 constitutionibus

157 2541 229 2604 lnn.
242 2541 323 2618 Vlll,
340 2560 414 2625 quae
425 2541 542 2623 incipit
556 2560 563 2603 ι
580 2541 742 2620 Summis,
756 2545 790 2606 et
798 2541 919 2606 Leonis
933 2542 973 2619 X,
984 2542 1167 2626 incipiente
1183 2540 1331 2608 :Hones-

158 2649 248 2726 tetis,
272 2648 306 2713 11
329 2649 427 2730 Greg.
451 2647 521 2713 XIV
540 2647 768 2733 Omnipotens.
792 2648 915 2726 Delrio,
939 2651 996 2733 qui
1017 2652 1091 2716 fuse
1112 2651 1153 2716 de
1169 2653 1279 2732 magis
1298 2655 1333 2715 et
1455 2657 1461 2664 “

159 2755 340 2837 sortilegiis
364 2760 485 2820 tractat
507 2755 544 2818 iu
564 2756 648 2839 disp.
671 2775 761 2837 mag.
778 2755 800 2818 1.
817 2756 854 2834 V,
872 2775 899 2821 s.
920 2759 969 2835 16,
993 2759 1139 2832 formam
1154 2761 1331 2824 sententie

158 2869 276 2928 contra
296 2863 469 2929 maleficos
488 2863 638 2928 terendae
661 2869 695 2929 et
718 2864 909 2930 traditionis
930 2867 973 2931 ad
986 2867 1116 2932 curiam
1135 2868 1333 2933 secularem

158 2971 321 3036 faciendae
337 2972 484 3036 exhibet.

200 3077 232 3143 2⁰
261 3080 309 3144 De
330 3082 407 3163 jure
435 3080 523 3144 civili
546 3081 699 3165 antiquo,
723 3099 825 3163 poena
847 3079 950 3165 gladii
970 3083 1153 3150 constituta
1174 3091 1257 3150 erat.
1286 3081 1335 3150 Ex

161 3188 402 3253 constitutione
417 3188 511 3252 crim.
535 3187 643 3252 Caroli
657 3189 694 3266 V,
712 3207 786 3272 qnae
802 3190 911 3271 viguit
925 3191 960 3253 in
975 3191 1151 3275 Hispania,
1166 3193 1281 3275 Belgio
1301 3198 1335 3258 et

163 3299 234 3360 toto
242 3295 386 3378 imperio
395 3297 559 3372 Romarm,
570 3297 624 3378 qui
635 3314 714 3360 cum
725 3296 849 3361 damno
862 3298 950 3362 tertii
961 3301 1332 3382 exercebantmagiam,

164 3408 261 3468 erant
274 3404 353 3485 igne
368 3404 557 3480 cremandi;
574 3404 656 3468 dum
671 3409 787 3468 autem
802 3405 874 3470 sine
891 3403 1036 3470 aliorum
1051 3407 1175 3471 damno
1189 3407 1252 3472 hac
1262 3413 1333 3472 arte

163 3511 356 3590 utebantur,
377 3512 540 3595 puniendi
563 3516 659 3576 erant
676 3529 779 3596 poena
798 3514 982 3592 arbitraria,
1004 3535 1036 3580 v.
1059 3535 1092 3596 g.
1116 3516 1335 3598 relegationis

165 3619 220 3684 vel
241 3619 380 3684 alterius
395 3620 557 3704 supplicii.
582 3619 619 3684 ln
631 3623 708 3703 jure
732 3621 921 3698 recentiori,
943 3621 1036 3688 nulla
1050 3624 1217 3706 reperitur
1234 3643 1336 3707 poena

166 3732 283 3793 contra
297 3747 416 3811 magos
430 3728 509 3806 lata,
522 3733 556 3792 11
565 3728 630 3792 hoo
642 3728 769 3792 mirum
783 3747 853 3794 non
869 3735 930 3808 est,
948 3749 1026 3794 cum
1039 3730 1190 3815 plerique
1203 3731 1336 3814 legisla-

166 3842 258 3902 tores
273 3835 530 3920 possibilitatem
544 3836 647 3919 hujus
662 3836 812 3902 criminis
824 3856 896 3902 non
910 3839 1089 3904 admittant
1102 3839 1159 3922 (cf.
1176 3839 1230 3917 lll,
1248 3844 1286 3918 1).

205 3947 238 4008 3⁰
253 3945 386 4009 Crimen
400 3944 534 4025 magice,
551 3944 637 4008 sicut
652 3948 688 4008 et
706 3944 869 4026 sortilegii
890 3951 949 4010 aut
967 3946 1137 4024 maleficii,
1160 3950 1337 4031 subjicitur

166 4053 341 4138 speciatim
362 4052 468 4134 judici
491 4051 728 4130 ecclesiastice,
756 4055 794 4115 ut
818 4051 987 4134 colligitur
1011 4075 1054 4119 ex
1079 4055 1171 4120 bulla
1196 4057 1283 4123 Coett
1304 4065 1337 4120 et

165 4172 262 4226 terre
286 4161 369 4225 sixti
387 4161 424 4224 V.
445 4160 561 4244 ltaque
580 4159 799 4244 inquisitores
817 4161 986 4227 habebant
1004 4163 1201 4229 facultatem
1221 4182 1337 4249 proce·

167 4271 268 4335 dendi
291 4275 409 4336 eontra
432 4271 621 4352 sortilegos,
643 4289 776 4354 magos,
792 4273 1009 4349 divinatores,
1026 4273 1177 4356 aliosque
1196 4273 1334 4349 similes,

167 4379 390 4444 etiamlaicos.
407 4379 533 4444 Tamen
541 4378 624 4444 illud
632 4380 761 4445 crimen
773 4380 813 4444 de
830 4401 866 4445 se
880 4385 932 4445 est
945 4381 1043 4445 mixti
1057 4383 1133 4458 fcri;
1149 4381 1240 4445 uude
1253 4381 1337 4447 illud

166 4489 288 4572 punire
309 4492 423 4573 potest
442 4488 546 4552 etiam
561 4489 670 4572 judex
687 4488 869 4566 saecularis,
890 4491 969 4573 quia
990 4493 1043 4554 est
1063 4490 1189 4573 pariter
1208 4489 1338 4556 11111111

168 4599 286 4661 contra
301 4591 517 4661 securitatem
532 4594 702 4662 societatis
716 4595 839 4673 civilis3
856 4598 916 4661 sed
931 4614 1002 4662 uon
1016 4601 1129 4680 potest
1140 4596 1260 4682 punire
1274 4596 1337 4664 ole-

169 4705 257 4771 ricos
272 4703 463 4787 sortilegos,
477 4707 553 4782 etc,
570 4709 709 4790 propter
727 4705 979 4772 immunitatem
993 4705 1263 4774 ecclesiasticam.
