3418 5566
532 599 620 646 crasa
640 599 765 654 surmus
785 595 1005 644 nacasrlnmt.
1299 579 1358 648 335

188 713 374 780 voluntatis
389 733 425 780 se
440 714 653 800 subjicereR.
667 717 820 784 Pontillci
835 716 995 794 nolentis,
1007 717 1162 801 quamvis
1172 735 1242 782 uon
1254 723 1360 800 neget

187 816 225 881 R.
240 817 438 884 Pontiilcem
452 838 528 884 esse
539 821 719 904 primatem
734 823 838 886 totius
853 820 1018 886 Ecclesiae.

226 927 260 990 Ψ
273 927 425 993 Schisma
439 930 655 1011 conjunctum
670 948 744 994 cum
768 930 889 994 heresi
902 935 955 994 est
970 929 1071 1014 quod,
1085 935 1208 1014 praeter
1226 950 1360 1017 separa·

188 1033 317 1100 tionem
337 1035 380 1100 ah
400 1034 556 1112 Ecclesia,
578 1037 719 1121 insuper
736 1037 773 1103 in
787 1037 854 1102 ilde
874 1037 1042 1116 dissentit,
1067 1043 1106 1103 ut
1120 1039 1149 1104 si
1168 1041 1255 1124 quis,
1273 1060 1306 1105 v.
1323 1060 1357 1122 g.

188 1141 372 1224 denegaret
393 1144 622 1210 obedientiam
645 1144 741 1210 Rom.
759 1144 922 1222 Pontifici,
940 1145 1020 1231 quia
1045 1164 1116 1212 non
1130 1147 1237 1213 eredit
1258 1148 1373 1214 Rom.¹

187 1247 385 1316 Pontiilcem
400 1269 475 1317 esse
490 1251 654 1318 vicanum
666 1252 788 1316 Christi
802 1257 837 1316 et
850 1258 951 1334 caput
964 1251 1131 1318 Ecclesia.

513 1442 554 1494 111.
574 1440 628 1504 Qul
642 1440 700 1495 sint
712 1441 757 1496 rel
771 1453 828 1496 non
842 1439 1035 1496 schismatici?

228 1589 276 1658 Ex
290 1591 398 1673 dictis,
409 1613 471 1678 per
484 1596 627 1662 modum
640 1595 819 1674 corollarii,
837 1595 977 1662 delinire
988 1613 1174 1679 possumus
1188 1615 1196 1661 ε

229 1702 262 1784 o)
285 1701 353 1783 Qut
371 1704 438 1768 sint
461 1703 673 1770 schismatici.
702 1705 734 1768 1⁰
760 1703 954 1770 Generatim
976 1703 1180 1770 schismatici
1206 1712 1287 1771 sunt
1309 1706 1359 1772 illi

191 1809 356 1877 duntaxat
367 1813 424 1896 qui
438 1812 603 1878 recedunt
615 1831 636 1878 a
650 1813 743 1878 Sum.
760 1813 932 1890 Pantitae,
946 1814 977 1878 ei
992 1814 1150 1895 negando
1163 1813 1288 1882 directe
1304 1819 1360 1884 vel

188 1919 351 1985 indirecte
366 1921 594 1987 reverentiam
609 1926 644 1986 et
655 1920 883 1986 obedientiam
899 1920 1061 1998 dehitam;
1079 1929 1209 2003 negant
1221 1924 1358 2004 directe,

190 2027 248 2110 qui
263 2045 422 2112 expresse
438 2033 472 2092 et
485 2029 672 2102 formaliter
683 2027 865 2092 intendunt
883 2047 954 2093 non
971 2046 1008 2092 se
1021 2029 1235 2111 subjicerell.
1248 2031 1360 2099 Ponti-

189 2133 255 2212 fici,
273 2140 312 2198 ut
327 2135 510 2220 superiori3
529 2136 702 2213 indirecte,
723 2136 781 2220 qui
795 2137 883 2202 iacto
899 2136 1012 2220 aliquo
1027 2137 1214 2202 ostendunt
1230 2157 1266 2204 se
1289 2160 1360 2206 non

189 2261 433 2326 recognoscere
444 2243 604 2308 eumdem
617 2242 815 2308 Pontificem
829 2248 867 2307 ut
880 2243 1103 2327 superiorem,
1123 2245 1265 2314 domita
1284 2268 1361 2314 sese

189 2357 315 2433 gerunt
328 2370 367 2417 ao
381 2353 409 2416 si
424 2352 456 2416 ei
475 2351 617 2435 subjecti
631 2369 701 2418 non
717 2357 850 2417 essent:
869 2358 903 2418 et
918 2352 993 2417 talis
1005 2351 1267 2438 censereturqui
1279 2375 1362 2440 prae·

156 2463 161 2471 '
191 2463 479 2547 sumeretabsque
488 2461 601 2526 debita
610 2461 809 2528 auctoritate
819 2479 1028 2544 congregare
1037 2463 1218 2529 concilium
1229 2465 1362 2532 univer-

191 2566 272 2647 sale,
288 2570 345 2635 vel
358 2569 543 2654 appellaret
555 2568 598 2634 ad
610 2567 790 2634 concilium
808 2570 1011 2648 universale,
1026 2572 1081 2636 cui
1095 2572 1201 2638 nollet
1214 2591 1362 2657 praesse
1481 2555 1484 2562 ⁴

192 2676 229 2742 R.
246 2677 453 2766 Pontificem.
471 2676 574 2742 Secus
588 2677 616 2740 si
629 2678 813 2762 appellaret
827 2677 870 2743 ad
885 2678 1077 2758 concilium,
1089 2681 1143 2745 cui
1153 2683 1359 2765 praessetR.

192 2784 357 2851 Pontifex.
367 2785 519 2850 Primum
529 2788 582 2850 est
590 2785 797 2869 prohibitum
810 2787 873 2850 suh
880 2805 983 2869 poena
990 2789 1360 2857 excommunicationis.

231 2895 264 2958 Ψ
282 2894 466 2980 Speciotim
478 2899 517 2959 ut
528 2894 659 2978 aliquis,
672 2896 952 2979 auteapertinens
962 2896 1006 2961 ad
1018 2899 1184 2968 unitatem
1195 2896 1361 2982 Ecclesiae,

193 3010 231 3070 ut
250 3007 463 3091 supponitur,
484 3025 564 3071 vere
580 3009 615 3070 et
626 3006 761 3089 proprie
783 3004 914 3070 dicatur
936 3011 969 3070 at
985 3006 1029 3070 sit
1047 3007 1291 3088 schismaticus,
1313 3029 1364 3076 re·

193 3116 338 3199 quiritur
366 3117 399 3180 l⁰
419 3121 458 3180 ut
483 3116 620 3182 recedat
638 3115 710 3180 sive
739 3116 781 3180 ab
797 3114 991 3182 ohedientia
1007 3116 1040 3179 S.
1057 3115 1238 3196 Pontillcis,
1261 3138 1365 3204 quem

193 3227 348 3306 agnoscit
361 3229 400 3289 ut
412 3242 515 3290 verus
528 3224 694 3301 Pontifex,
707 3223 777 3288 sive
789 3223 1059 3290 acommuuione
1069 3230 1271 3292 caeterorum
1282 3229 1364 3294 ilde-

193 3332 289 3412 lium,
305 3353 373 3418 qua
387 3333 520 3411 talium;
535 3335 568 3397 Ψ
583 3340 622 3399 ut
631 3333 686 3398 hic
699 3349 855 3399 recessus
869 3335 1072 3417 conjunctus
1081 3335 1210 3401 sitcum
1218 3337 1364 3420 pertina-

194 3443 255 3520 cia,
272 3449 306 3508 et
319 3444 379 3508 ilat
389 3461 451 3526 per
466 3445 580 3508 actum
595 3441 746 3508 formalis
760 3441 1010 3508 inobedientiae.

235 3549 262 3636 t)
278 3551 495 3619 Scitanotici
502 3553 637 3637 proprie
647 3569 715 3617 nou
729 3560 833 3618 sunt:
854 3553 885 3616 Ψ
901 3553 959 3637 qui
974 3550 1138 3620 recedunt
1150 3555 1191 3620 ab
1207 3550 1364 3622 obedien·

193 3661 241 3726 tia
255 3660 356 3725 unlus
369 3660 516 3744 episcopi
532 3665 566 3726 et
579 3661 734 3726 dioecesis
748 3661 1066 3740 communicatione,
1088 3657 1273 3731 dommodo
1292 3681 1365 3750 per·
1483 3732 1486 3738 ,

195 3770 410 3835 severentia
431 3770 626 3835 obedientia
648 3771 680 3834 S.
705 3770 875 3836 Pontificio
899 3775 934 3835 et
955 3772 1146 3852 generatim
1173 3773 1364 3856 inanitate

194 3877 442 3943 communionis
459 3882 493 3943 et
504 3878 681 3959 regiminis
701 3895 781 3942 cum
801 3878 984 3942 universali
1004 3878 1160 3946 Ecclesia.
1182 3881 1279 3947 Ratio
1300 3886 1363 3962 est,

196 3986 275 4070 quia
287 3985 433 4073 schisma
445 3987 606 4069 importat
618 3986 867 4069 separationem
890 3987 932 4051 ab
949 3985 1096 4052 Ecclesia
1118 3988 1292 4055 catholica.
1308 3989 1366 4055 Ta-

195 4111 276 4157 meu
289 4093 402 4159 inlata
416 4094 662 4175 significatione
674 4093 836 4159 dicuntur
848 4093 1064 4159 schismatici.
1310 4086 1313 4094 ’

236 4201 268 4265 Ψ
283 4202 346 4278 Qui
359 4201 430 4284 agit
448 4201 663 4268 solummodo
678 4207 796 4268 contra
808 4208 1018 4286 praecaptum
1033 4201 1089 4267 vel
1102 4203 1366 4287 prohibitionem

198 4307 230 4376 S.
249 4309 430 4386 Pontificio,
447 4326 488 4374 eo
502 4309 594 4393 quod
606 4309 671 4393 ipsi
685 4310 820 4375 videtur
838 4310 972 4376 difficile
995 4317 1029 4376 et
1049 4311 1184 4390 durum,
1209 4311 1266 4376 vel
1289 4331 1367 4376 con-

197 4424 249 4485 tra
262 4415 432 4484 Pontiilcis
446 4422 661 4502 potestatem.
684 4415 816 4483 Etenim
839 4416 894 4484 hic
916 4419 1026 4485 adhuc
1042 4424 1156 4502 potest
1180 4438 1366 4500 agnoscere

197 4521 322 4611 Papam
335 4531 497 4612 tanquam
520 4532 622 4610 caput
641 4521 806 4604 Ecclesia,
830 4532 865 4592 et
887 4546 1064 4594 remanere
1084 4528 1120 4592 in
1135 4527 1264 4593 unitata
1279 4530 1368 4612 regi-

197 4636 299 4700 minis
312 4635 612 4702 etcommunionis.
623 4634 740 4721 ltaque
750 4635 1213 4720 estduntaxattransgressor
1223 4637 1366 4724 alicujus

198 4745 356 4830 praecepti
371 4743 596 4812 ecclesiastici.
