3418 5566
397 517 458 586 356
554 595 555 598 Ἴ
625 577 630 603 ,
856 535 906 584 ros
926 521 1106 586 arronem.

397 655 571 740 publicum
579 651 760 720 societatis.
772 652 804 716 Ψ
814 651 883 718 lloc
898 658 950 718 est
961 655 1109 720 maxime
1119 655 1303 720 adversum
1311 653 1411 722 saluti
1421 659 1570 736 aeternae,

397 766 477 850 quia
499 763 642 830 adulteri
664 763 736 826 sine
752 763 948 846 punitentia
969 768 1003 828 et
1021 764 1242 829 sacramentis
1262 769 1488 831 morerentur.

435 873 547 957 Aliqui
566 872 746 946 affirmant,
767 871 846 953 qnia
868 871 924 934 isti
938 870 1110 937 criminosi
1132 870 1332 956 plerumque
1352 876 1572 957 nequeunte
1702 947 1703 960 ἦ

312 969 315 978 ’
394 981 526 1066 privata
537 979 736 1045 auctoritate
750 976 893 1042 detineri
908 983 943 1042 et
951 978 1056 1061 judici
1073 978 1159 1044 tradi
1173 999 1180 1056 ;
1196 978 1317 1045 etideo
1333 981 1572 1064 statimpotest
1702 995 1703 1000 ’

365 1128 369 1135 -
394 1107 496 1174 poena
508 1087 639 1162 mortis,
656 1104 676 1151 a
690 1085 822 1170 privato
836 1087 934 1168 cujus
946 1088 1098 1162 interest,
1112 1086 1230 1169 inlligi,
1248 1087 1277 1152 si
1291 1087 1329 1152 in
1342 1088 1499 1170 flagranti
1512 1087 1571 1154 de-

392 1198 473 1263 licto
491 1193 806 1280 deprehendantur3
823 1198 938 1258 tamen
956 1194 1101 1260 charitas
1122 1195 1243 1260 suadet
1268 1214 1344 1262 eam
1365 1197 1570 1263 moderatio·

393 1324 484 1382 nem,
499 1309 538 1370 ut
551 1322 610 1369 reo
629 1302 839 1386 relinquatur
852 1301 1176 1386 poenitentiaelocns.
1187 1303 1247 1367 Jus
1260 1303 1453 1368 Romanum
1467 1304 1572 1368 dabat

391 1415 480 1479 hanc
497 1412 694 1478 facultatem
713 1416 747 1475 et
767 1412 825 1494 jus
841 1409 921 1475 Gall.
947 1411 1019 1492 (art.
1044 1411 1105 1475 342
1119 1405 1198 1477 God'.
1221 1414 1326 1495 poen.)
1345 1417 1484 1478 excusat
1496 1429 1571 1477 nra-
1702 1415 1703 1458 ³

390 1524 494 1588 ritum
510 1519 841 1586 sicinterllcientcm.
1570 1528 1573 1538 ¹

431 1630 607 1714 Sequitur,
632 1626 724 1712 quod
746 1629 902 1712 princeps
930 1632 1078 1712 nequeat
1101 1629 1180 1694 dare
1208 1629 1350 1714 privatis
1372 1630 1570 1696 facultatem

390 1737 567 1805 occidendi
574 1736 820 1814 malefactores,
833 1737 898 1801 nisi
906 1743 985 1820 post
993 1737 1099 1803 latam
1112 1739 1317 1803 sententiam
1327 1758 1334 1801 :
1344 1757 1442 1804 secus
1452 1739 1571 1804 liceret

389 1846 589 1913 auctoritate
598 1845 731 1929 privata
744 1845 895 1911 occidere
910 1845 1102 1922 sceleratos,
1115 1847 1206 1930 quod
1217 1851 1269 1911 est
1280 1848 1420 1913 omnino
1430 1846 1567 1924 falsum,

389 1973 468 2022 cum
482 1955 605 2022 occisio
622 1953 679 2020 illa
692 1973 763 2020 non
782 1959 873 2020 esset
893 1955 1049 2021 ordinata
1071 1955 1275 2022 adsalutem
1296 1955 1400 2022 totins
1413 1973 1570 2023 commu-

389 2063 514 2130 nitatis.

596 2295 613 2368 5
631 2295 665 2352 11.
685 2291 887 2353 Hesiodium
899 2294 1022 2368 pusato
1036 2294 1216 2354 sectamura
1228 2294 1354 2368 sactum.

732 2469 752 2519 Ι.
765 2465 901 2520 Occidens
913 2466 983 2520 alios
993 2481 1024 2518 er
1033 2467 1112 2530 justa
1125 2478 1220 2521 causa.

426 2609 521 2678 Nori.
533 2610 755 2694 Regulariter,
772 2629 874 2676 nemo
887 2613 1162 2697 privatuspotest
1177 2612 1329 2679 occidere
1344 2631 1444 2680 suum
1453 2615 1567 2698 proxi-

386 2739 497 2799 mum,
523 2720 625 2786 etiam
645 2719 902 2803 delinquentem
920 2741 926 2782 :
942 2721 1160 2804 nampunitio
1182 2721 1363 2785 criminum
1377 2725 1507 2805 spectat
1520 2723 1567 2788 ad

385 2828 555 2914 publicam
575 2832 791 2912 potestatem,
808 2845 879 2893 non
900 2846 982 2892 vero
1004 2829 1048 2893 ad
1067 2828 1219 2912 privatos
1242 2829 1410 2894 homines.
1435 2828 1567 2896 'lamen

383 2937 464 3003 licet
482 2938 553 3002 vim
573 2937 608 3000 vi
632 2936 808 3020 repellere,
840 2939 874 3000 et
898 2934 976 3001 ideo
999 2937 1167 3019 injustum
1189 2937 1384 3001 invasorem
1408 2936 1488 3002 licet
1505 2937 1567 3003 ali-

385 3046 521 3132 quando
537 3044 710 3120 oecidere;
727 3045 866 3108 invasor
878 3043 1017 3126 aggredi
1032 3048 1145 3127 potest
1160 3045 1275 3121 vitam,
1296 3046 1387 3110 bona
1400 3046 1561 3122 tortunae,

383 3153 580 3237 pudicitiam
596 3152 653 3218 vel
669 3153 837 3218 honorem
856 3173 863 3214 ι
881 3153 1043 3236 quaeritur
1058 3170 1151 3234 ergo,
1170 3171 1213 3217 an
1224 3152 1325 3217 liceat
1338 3152 1492 3218 occidere
1512 3153 1565 3218 in-

383 3279 552 3338 vasorem,
569 3265 607 3325 ut
620 3260 800 3326 efficaciter
808 3259 1121 3326 detondanturhaec
1136 3261 1252 3326 omnia
1264 3261 1379 3326 bona?

423 3373 457 3454 a)
469 3370 518 3435 Dc
532 3372 686 3434 invasore
701 3371 789 3433 otta.
804 3368 837 3432 Ψ
850 3368 942 3432 Licet
963 3368 1115 3434 occidere
1130 3369 1299 3452 injustum
1321 3385 1563 3451 aggressorem

381 3471 462 3544 vite
480 3477 636 3562 propriae,
652 3480 787 3542 servato
811 3474 1046 3542 moderamine
1062 3477 1242 3560 inculpatae
1263 3476 1391 3553 tutelae,
1407 3495 1488 3543 nam
1503 3478 1563 3542 de·

379 3585 490 3652 fensio
504 3585 582 3648 vitae
595 3583 734 3649 cuilibet
753 3603 773 3648 a
794 3587 918 3649 natura
936 3589 989 3648 est
1008 3585 1186 3666 permissa.
1211 3583 1351 3660 Deinde,
1368 3585 1492 3651 occisio
1505 3583 1560 3648 in-

377 3694 462 3777 justi
486 3694 652 3758 invasoris
675 3697 728 3758 est
744 3693 873 3776 species
894 3693 1113 3770 detensionis,
1140 3697 1233 3758 recto
1257 3693 1367 3758 ordini
1387 3693 1561 3758 charitatis

381 3802 575 3878 conlormis,
594 3820 673 3867 curn
689 3801 792 3867 dictet
805 3818 903 3866 suam
913 3801 1025 3885 potius
1041 3820 1145 3885 quam
1157 3800 1304 3866 alienam
1316 3800 1423 3864 vitam
1431 3800 1561 3866 servari

380 3909 409 3974 si
423 3915 567 3994 utreque
584 3909 713 3974 servari
729 3927 799 3974 non
814 3909 932 3992 possit.

420 4018 485 4084 Sed
498 4018 614 4082 inloro
628 4020 781 4092 externo,
798 4017 887 4080 civili
902 4021 936 4080 et
959 4017 1134 4092 canonico,
1159 4017 1282 4084 occisio
1302 4017 1451 4084 hominis
1474 4031 1560 4100 praa-

380 4127 527 4192 sumitur
539 4124 728 4213 malefacta,
746 4124 860 4189 donec
874 4125 1039 4207 probetur
1058 4126 1201 4209 qualitas
1222 4125 1424 4192 necessariae
1444 4123 1560 4188 deien-

380 4235 485 4301 sionis
500 4237 535 4298 et
549 4231 771 4296 moderamen
789 4213 971 4314 inculpatae
999 4232 1133 4310 tutelae3
1159 4251 1300 4299 necesse
1329 4237 1382 4297 est
1409 4248 1490 4313 argo
1520 4235 1561 4294 ut
1601 4214 1604 4221 ¹

377 4343 552 4427 probetur,
569 4339 601 4403 1⁰
616 4338 708 4423 qnod
729 4339 861 4403 occisus
877 4340 981 4403 luerit
992 4341 1141 4423 injustus
1161 4359 1353 4423 aggressor,
1371 4343 1404 4404 et
1418 4339 1451 4403 Ψ
1465 4337 1558 4424 quod

378 4449 531 4516 defensio
544 4447 648 4512 fuerit
661 4447 917 4530 proportionata
939 4447 1122 4512 offensioni
1143 4452 1178 4511 et
1192 4447 1228 4512 in
1242 4446 1429 4514 confluenti
1455 4446 1555 4520 lacta,

376 4559 426 4623 ita·
438 4562 477 4621 ut
494 4557 634 4620 invasus
647 4553 768 4619 leviori
782 4554 885 4618 modo
901 4572 938 4617 se
954 4553 1137 4620 defendere
1151 4573 1221 4621 non
1235 4554 1394 4640 potuerit.

416 4667 449 4732 Ψ
462 4664 512 4730 Ad
527 4662 762 4730 defensionem
776 4663 855 4728 vita.
866 4661 1005 4728 alterius
1020 4682 1081 4728 ssu
1091 4663 1238 4746 proximi
1250 4662 1451 4743 innocentis,
1464 4660 1557 4742 licet,
