3412 5570
502 660 588 706 uasa
610 659 737 715 QUINTUS
758 659 979 708 DECRETAHUU.

488 1057 491 1063 '
557 1045 780 1124 TITULUS
815 1045 934 1122 XXV.

477 1235 523 1283 uls
555 1234 721 1283 GLERIGO
752 1233 1011 1284 PERCUSSORE·

198 1541 232 1624 o)
245 1539 326 1604 Post
338 1537 559 1603 venationem
574 1537 687 1619 agitru
701 1535 744 1602 de
759 1536 992 1621 percussione,
1013 1554 1089 1622 quse
1107 1537 1211 1602 etiam
1232 1556 1335 1622 oppo-

157 1649 251 1714 nitur
269 1643 525 1712 mansuetudini
538 1661 578 1708 ac
597 1641 776 1710 modestiae
796 1643 952 1710 clericali.
969 1644 1101 1729 Duplex
1115 1645 1336 1727 distinguitur

157 1755 342 1842 percussio,
356 1771 463 1820 manu
475 1751 602 1817 scilicet
616 1754 652 1817 et
663 1751 791 1835 lingua.
805 1752 905 1819 Manu
919 1753 1161 1837 percutientes,
1179 1754 1333 1835 malefici,

156 1867 275 1950 lingua
293 1863 533 1951 percutientes,
560 1861 720 1928 maledici
741 1863 965 1948 appellantur.
993 1861 1032 1928 ln
1053 1863 1213 1947 praesenti
1237 1865 1335 1931 titulo

158 1993 271 2041 sermo
298 1976 351 2040 est
374 1973 416 2038 dc
436 1972 616 2048 maleficis,
642 1971 679 2036 in
698 1971 856 2055 sequenti
873 1970 915 2036 de
936 1970 1122 2036 maledicis.
1140 1971 1337 2055 Specialiter
1358 2035 1362 2046 ,

157 2083 265 2150 cuivis
281 2081 415 2159 clerico,
435 2081 627 2166 praesertirn
644 2081 681 2144 in
701 2081 890 2164 majoribus
908 2080 1106 2158 constituto,
1126 2080 1336 2164 prohibitum

158 2196 211 2256 est
231 2190 367 2269 laicum,
393 2189 496 2256 etiam
520 2188 787 2273 delinquentem,
804 2187 877 2253 sive
896 2185 1046 2264 fidelem,
1062 2187 1135 2252 sive
1147 2187 1334 2266 infidelem,

156 2293 301 2377 propriis
313 2293 471 2358 manibus
481 2296 669 2377 percutere.
683 2289 822 2356 Constat
834 2307 878 2354 ex
889 2289 994 2355 variis
1001 2290 1148 2373 juribus,
1159 2291 1335 2374 speciatim

157 2421 200 2466 ex
218 2419 291 2484 cap.
309 2401 325 2465 1
342 2400 446 2484 hujus
461 2400 512 2464 tit.
526 2403 605 2483 post
619 2417 693 2464 can.
709 2399 725 2463 1
744 2399 821 2474 etl,
836 2397 914 2462 dist.
928 2396 1029 2474 ltin
1042 2415 1114 2481 cap.
1132 2398 1148 2462 1
1163 2398 1333 2480 legimus:

158 2536 174 2570 a
183 2509 217 2575 Si
232 2509 308 2595 quis
317 2511 354 2574 iu
367 2508 481 2593 aliquo
493 2508 603 2589 gradu
612 2525 708 2572 sacro
719 2523 900 2590 percussor
915 2505 1092 2582 exstiterit,
1103 2507 1335 2591 corripiatura

155 2618 309 2696 crimine,
319 2621 353 2682 et
364 2618 392 2680 si
404 2635 440 2681 se
451 2634 522 2681 non
537 2614 783 2692 emendaverit,
797 2614 998 2702 deponatur.
1009 2638 1024 2672 »
1038 2614 1134 2680 Ratio
1146 2617 1219 2697 jam
1234 2633 1335 2698 supe-

155 2729 226 2792 rius
242 2727 319 2793 data
333 2730 386 2792 est
402 2745 410 2790 ι
426 2727 600 2809 percussio
615 2729 786 2807 repugnat
803 2723 1060 2788 mansuetudini
1073 2723 1194 2788 Christi
1215 2728 1250 2789 et
1262 2743 1337 2797 mo-‚

156 2835 273 2901 destiae
291 2833 436 2900 clodoali
456 2853 463 2896 :
487 2833 577 2898 unde
592 2833 772 2928 inlcancue
790 2829 995 2917 Episcopum
1015 2829 1148 2908 dicitur,
1163 2836 1242 2914 post
1261 2849 1337 2915 pro·

153 2943 296 3008 hibitam
305 2940 573 3025 percussionem,
584 2965 600 2999 α
612 2940 691 3024 quia
699 2957 877 3023 nunquam
887 2955 952 3002 nos
963 2937 1150 3004 docuithoc
1158 2938 1334 3005 [lominus.

154 3049 179 3114 E
212 3049 382 3116 conuario
410 3049 481 3132 ipse
514 3065 593 3113 cum
620 3051 864 3130 percuteretur,
895 3067 966 3114 non
995 3047 1225 3132 percutiebat,
1255 3065 1335 3112 cum

154 3157 426 3234 malediceretur,
443 3175 513 3223 uon
523 3155 758 3236 maledicebat,
770 3174 850 3223 cum
861 3161 1046 3242 pateretur,
1058 3174 1129 3222 uon
1147 3155 1335 3222 commina-

154 3267 263 3334 batur.
282 3291 299 3327 a

195 3375 225 3458 d)
241 3375 367 3440 Verum
378 3374 452 3440 haec
465 3375 646 3459 prohibitio
657 3374 897 3441 limitationem
908 3375 1052 3459 patitur;
1069 3392 1150 3440 nam
1165 3373 1333 3458 aliquibus

154 3483 283 3548 clericis
296 3483 471 3566 percussio
485 3482 663 3550 moderata
676 3483 740 3548 sibi
755 3483 970 3586 subditorum
991 3500 1062 3549 nou
1082 3487 1134 3549 est
1150 3471 1330 3567 prohibita.

154 3589 248 3670 Hinc,

195 3700 226 3765 1ο
251 3701 478 3785 Praeceptores
502 3705 537 3766 et
556 3701 711 3783 magistri
733 3701 858 3768 artium
880 3700 1088 3778 liberalium,
1115 3701 1144 3766 si
1166 3701 1272 3768 verba
1295 3703 1330 3766 et

153 3809 256 3873 minae
266 3809 529 3893 nonprossciant,
540 3809 812 3892 possuutvenire
827 3808 871 3874 ad
878 3810 1022 3876 verbera
1030 3808 1217 3885 moderata,
1229 3809 1330 3890 Juxta

153 3933 309 3998 persona
332 3921 367 3980 et
385 3915 493 4000 culpae
515 3916 714 4002 qualitatem
735 3921 769 3981 et
787 3915 943 3982 locorum
963 3916 1259 3982 cousuetudinem.
1280 3915 1331 3981 lta

153 4044 230 4115 can..
245 4026 295 4105 19,
312 4024 389 4090 dist.
404 4026 434 4102 1,
450 4023 492 4089 de
502 4024 641 4104 Poenit.;
656 4029 691 4089 et
706 4009 839 4091 etiamsi
858 4023 1012 4110 discipuli
1022 4025 1222 4102 siutclerici,
1236 4023 1329 4089 valet

154 4133 323 4216 excepti03
341 4150 422 4198 nam
440 4132 469 4196 si
482 4132 660 4198 moderata
674 4138 727 4198 est
739 4135 926 4218 percussio,
942 4139 978 4200 11
994 4151 1097 4200 causa
1110 4132 1330 4198 correctionis

154 4241 199 4305 sit
210 4240 374 4322 legitima,
388 4241 542 4323 magistri
556 4241 765 4322 corrigentes
780 4260 851 4307 uon
864 4244 1043 4308 incurrunt
1057 4225 1331 4306 excommunica-

155 4348 285 4412 tionem
299 4348 451 4424 cauonis,
469 4365 513 4413 ex
533 4365 606 4431 cap.
624 4348 640 4410 1
664 4352 698 4412 11
721 4349 760 4413 10
779 4349 876 4424 1111,
894 4348 936 4414 de
948 4347 1128 4414 Sententia
1146 4365 1329 4428 sacomm.;

156 4456 286 4520 etenim
305 4455 482 4541 percussio
500 4453 559 4521 illa
581 4473 651 4521 uon
675 4456 716 4521 111
738 4455 904 4523 suadente
925 4454 1071 4535 diabolo,
1094 4472 1158 4522 uec
1179 4453 1330 4522 violenta

155 4559 326 4620 censetur.

194 4663 228 4728 2⁰
249 4663 411 4760 Similiter
427 4664 815 4731 excommunicationem
834 4684 905 4731 non
918 4664 1097 4730 incurrunt
1111 4665 1263 4730 seniores
1277 4681 1330 4730 sa-

154 4772 310 4840 cerdotes
325 4778 360 4874 et
373 4773 431 4843 alii
443 4773 565 4854 clerici,
583 4775 611 4840 si
625 4773 698 4842 zelo
714 4774 916 4851 devotionis,
932 4791 1057 4858 pueros
1069 4774 1125 4840 vel
1135 4773 1330 4841 adolescen-
