3412 5570
700 559 740 649 ,³
841 581 890 636 tos
911 577 1089 636 1111111111.
1115 563 1118 569 ’

673 761 704 814 il.
721 763 788 824 Que
803 760 917 815 venatio
931 763 968 816 stt
982 759 1092 815 clericis
1106 755 1267 826 prohibita?

422 929 454 1010 a]
464 927 604 992 Venatio
619 926 818 1010 occupativa
833 945 892 992 seu
908 929 1044 1011 proprie
1066 926 1155 992 dicta
1176 933 1229 991 est
1243 945 1305 1010 per
1326 945 1363 990 se
1377 925 1477 992 licita.
1497 921 1561 990 Po-

382 1040 450 1100 test
463 1041 579 1101 tamen
588 1035 662 1099 11111
676 1034 792 1100 illicita
805 1055 848 1098 111
858 1035 1068 1119 quadruplici
1079 1035 1227 1100 maxime
1242 1034 1351 1118 capite
1363 1056 1370 1098 :
1384 1036 1415 1098 1⁰
1427 1035 1561 1118 Exper-

381 1161 466 1208 sona
489 1145 658 1220 venantis,
678 1148 713 1210 et
740 1144 788 1208 sio
812 1143 992 1208 interdicta
1005 1149 1057 1208 est
1075 1142 1204 1208 clericis
1226 1143 1311 1226 (cap.
1329 1143 1387 1214 tin.
1403 1143 1474 1225 huj.
1492 1143 1560 1218 tit.;

318 1337 321 1342 Ι
380 1270 475 1318 conc.
499 1237 660 1328 Trident,
686 1271 771 1317 sess.
794 1253 987 1335 1111111,
1010 1253 1051 1316 de
1068 1252 1168 1334 defi).
1194 1252 1226 1315 2⁰
1247 1251 1295 1314 Ex
1315 1257 1467 1334 tempore
1489 1269 1559 1334 quo

381 1361 430 1438 iit,
444 1359 472 1422 si
487 1358 615 1424 scilicet
624 1361 823 1424 instituatur
837 1359 956 1424 diebus
970 1359 1111 1435 festivis,
1125 1359 1218 1424 etita
1231 1364 1269 1422 ut
1282 1377 1343 1442 per
1354 1376 1430 1424 eam
1444 1358 1504 1422 ilat
1514 1377 1559 1422 ne

381 1469 487 1533 missa
502 1468 669 1544 audiatur,
690 1473 729 1532 ut
742 1473 886 1532 monent
898 1466 1002 1550 aliqui
1015 1466 1081 1530 llll.
1107 1467 1142 1530 3⁰
1162 1465 1211 1530 Ex
1225 1465 1300 1531 loco
1324 1466 1360 1530 in
1382 1484 1449 1550 quo
1464 1465 1561 1529 insti·
1657 1535 1660 1540 ,

262 1595 263 1598 ’
381 1575 498 1652 tuitur,
515 1575 543 1638 si
558 1575 684 1640 scilicet
697 1577 758 1639 ilat
770 1574 806 1638 in
820 1574 906 1639 saltu
920 1573 1044 1652 alieno,
1059 1579 1177 1638 contra
1189 1571 1403 1638 voluntatem
1417 1573 1558 1638 domini.

377 1683 410 1746 4⁰
429 1683 478 1746 Ex
495 1683 698 1747 detrimento
714 1683 795 1747 honi
811 1683 1003 1746 communis
1018 1680 1074 1745 vel
1094 1681 1315 1765 particularis,
1335 1680 1426 1764 quod
1441 1698 1562 1745 exsur-

377 1795 485 1876 geret,
502 1791 530 1853 si
545 1809 577 1854 v.
593 1809 627 1871 g.
643 1788 785 1873 piscatio
798 1789 985 1852 fieretcum
996 1789 1082 1852 escis
1097 1788 1291 1865 venenosis,
1309 1788 1432 1871 quibus
1446 1787 1560 1870 pisces

378 1915 499 1961 omnes
514 1902 729 1962 necarentur.

416 2006 445 2087 b)
464 2005 603 2071 Venatio
616 2007 741 2089 quieta,
759 2006 893 2071 secluso
907 2005 1065 2070 scandalo
1078 2004 1135 2070 vel
1154 2005 1345 2070 turbatione
1366 2005 1560 2071 ciliciorum

376 2113 693 2192 ecclesiasticorum,
710 2115 866 2199 personis
883 2113 1117 2180 ecclesiasticis
1131 2113 1347 2196 permittitur,
1359 2114 1388 2177 si
1403 2113 1560 2178 utilitatis

373 2225 433 2285 aut
452 2223 664 2287 necessitatis
686 2222 871 2306 corporalis
889 2222 947 2286 vel
972 2223 1074 2286 etiam
1097 2221 1252 2286 honestae
1280 2221 1500 2286 recreationis
1524 2226 1562 2286 11

373 2330 483 2394 rarius
497 2336 697 2396 exerceatur
712 2333 781 2397 :ita
801 2331 1031 2396 communiter
1044 2329 1110 2393 DD.
1128 2329 1226 2396 Retio
1245 2335 1307 2406 est,
1325 2329 1404 2412 quia
1417 2329 1560 2394 venatio

373 2437 409 2501 in
427 2455 463 2502 se
479 2443 532 2502 est
548 2438 716 2522 permissa
733 2442 811 2522 jure
831 2437 988 2514 naturali,
1004 2456 1083 2502 cum
1103 2439 1147 2500 sit
1162 2442 1257 2502 actus
1277 2456 1338 2502 seu
1352 2457 1409 2503 res
1423 2437 1561 2502 111111111-

373 2563 452 2609 rens
472 2566 479 2608 :
495 2564 577 2628 ergo
591 2546 657 2610 nisi
673 2549 731 2630 jus
745 2546 931 2628 positivum
944 2545 1038 2610 illam
1052 2545 1181 2610 clericis
1196 2544 1385 2628 prohibeat,
1400 2546 1466 2608 erit
1478 2563 1560 2627 per-

372 2655 478 2719 missa
493 2655 651 2719 omnibus
667 2675 674 2717 :
690 2673 791 2738 porro
804 2658 872 2738 jue,
891 2654 1017 2719 scilicet
1033 2672 1061 2718 c.
1078 2655 1137 2717 iin.
1154 2653 1225 2737 huj.
1239 2655 1308 2731 tit.;
1326 2653 1429 2718 illem.
1445 2655 1496 2729 1¹,
1514 2653 1560 2716 de

373 2762 478 2828 Statu
489 2764 661 2846 monocd.;
677 2764 797 2829 concil.
815 2764 916 2840 Trid.‚
932 2783 1016 2828 sess.
1030 2764 1080 2840 it,
1097 2782 1170 2846 cap.
1190 2764 1237 2840 li,
1261 2762 1302 2826 dc
1313 2763 1403 2844 Res„
1419 2761 1560 2826 ridetur

371 2872 550 2954 prohibere
560 2877 695 2937 tantum
709 2871 948 2950 clamorosam,
957 2875 1057 2954 Juxta
1071 2888 1292 2950 communem
1305 2870 1561 2952 interpretatio-

371 2998 453 3043 nem
463 2979 529 3042 llll.
545 2980 735 3045 Accedebat
752 2979 834 3044 olim
856 2977 1081 3055 consuetudo,
1095 2979 1224 3061 optima
1240 2977 1358 3060 legum
1371 2978 1558 3061 interpres,

372 3097 438 3171 qua'
453 3087 581 3152 iactum
596 3093 648 3152 est
666 3089 886 3154 venationem
899 3087 1038 3172 passim,
1056 3087 1158 3150 etiam
1173 3105 1193 3150 a
1213 3085 1321 3151 doctis
1339 3092 1373 3151 et
1386 3083 1560 3151 timoratis

370 3195 510 3274 clericis,
527 3215 588 3280 pro
607 3197 700 3261 licita
712 3197 873 3280 reputari,
890 3196 1037 3280 indeque
1057 3196 1130 3278 sine
1147 3195 1304 3278 scrupulo
1322 3193 1512 3278 practicari.

410 3302 538 3369 Tamen
552 3305 653 3369 hodie
667 3304 880 3370 consuetudo
893 3304 964 3368 iere
979 3303 1104 3386 ubique
1117 3302 1255 3367 videtur
1263 3303 1415 3384 rigidior,
1433 3309 1467 3366 et
1481 3321 1559 3368 non

371 3415 567 3496 permittere
589 3416 810 3479 venationem
839 3415 989 3498 quietam
1015 3433 1076 3477 seu
1097 3413 1355 3496 voluptuosam,
1377 3413 1499 3478 saltem
1526 3415 1559 3478 si

371 3522 469 3586 ileret
483 3541 561 3586 cum
576 3524 732 3600 canibus;
749 3541 847 3587 secus
863 3523 890 3585 si
902 3541 981 3586 cum
992 3521 1134 3605 laqueis,
1151 3521 1281 3584 retibus
1293 3527 1437 3597 tanturn,
1455 3540 1560 3586 exer-

372 3635 498 3706 ceatur,
522 3630 578 3694 vel
599 3631 628 3696 si
649 3631 689 3696 de
708 3631 781 3696 sola
796 3631 982 3715 piscatione
1007 3637 1139 3711 agatur,
1164 3651 1239 3715 quae
1261 3631 1344 3695 alias
1374 3631 1559 3712 speciatim

374 3737 540 3820 excipitur
554 3739 589 3802 in
601 3742 689 3821 Jure,
706 3758 781 3818 can.
797 3739 997 3822 Nunquam,
1011 3739 1061 3813 33,
1081 3739 1157 3802 dist.
1169 3741 1199 3802 5.
1218 3739 1401 3802 Diximus«
1417 3737 1559 3804 secluso

373 3845 529 3910 scandalo
544 3872 572 3923 »,
597 3848 689 3931 qnod
706 3847 808 3913 hodie
830 3848 889 3910 vix
909 3847 1016 3923 abest,
1039 3847 1175 3930 quando
1196 3847 1306 3911 clerici
1329 3847 1558 3912 venationem

372 3959 533 4018 exercent
546 3955 737 4019 cumarmis
753 3961 787 4018 11
799 3955 950 4019 canibus.
964 3954 1185 4037 Quapropter,
1201 3955 1235 4017 in
1249 3954 1404 4037 pluribus
1413 3957 1558 4037 provin-

371 4063 431 4158 ciis
442 4067 476 4129 et
486 4063 700 4140 dioecesibus,
714 4067 792 4147 jure
801 4063 938 4147 speciali
948 4063 1118 4146 prohibita
1133 4064 1331 4128 estvenatio
1346 4064 1559 4148 quiciacum

370 4172 511 4236 canibus
531 4173 587 4236 vel
599 4171 719 4237 bellica
741 4172 865 4237 ssstule.
890 4170 1066 4235 Tamaniu
1084 4173 1161 4254 jure
1183 4171 1317 4236 venatio
1337 4189 1408 4236 non
1426 4170 1559 4236 desinit

371 4297 446 4343 esse
465 4280 590 4364 quieta,
607 4281 740 4345 etiamsi
755 4281 815 4343 ilat
830 4296 908 4343 cum
923 4279 1074 4353 canibus,
1092 4277 1348 4362 saltcmpaucis,
1363 4284 1485 4343 etcum
1500 4299 1559 4346 ar-

369 4388 445 4464 mis,
461 4388 521 4452 sed
533 4388 742 4469 sinemagno
756 4388 900 4471 strepitu
911 4384 1113 4464 etiamalio,
1126 4393 1228 4470 atque
1243 4387 1286 4450 ad
1294 4387 1477 4470 capiendos
1493 4395 1560 4454 aut

368 4495 541 4560 feriendos
554 4496 699 4580 lepores,
716 4496 883 4572 volucres,
899 4497 1058 4577 ferasque
1077 4495 1239 4559 minores.
1255 4495 1443 4560 Discrimen
1461 4495 1559 4561 inter

370 4603 520 4686 quietum
538 4611 572 4669 et
586 4604 811 4671 clamorosam
822 4604 960 4668 videtur
973 4603 1103 4686 reponi,
1118 4623 1188 4667 non
1209 4609 1343 4669 tanturn
1358 4605 1394 4668 in
1404 4604 1556 4670 'diversi-

370 4715 439 4777 tate
453 4712 557 4793 modi,
574 4713 635 4780 sed
657 4713 759 4778 etiam
774 4713 810 4778 in
826 4712 1021 4778 diversitate
1041 4712 1164 4794 objecti
1178 4712 1379 4778 venationis.
1417 4739 1418 4742 ¹
