3500 5552
576 653 664 699 meaa
687 653 815 707 eururns
837 653 1060 700 nacasracruu.
1350 637 1410 702 569

232 769 355 854 judicis
370 769 594 851 indigendum
611 789 618 832 :
635 789 668 834 v.
685 787 718 850 g.
742 772 1059 847 excommunicetur,
1081 771 1317 855 suspendetur,
1334 791 1410 858 pro-

234 879 385 943 hibemus
397 879 458 943 sud
467 897 573 964 poerro
588 880 953 956 communicationis,
970 885 1033 945 etc.

275 987 308 1051 Si
323 988 535 1052 dubitaretur
549 1006 592 1052 an
606 988 756 1053 ferendae
771 987 917 1052 vellatur
932 989 1110 1054 sententiae
1126 989 1170 1054 sit
1181 1007 1336 1066 censura,
1353 991 1411 1055 de-

181 1111 183 1118 ’
234 1096 330 1160 beret
343 1096 476 1160 censeri
489 1095 652 1183 ierendae,
669 1113 739 1160 non
753 1096 830 1161 latae
845 1097 1035 1174 sententia,
1054 1097 1133 1180 quia
1145 1097 1181 1160 in
1195 1097 1307 1162 dubiis
1323 1103 1357 1163 et
1375 1097 1410 1163 iu

233 1204 344 1290 poenis
362 1205 541 1286 benignior
550 1205 784 1287 interpretatio
796 1205 951 1271 lenienda
966 1210 1028 1271 est.

497 1411 512 1478 ἓ
539 1411 574 1466 ll.
603 1409 644 1468 lte
669 1414 816 1482 potestate
843 1409 961 1482 serendi
989 1424 1144 1470 teneoras.

555 1573 574 1624 Ι.
590 1574 629 1624 lte
644 1569 700 1624 hae
712 1571 851 1636 potestate
865 1573 895 1626 ln
910 1573 1090 1638 suspectata.

273 1718 332 1783 Est
349 1719 386 1782 in
405 1718 552 1783 Ecclesia
570 1722 722 1801 potestas
743 1718 875 1784 ferendi
892 1737 1066 1796 censuras,
1086 1723 1125 1784 ut
1144 1720 1245 1785 docet
1259 1720 1411 1786 doctrina

233 1827 399 1893 catholiea
416 1832 536 1894 contra
557 1827 746 1893 haereticos.
768 1827 953 1894 lneluditur
972 1829 1008 1892 in
1028 1827 1181 1911 generali
1199 1831 1369 1912 potestate
1391 1847 1411 1894 a
1537 1862 1539 1868 ·

235 1936 365 2002 Christo
380 1936 460 2002 data
472 1937 611 2018 (Manu,
627 1957 691 2014 xvi,
706 1939 805 2020 xvia).
818 1937 886 2004 llao
898 1943 1068 2022 potestate
1082 1939 1135 2003 usi
1146 1942 1227 2043 sunt
1236 1937 1408 2021 Apostoli:

235 2045 279 2108 S:
294 2046 415 2109 Petrus
440 2046 751 2112 excommunicavit
773 2045 948 2112 Simonem
970 2047 1106 2128 Magum
1131 2045 1228 2128 (Act,
1252 2067 1318 2121 vm,
1342 2047 1409 2129 lt);

236 2153 268 2217 S.
285 2153 420 2230 Paulus,
436 2154 669 2219 incestuosum
686 2153 897 2220 Corinthium
918 2155 942 2238 (l
964 2154 1051 2232 Cor„
1073 2157 1116 2237 v),
1137 2155 1360 2237 Hymaenoum
1376 2158 1412 2218 et

236 2259 465 2326 Alexandrum
471 2261 496 2344 (l
504 2261 600 2339 Tim„
613 2282 634 2338 1,
648 2262 710 2346 eo).
723 2261 862 2327 Constat
874 2262 1051 2350 etiamlusu
1063 2260 1388 2327 centiuuoEoelesiae
1401 2281 1408 2326 ε
1532 2313 1536 2319 ,

237 2368 317 2452 quid
331 2369 544 2453 frequentius
556 2388 659 2454 qnam
674 2372 892 2436 anathemata
908 2371 944 2434 in
958 2371 1109 2436 coneiliis
1122 2369 1211 2437 lata?
1361 2441 1365 2448 Δ

275 2477 373 2543 Ratio
387 2483 440 2543 est
454 2478 543 2562 quia,
560 2479 648 2543 sicut
660 2479 696 2543 in
710 2479 804 2572 omni
819 2478 1002 2562 republica,
1017 2480 1066 2544 ita
1078 2479 1227 2544 maxime
1248 2479 1285 2543 in
1303 2479 1414 2544 Eoole-

236 2586 501 2663 sia,ueoessaria
515 2592 568 2651 est
577 2591 728 2670 potestas
743 2587 922 2672 separandi
936 2589 1091 2653 membra
1104 2587 1208 2653 noxia
1223 2604 1409 2671 aeorpore,

236 2695 293 2760 vel
307 2696 348 2760 iis
363 2695 584 2760 subtrahendi
598 2699 690 2761 certa
702 2694 814 2760 oiflcia
829 2698 864 2760 et
875 2695 1080 2760 functiones.
1099 2694 1187 2776 Ergo
1201 2712 1279 2759 oum
1301 2693 1412 2760 Eccle-

237 2806 288 2872 sia
306 2805 350 2870 sit
367 2803 510 2868 societas
526 2804 686 2886 perlaeta,
707 2803 865 2866 omnibus
879 2804 1012 2868 munita
1032 2802 1204 2886 requisitis
1222 2803 1265 2868 ad
1282 2804 1411 2868 bonum

236 2929 419 2981 commune
432 2910 717 2994 promovendum,
732 2908 850 2974 debuit
861 2927 884 2974 a
896 2908 1027 2975 Christe
1042 2911 1193 2994 accipere
1206 2915 1411 2993 potestatem

236 3020 367 3085 ferendi
382 3036 543 3084 censuras
561 3037 568 3080 :
585 3035 690 3101 quare
704 3017 777 3082 haro
790 3020 942 3102 potestas
952 3016 1100 3082 dicenda
1115 3023 1172 3082 est
1188 3017 1275 3100 juris
1294 3017 1409 3083 divini.

580 3213 611 3263 ll.
629 3213 668 3263 lta
682 3209 810 3275 subjecto
825 3208 901 3262 illius
914 3209 1071 3275 potestatis.
1119 3249 1121 3252 .

167 3421 170 3426 .
279 3361 310 3422 1ο
325 3357 478 3424 Potestas
493 3358 699 3424 censurandi
709 3361 787 3441 jure
800 3363 835 3424 ot
848 3357 960 3422 officio
976 3356 1147 3428 ordinario
1162 3359 1325 3442 competit
1335 3361 1413 3441 jure
1442 3396 1444 3402 .

239 3467 354 3533 divino
368 3465 466 3550 Papae
480 3482 543 3550 pro
558 3470 630 3532 tota
642 3464 799 3532 Ecclesia.

278 3575 403 3640 2⁰·Jure
420 3574 591 3639 ordinario
603 3573 767 3657 competit
781 3574 894 3649 etiam,
905 3593 966 3658 pro
978 3575 1049 3639 suis
1061 3574 1274 3652 dioeeesihus,
1287 3576 1415 3658 episeo-

238 3684 302 3767 pis,
319 3681 591 3766 archiepiscopis,
609 3699 796 3766 eorumque
811 3681 945 3746 vicariis
966 3681 1184 3765 generalibus
1204 3687 1239 3748 et
1254 3682 1413 3767 capitulo,

240 3791 320 3858 sede
339 3799 493 3867 vaeante,
517 3790 637 3857 saltem
653 3791 771 3876 primis
793 3796 870 3858 octo
891 3792 1021 3858 diebus.
1042 3792 1291 3877 Arohiepisoopi
1307 3799 1342 3858 et
1358 3811 1415 3875 pa-

239 3901 393 3967 mucha
407 3917 477 3964 nou
491 3902 637 3983 possunt
649 3899 739 3964 terre
753 3917 916 3966 censuras
931 3905 1089 3984 respectu
1103 3901 1317 3966 subditorum
1334 3899 1416 3964 dioe-

239 4009 327 4074 cesis
348 4007 587 4090 suffraganea,
603 4008 669 4072 uisi
689 4013 843 4090 tompore
857 4008 1073 4085 visitationis,
1096 4015 1132 4075 at
1154 4027 1233 4074 oum
1253 4026 1356 4073 cansa
1373 4008 1416 4072 ad

241 4134 361 4182 eorum
374 4115 522 4180 tribunal
535 4116 697 4182 defertur.
715 4115 908 4182 cardinales
923 4118 958 4182 in
977 4119 1048 4182 suis
1066 4117 1182 4194 titulis,
1202 4116 1305 4200 legati
1321 4115 1417 4180 Sedis

241 4223 442 4310 Apostollcu.
461 4224 498 4287 in
518 4223 692 4308 provincia
714 4243 785 4289 suae
807 4224 998 4307 legationis,
1021 4224 1152 4309 praelati
1171 4223 1345 4307 regulares
1362 4224 1418 4288 vel

242 4332 433 4410 saeoulares,
451 4337 486 4397 et
503 4333 694 4416 generatim
716 4333 764 4397 illi
785 4335 978 4419 omnesqui
999 4335 1126 4399 habent
1146 4333 1417 4417 jurisdictionem

243 4441 449 4507 ordinariam
459 4442 823 4508 seucontentiosamin
833 4444 907 4508 loro
918 4448 1071 4520 externo,
1083 4445 1172 4508 ferre
1186 4444 1419 4526 possuutoen-

243 4567 351 4616 suras.
366 4551 409 4614 at
422 4569 493 4616 non
508 4550 634 4616 sultloit
647 4555 686 4615 ut
699 4552 774 4636 quis
787 4552 912 4618 habeat
926 4551 1199 4635 jurisdictionem
1213 4550 1418 4617 ordinariam

243 4661 528 4736 interemtorum
540 4679 621 4727 nam
632 4662 816 4746 requiritur
828 4668 866 4729 ut
876 4663 949 4730 haeo
959 4663 1002 4728 sit
1011 4661 1170 4748 expedito
1180 4660 1293 4746 quoad
1304 4679 1417 4735 usum3

245 4787 350 4858 quare
379 4769 557 4858 episeopus
583 4771 903 4848 recommuuicetus,
931 4789 1126 4860 suspensus,
1155 4769 1330 4839 hereticus
1358 4774 1419 4838 atet
