3388 5582
538 543 626 590 ursan
647 543 775 598 oururus
795 543 1018 588 oacnarnmuu.
1315 526 1373 591 bl'i
1407 597 1411 604 ,

200 657 242 724 da
251 659 504 724 favorabilibus.
519 661 562 725 ht
574 662 748 745 sepultura
758 663 833 728 iteri
847 663 948 727 dehet
958 663 1031 726 siue
1044 661 1260 728 solemnitate
1270 661 1375 728 scole-

199 766 334 834 siastioa
348 772 383 850 et
397 769 471 834 sine
483 769 675 854 pulsatione
690 788 876 855 campanae.

237 873 357 940 Utrum
367 877 402 940 in
415 877 654 944 resumamus
665 879 886 962 privilegiatis
901 899 1011 963 nuper
1021 878 1230 946 enumeratis
1241 880 1375 962 possint

199 984 334 1068 sepeliri
349 1003 491 1068 corpora
503 985 763 1052 defunctorum?
777 988 958 1070 Disputant
972 987 1029 1053 CC.

237 1094 270 1158 2⁰
294 1094 328 1157 Si
349 1093 567 1161 interdictum
596 1097 639 1160 sit
661 1081 775 1162 locale
793 1097 948 1180 speciale,
975 1097 1176 1180 prohibetur
1199 1095 1374 1180 sepultura
1485 1129 1500 1150 ··

197 1201 435 1267 ecclesiastica.
448 1202 514 1268 Sed
525 1222 570 1268 an
579 1205 754 1269 concessio
766 1205 854 1269 iacta
864 1203 994 1269 clericis
1006 1203 1211 1273 extendatur
1220 1204 1264 1269 ad
1273 1205 1374 1268 inter-

197 1308 325 1373 dictum
340 1309 485 1392 speciale
494 1309 624 1376 locale?
637 1310 846 1376 Probabilius
860 1312 1060 1386 affirmatur,
1078 1310 1199 1376 saltem
1220 1312 1248 1375 si
1263 1310 1373 1394 sepul-

198 1417 345 1482 turafiat
356 1418 392 1481 in
401 1416 543 1482 ecclesia
554 1419 690 1501 propria
703 1419 814 1484 clerici
827 1417 1029 1502 sepeliendi;
1043 1419 1124 1495 imo,
1136 1401 1237 1503 jux'ta
1244 1418 1372 1502 plures,

199 1525 301 1590 etiam
315 1524 352 1588 in
367 1525 509 1591 ecclesia
521 1525 700 1591 interdicta
714 1531 874 1592 extranea
889 1527 997 1610 (Apud
1011 1526 1228 1608 Sohmalzgr„
1243 1545 1277 1590 n.
1289 1527 1370 1608 376).

238 1633 271 1694 3·
294 1633 329 1696 Si
351 1633 570 1698 interdictum
593 1634 637 1697 sit
655 1635 847 1719 personate,
869 1634 984 1700 taliter
1005 1634 1201 1699 interdictus
1221 1634 1374 1718 privatur

200 1740 374 1823 sepultura
389 1740 627 1820 ecelesiastica,
651 1743 723 1807 sive
744 1743 963 1808 interdictum
979 1743 1024 1807 ait
1041 1742 1209 1825 pecuale,
1235 1743 1306 1807 sive
1331 1742 1375 1806 sit

198 1849 341 1934 speciale
355 1849 395 1931 (c.
411 1850 442 1926 8,
455 1849 497 1914 de
507 1850 613 1930 Prie„
629 1851 664 1915 in
676 1851 720 1928 θ’,
737 1857 773 1916 et
785 1850 888 1914 Clam.
906 1852 949 1930 1⁸,
961 1851 1002 1914 de
1016 1849 1174 1934 sepult).
1189 1849 1306 1916 Nullus
1319 1850 1374 1914 hic

198 1959 395 2023 conceditur
408 1959 508 2025 favor
519 1959 661 2038 clericis,
677 1961 798 2026 saltem
813 1961 1033 2027 denuntiatis.

239 2067 268 2148 e)
282 2065 428 2131 Privatio
442 2066 485 2131 ab
499 2068 650 2151 inpressu
667 2070 820 2133 ecclesiae.
832 2067 1026 2133 Notandum
1040 2073 1093 2132 est
1109 2067 1200 2152 quod
1217 2066 1375 2132 interdic-

199 2178 272 2237 tum
287 2191 357 2238 non
372 2175 474 2238 trahit
488 2174 584 2240 illum
600 2175 762 2241 ellectum
777 2177 850 2240 sine
865 2177 1004 2260 speciali
1011 2176 1178 2240 sententio
1186 2193 1200 2254 ‚·
1215 2173 1374 2259 quiahaec

198 2281 343 2364 privatio
363 2286 416 2348 est
432 2283 529 2367 quasi
549 2301 680 2348 novum
702 2284 933 2360 interdictum,
956 2284 1033 2350 ideo
1051 2285 1132 2368 quia
1152 2283 1208 2348 ille
1231 2282 1373 2347 effectus

200 2407 270 2454 non
283 2394 336 2454 est
348 2390 503 2456 absolute
518 2411 671 2456 annosus
686 2393 872 2457 interdicto.

239 2499 271 2562 l·
285 2498 427 2562 Nomine
447 2499 590 2564 ecclesiae
605 2499 700 2564 venit
718 2500 889 2584 quodlibet
908 2501 1071 2584 temptem
1088 2499 1288 2565 auctoritate
1304 2498 1374 2582 epi-

200 2605 292 2689 scopi
303 2604 504 2689 deputatum
516 2607 556 2688 (c.
568 2607 597 2682 9,
611 2607 653 2670 de
663 2607 761 2670 Imm.
778 2608 878 2688 eccl).
888 2607 931 2671 m
944 2609 1118 2673 nonvenit
1133 2607 1370 2681 coemeterium,

200 2714 280 2796 quia
301 2731 344 2778 ex
362 2731 390 2778 c.
407 2713 447 2778 90
465 2713 499 2776 h.
521 2717 544 2775 t.
567 2713 787 2796 distinguitur
804 2715 1022 2779 interdictum
1039 2714 1192 2782 ‚eeclesiae
1207 2714 1250 2779 ab
1271 2713 1372 2777 inter-

200 2821 289 2884 dioto
304 2821 501 2885 coemeterii.

123 2915 126 2922 ’
238 2928 270 2990 h·
293 2927 347 2992 Sic
360 2927 560 2992 interdictus
574 2928 780 3009 probabilius
801 2933 916 3012 potest
936 2929 1071 3014 inpredi
1087 2928 1258 2993 ecclesiam
1277 2935 1309 2990 et
1329 2927 1375 2991 tot

195 3053 310 3120 preces
323 3033 468 3116 [undem
483 3043 710 3120 temporeque
732 3035 779 3100 tbi
791 3055 859 3100 non
873 3037 1084 3101 celebrantur
1098 3035 1214 3099 divino
1233 3034 1373 3115 officim

198 3143 264 3208 hoc
287 3159 358 3206 non
376 3146 536 3207 censetur
557 3147 677 3208 contra
698 3142 913 3208 voluntatem
935 3142 1101 3208 Ecclesiae.
1125 3140 1298 3206 Probabile
1321 3144 1373 3204 est

200 3249 303 3313 etiam
312 3246 405 3332 quod
414 3249 523 3333 possit
531 3250 676 3335 racipere
685 3258 910 3328 sacramento,
922 3269 1002 3317 cum
1011 3251 1076 3315 hoc
1086 3248 1204 3314 nullibi
1214 3265 1372 3330 expresse

198 3355 429 3440 prohibeatur,
444 3361 479 3423 et
491 3357 549 3424 lex
562 3358 606 3423 sit
619 3358 766 3440 benigne
782 3359 1046 3444 interpretanda.

478 3539 511 3590 v.
530 3537 649 3591 violatio
665 3537 808 3592 interdicti
824 3538 943 3604 ejusque
964 3537 1092 3592 cossatlo.

239 3683 273 3766 a)
287 3681 466 3748 Peccatum
481 3701 602 3749 eorum
614 3683 672 3768 qui
687 3683 817 3749 violant
836 3683 1065 3748 interdictum.
1083 3684 1116 3745 l·
1133 3681 1280 3747 Clericus
1304 3681 1373 3746 vio

198 3788 272 3856 lans
288 3789 506 3870 interdictum
519 3789 626 3856 locale
641 3788 697 3856 vel
706 3790 885 3874 personale
900 3789 1089 3855 mortaliter
1103 3793 1230 3873 peceat,
1257 3789 1285 3851 ai
1299 3789 1373 3854 haeo

198 3897 336 3963 violatio
350 3899 411 3962 ilat
423 3914 485 3981 per
499 3897 828 3962 administrationem
842 3897 899 3962 vel
913 3897 1166 3980 susceptionem
1182 3914 1373 3962 sacramen-

199 4009 324 4069 torum.
342 4004 392 4069 lta
405 4009 552 4076 censent¹
561 4022 693 4070 omnes.
706 4005 831 4068 Verum
847 4005 958 4089 quoad
973 4003 1085 4070 ofssoia
1099 4004 1224 4080 divina,
1238 4007 1372 4068 tantum

198 4111 302 4195 aliqui
316 4111 512 4177 dubitarunt
524 4117 753 4194 anpecoatum
768 4112 811 4175 sit
824 4112 983 4188 mortale;
995 4111 1054 4176 sed
1068 4110 1285 4176 communior
1295 4128 1372 4174 sen-

200 4219 306 4283 tentia
324 4219 483 4294 affirmat,
499 4219 579 4302 quia
594 4223 647 4282 est
664 4217 767 4282 etiam
781 4219 924 4284 materia
936 4219 971 4282 in
990 4219 1166 4301 cagravio,
1183 4217 1250 4281 nisi
1267 4217 1370 4281 inter-

199 4324 308 4389 dictus
323 4326 460 4390 assistat
473 4329 609 4390 tantum
622 4326 710 4408 parti
722 4344 792 4390 non
806 4326 946 4391 notabili
962 4327 1067 4391 divini
1084 4326 1197 4391 otsscii.

238 4432 380 4496 h‘Laici
402 4430 570 4498 violantes
592 4432 811 4499 interdictum
834 4434 1013 4516 personale
1037 4452 1098 4517 par
1120 4433 1373 4516 susceptionem
1456 4443 1458 4448 '

199 4540 402 4606 sacramenti
424 4541 487 4604 sihi
505 4540 675 4624 prohibiti,
697 4541 771 4605 sine
792 4540 894 4606 dubio
914 4546 1055 4623 peccant
1075 4539 1274 4618 mortaliter,
1294 4539 1374 4624 quia

197 4647 342 4714 materia
355 4651 409 4714 est
421 4647 547 4730 gravis.
556 4647 642 4713 item
656 4648 686 4712 si
699 4648 735 4712 in
746 4647 821 4714 loco
833 4647 1013 4714 interdicto
1024 4647 1109 4713 illud
1121 4653 1373 4714 sacramentum
