3514 5564
387 503 427 572 98
609 477 612 484 ’
842 519 894 569 ins
914 519 1093 570 canonem.
1388 587 1390 592 ἲ

388 642 489 718 tibus,
522 640 631 708 tatem
654 639 843 724 oppositam
866 639 1071 708 sententiam
1099 655 1175 704 cese
1199 634 1298 704 valde
1321 632 1545 722 probabilem

387 768 449 834 pro
464 768 531 835 qua

363 969 368 976 ,
422 895 488 968 obj.
510 901 539 952 l·
559 897 589 953 C.
611 893 671 952 ab.
687 900 708 953 t.
725 910 844 969 sponsae
863 895 981 954 voventi
1000 894 1212 954 continentiam
1226 893 1391 968 imponitur
1405 890 1552 966 poeniten·

386 986 438 1056 tia,
451 985 492 1043 ibi
509 1003 541 1041 :e
557 983 617 1044 Sibi
632 985 669 1043 de
684 985 806 1044 mentita
816 985 884 1054 tide,
895 1007 910 1036 »
927 991 982 1048 eto.
999 989 1029 1042 2⁰
1042 987 1122 1044 Deus
1136 999 1191 1043 nec
1206 989 1319 1055 votum,
1334 997 1389 1042 nec
1401 983 1553 1056 juramen·

387 1084 450 1137 tum
465 1083 598 1152 acceptat
611 1078 643 1136 in
656 1079 861 1153 praejudicium
877 1080 955 1138 tertii
969 1080 1005 1152 (c.
1019 1082 1065 1151 28,
1080 1079 1238 1150 delurej.l;
1251 1077 1366 1136 sienim
1377 1075 1497 1135 donasti
1507 1074 1554 1134 vel

388 1169 552 1243 promisisti
559 1169 634 1227 Titio
643 1170 745 1228 decern
755 1185 874 1242 aureos,
884 1170 991 1230 deinde
999 1185 1051 1244 per
1064 1175 1166 1227 votum
1180 1183 1241 1227 non
1251 1173 1337 1242 potes
1350 1167 1421 1226 illos
1435 1165 1556 1240 promit·

384 1263 456 1332 tere,
471 1261 547 1330 Deo;
569 1259 620 1317 scd
640 1264 742 1318 votum
762 1260 978 1332 superveniens
998 1265 1044 1318 est
1065 1257 1272 1333 praeiudicium
1294 1271 1425 1331 sponsae.
1441 1260 1470 1314 3⁰
1485 1257 1555 1328 Spe·

384 1347 458 1405 ciale
473 1353 502 1406 et
522 1347 694 1408 exorbitans
713 1353 760 1421 est
784 1348 864 1422 quod
886 1349 1080 1424 sponsalibus
1100 1347 1174 1406 insit
1193 1348 1257 1407 baee
1279 1346 1428 1416 conditio,
1451 1342 1466 1396 «ἱ
1495 1343 1555 1402 nisi

383 1436 560 1512 religionem
586 1437 718 1513 elegero;
746 1454 853 1514 aergo
878 1437 961 1498 trabi·
977 1453 1037 1496 non
1062 1437 1149 1497 dehet
1175 1438 1212 1497 ad
1231 1437 1321 1496 aliam
1342 1435 1555 1503 conditionem,

385 1548 400 1578 ι(
415 1526 475 1586 nisi
490 1527 705 1586 continentiam
720 1529 847 1603 elegero.
864 1547 879 1584 n
894 1532 924 1586 4⁰
942 1529 973 1586 si
988 1542 1041 1601 per
1059 1528 1116 1586 tale
1130 1533 1233 1586 votum
1253 1526 1412 1587 solvuntur
1427 1537 1557 1598 sponsa·

383 1614 434 1686 lia,
450 1617 587 1690 sequitur
602 1618 682 1690 quod
697 1617 891 1691 dispensatus
908 1617 939 1675 in
960 1623 1040 1690 voto,
1055 1619 1151 1690 possit
1176 1616 1399 1676 matrimonium
1415 1627 1484 1676 cum
1499 1613 1557 1672 alia

382 1706 469 1778 lnire;
485 1707 538 1766 sed
553 1722 626 1778 non,
642 1708 713 1781 quia
728 1722 781 1781 per
794 1708 851 1766 boc
866 1709 913 1766 via
928 1706 1089 1782 injustitiis
1103 1707 1278 1779 aperiretur.

417 1799 508 1870 Resp.
524 1798 560 1857 ad
573 1803 598 1855 l.
611 1799 726 1870 Sponsa
738 1798 833 1856 istain
848 1798 904 1856 lroc
914 1797 1149 1871 luitculpabilis,
1164 1796 1243 1870 quod
1254 1794 1457 1868 absquejusta
1466 1808 1558 1854 causa
1596 1857 1598 1864 ,

382 1883 433 1944 diu
448 1885 599 1944 distulerit
613 1887 735 1962 implere
749 1887 914 1960 sponsalia,
929 1891 959 1945 et
972 1892 1082 1945 temere
1098 1885 1297 1959 protelaverit
1315 1885 1352 1944 ad
1366 1889 1480 1956 votum,
1497 1897 1557 1942 non

381 1975 482 2034 animo
500 1978 561 2034 lico
582 1975 733 2048 placendi,
756 1977 809 2035 sed
832 1991 978 2050 sponsum
997 1976 1174 2046 fraudandi3
1197 1983 1226 2034 et
1250 1975 1316 2034 ideo
1336 1975 1513 2048 poenitentia
1531 1973 1558 2031 ei

382 2064 497 2137 imponi
512 2064 616 2125 debuit
627 2065 664 2124 de
679 2067 803 2125 mentita
817 2067 886 2138 lide,
902 2065 981 2125 etde
995 2071 1139 2124 attentata
1153 2064 1314 2123 violatione
1327 2065 1389 2122 voti
1409 2079 1462 2136 per
1476 2062 1559 2121 aliud

353 2173 360 2188 ·
380 2155 605 2214 matrimonium
623 2155 819 2231 infringendi.
841 2159 882 2214 Ex
897 2171 958 2230 quo
971 2156 1069 2228 eapite
1084 2161 1166 2228 patet
1179 2168 1369 2214 communem
1385 2153 1559 2226 opinionem

381 2239 514 2298 fidelium
530 2241 624 2300 luisse
639 2256 692 2313 per
705 2248 808 2300 votum
818 2242 1012 2300 continentia
1023 2241 1099 2300 solvi
1112 2241 1278 2314 sponsalia;
1294 2239 1369 2299 alias
1382 2239 1483 2314 puella
1495 2239 1560 2296 inu·

382 2330 473 2388 tilitcr
491 2337 520 2388 et
535 2331 601 2390 sinc
616 2330 725 2391 ellectu
740 2332 931 2392 convolasset
949 2333 986 2392 ad
1005 2337 1123 2404 votum,
1138 2333 1164 2392 si
1179 2347 1215 2390 ec
1234 2347 1294 2389 non
1316 2331 1464 2399 obstante,
1484 2328 1558 2388 obli·

383 2425 453 2494 gata
467 2421 575 2480 luisset
587 2423 624 2480 ad
640 2423 877 2484 contrabendum
887 2423 1121 2484 matrimonium
1136 2423 1178 2483 Ad
1194 2426 1265 2481 att.
1281 2437 1333 2492 m.;
1350 2435 1419 2480 nam
1436 2419 1559 2493 sponsis

383 2525 444 2568 non
459 2517 506 2570 est
517 2511 569 2585 jus
585 2513 746 2585 quesitum
760 2514 908 2586 absolute,
924 2515 977 2573 sed
992 2514 1205 2584 conditionate,
1223 2536 1237 2565 «
1253 2513 1313 2573 nisi
1328 2512 1482 2572 meliorem
1498 2515 1558 2568 sta·

382 2607 446 2659 tum
461 2601 591 2676 elegero,
607 2623 622 2654 n
637 2602 683 2668 pel
700 2626 714 2655 t<
730 2603 790 2662 nisi
805 2603 1051 2676 impedimentum
1067 2603 1268 2676 superveniat.
1286 2602 1427 2672 »Quodsi
1443 2615 1495 2674 per
1509 2615 1557 2659 ac-

381 2691 485 2750 cidens
499 2706 612 2752 vovens
631 2699 735 2751 causet
755 2692 899 2752 damnum
914 2692 998 2752 alteri
1019 2693 1111 2766 parti,
1127 2698 1245 2755 tenetur
1259 2692 1332 2751 illud
1352 2706 1490 2765 reparare
1506 2708 1513 2748 :
1531 2697 1559 2748 et

381 2781 408 2839 si
423 2781 508 2840 aliter
523 2787 651 2854 nequeat
664 2782 794 2854 reparari
816 2797 907 2856 quam
934 2798 986 2856 per
1008 2783 1247 2854 matrimonium,
1262 2786 1381 2842 tenetur
1401 2782 1438 2841 ad
1457 2787 1559 2854 pelen·

380 2870 449 2928 dam
464 2870 720 2944 dispensationem
734 2871 794 2929 voti
806 2871 902 2944 :quod
917 2873 1013 2931 tutius
1022 2887 1092 2931 esse
1104 2887 1159 2932 nec
1172 2871 1336 2931 adversarii
1345 2875 1467 2946 negant.
1477 2869 1520 2928 ld
1532 2872 1559 2926 3.

381 2961 413 3016 ln
435 2959 490 3018 boc
511 2960 693 3032 conditione,
711 2982 726 3012 α
745 2959 772 3018 si
794 2960 1040 3033 impedimentum
1061 2976 1122 3020 non
1145 2961 1352 3034 superveniat,
1372 2982 1387 3011 »
1407 2959 1491 3018 nulla
1513 2963 1560 3016 est

381 3051 593 3123 exorbitantia3
619 3065 691 3126 ergo
713 3057 791 3110 recte
816 3051 982 3124 applicatur
1006 3059 1108 3112 nostro
1129 3053 1224 3111 casui.
1246 3055 1306 3111 lsta
1324 3066 1394 3110 vern
1416 3048 1559 3118 conditio,

382 3164 396 3192 e
412 3140 473 3200 nisi
487 3141 641 3199 meliorem
656 3145 769 3200 statum
784 3141 913 3216 elegero,
925 3163 939 3193 n
951 3141 990 3200 ob
1002 3143 1195 3201 excellentem
1208 3143 1340 3200 savorem
1355 3139 1559 3209 continentia,

381 3235 411 3288 et
424 3231 580 3304 paritatem
594 3230 732 3302 rationis,
748 3237 889 3290 censetur
902 3232 1118 3314 comprehensa
1133 3232 1163 3289 in
1182 3246 1208 3290 c.
1225 3235 1253 3302 4,
1269 3230 1305 3290 dc
1323 3231 1402 3294 Veto.
1418 3228 1461 3288 ad
1478 3232 1505 3286 4.
1525 3231 1558 3286 ll.

381 3335 461 3394 scq.;
479 3335 548 3378 nam
564 3327 665 3379 votum
681 3321 873 3380 continentia
888 3337 948 3380 non
963 3322 1101 3382 dissolvit
1116 3321 1280 3394 sponsalia,
1296 3320 1356 3380 nisi
1368 3320 1404 3379 ad
1421 3318 1560 3378 ellectum

332 3431 333 3434 ¹
379 3411 518 3470 servandi
542 3411 768 3483 continentiam,
795 3411 874 3472 sicut
895 3419 997 3473 votum
1025 3412 1181 3489 religionis
1211 3413 1247 3471 ad
1277 3411 1416 3470 ellectum
1444 3408 1559 3484 proies·

382 3515 493 3560 srnms.

422 3661 521 3746 Resp.
538 3663 569 3727 3.
586 3662 710 3728 Votum
720 3643 950 3730 nonnubendi
964 3665 1075 3731 reddit
1090 3667 1269 3749 sequentia
1283 3665 1454 3750 sponsalia
1466 3663 1560 3730 inva-

381 3769 450 3834 lida
472 3775 507 3834 et
532 3769 662 3848 illicita;
687 3771 766 3856 qnia
786 3772 859 3837 baeo
878 3772 1068 3854 obligarent
1082 3773 1126 3838 ad
1147 3773 1273 3864 aliquid
1296 3773 1461 3850 illicitum,
1478 3778 1559 3838 voto

383 3877 602 3944 contrarium.
629 3879 713 3956 Quia
727 3899 810 3947 vero
835 3880 902 3946 tale
916 3887 1036 3946 votum
1058 3881 1221 3946 estvalde
1241 3882 1490 3968 impectoratum,
1518 3881 1559 3945 de

281 4047 286 4057 ,
384 4003 452 4068 quo
468 3985 523 4050 SS.
541 4004 689 4052 canones
705 3987 788 4052 nibil
803 3988 999 4072 disponunt,
1015 3988 1112 4054 facile
1129 3989 1262 4054 admitti
1276 3995 1390 4074 potest
1403 4009 1465 4074 per
1478 3987 1560 4052 illud

196 4135 202 4145 ·
309 4155 311 4160 .
382 4113 597 4178 consequens
615 4113 686 4161 non
703 4094 844 4160 dissolvi
860 4097 1033 4180 sponsalia
1053 4097 1235 4163 anteriora.
1254 4097 1287 4162 Si
1308 4099 1383 4182 quis
1399 4105 1486 4162 'cum
1502 4095 1560 4161 tali

382 4209 464 4268 voto
478 4203 735 4268 matrimonium
759 4206 940 4280 contraxit,
963 4205 1078 4269 illicite
1095 4205 1234 4289 quidem
1247 4206 1333 4287 cgit;
1351 4211 1466 4270 tamen
1480 4223 1561 4270 con-

382 4315 488 4376 tracto
508 4311 727 4377 matrimonio
742 4311 831 4376 licite
847 4313 896 4375 nti
918 4317 1032 4394 potest
1050 4312 1198 4395 petendo
1221 4319 1255 4376 et
1279 4311 1454 4376 reddendo
1468 4313 1561 4376 debi-

382 4423 470 4496 tum;
483 4438 564 4484 nam
574 4421 859 4504 objectumflbujus
870 4421 951 4495 voti,
970 4419 1177 4486 scilieetnon
1191 4421 1276 4485 inire
1288 4420 1558 4496 matrimonium,

381 4527 1561 4610 transivitinimpossibile,cummatrimoniumsitinitum;ergocessat

380 4632 471 4698 illius
493 4633 666 4715 obligatio.
692 4634 786 4698 idem
809 4634 1029 4718 probabiliter
1049 4635 1102 4702 dic
1126 4636 1168 4700 de
1187 4655 1227 4701 eo
1257 4637 1315 4719 qui
1337 4637 1433 4701 vovit
1455 4635 1560 4700 susci-
