3500 5552
559 629 648 674 riano
672 630 800 682 curarus
822 627 1041 672 nacnnmrruu.
1336 617 1395 679 567

218 751 252 811 et
267 747 401 828 proprie
420 747 588 827 signiticat
601 765 720 829 peenas
734 745 889 810 Ecclesiae
905 747 1096 829 spirituales
1117 753 1151 812 et
1165 750 1394 816 medicinales.

218 853 256 919 ln
268 854 445 918 istosensu
461 854 634 918 delinitur:
646 855 774 920 «Poena
789 854 973 938 spiritualis
984 875 1023 920 ac
1034 856 1254 933 medicinalis,
1264 877 1330 942 qua
1339 880 1396 944 po·

219 969 322 1028 testas
339 963 564 1038 ecclesiastica
579 965 727 1027 exterior
745 963 864 1028 fideles
880 982 961 1028 suos
977 964 1213 1048 delinquentes
1230 971 1263 1029 et
1279 973 1397 1033 contu·

216 1089 330 1136 maces
344 1071 598 1155 participatione
613 1071 783 1136 bonorum
795 1071 1023 1156 quorumdam
1037 1073 1260 1156 spiritualium
1273 1076 1393 1157 privat,

218 1183 256 1244 ut
269 1181 484 1260 corrigantur
496 1183 530 1244 et
543 1199 564 1244 a
577 1182 790 1246 contumacia
805 1182 981 1247 desistant.
1000 1207 1015 1238 »

257 1287 384 1351 Dicitur
391 1305 510 1372 pona,
526 1289 606 1371 quia
616 1289 820 1370 estprivatio
833 1287 978 1373 poenalis
992 1290 1160 1354 bonorum
1170 1290 1397 1374 spiritualium

218 1413 374 1481 quorum,
388 1395 520 1462 seclusa
531 1415 687 1474 censura,
704 1398 907 1462 christianus
918 1398 1086 1482 particeps
1098 1405 1180 1464 erat.
1193 1399 1296 1466 Porro
1306 1402 1397 1468 bona

217 1503 253 1567 in
269 1503 391 1588 quibus
406 1502 524 1567 fideles
547 1506 802 1570 communicant
817 1507 905 1570 inter
922 1525 970 1582 se,
985 1511 1067 1571 sunt
1082 1506 1219 1589 triplicis
1233 1509 1370 1588 generis
1386 1529 1394 1572 ε

217 1611 283 1678 alia
295 1630 386 1676 mere
404 1613 549 1691 interero,
567 1614 714 1688 allides,
732 1633 820 1698 spes,
838 1614 994 1690 charitas,
1011 1615 1136 1695 gratim
1151 1613 1217 1680 alia
1231 1631 1325 1680 mere
1342 1635 1396 1680 ea-

218 1729 324 1798 cerac,
334 1721 453 1804 quaein
467 1719 656 1805 colloquiis,
669 1724 910 1800 contractibus,
924 1723 1149 1799 commerciis,
1164 1723 1310 1806 judiciis,
1330 1729 1393 1789 etc.

217 1831 430 1896 consistunt:
449 1829 610 1894 dicuntur
624 1831 728 1895 etiam
742 1830 856 1896 civilia
871 1836 905 1896 et
922 1811 1074 1916 pol‘itica3
1092 1831 1231 1896 tandem
1242 1832 1307 1897 alia
1317 1837 1398 1898 sunt

218 1941 337 2014 mixtu,
351 1956 426 2022 quae
440 1937 631 2002 consistunt
641 1937 675 2002 in
687 1939 878 2003 actionibus
890 1945 924 2002 et
936 1941 1150 2004 eaeremoniis
1162 1940 1396 2018 exterioribus,

218 2046 417 2111 interiorem
437 2049 472 2108 et
485 2043 697 2128 spiritualem
715 2046 867 2120 fructum
881 2047 1114 2130 operantibus,
1139 2052 1177 2110 ut
1198 2051 1279 2114 suut
1293 2067 1400 2114 sacra-

130 2201 133 2206 ·
218 2159 345 2230 menta
354 2154 529 2229 sacrificia,
540 2153 653 2218 otsscia
669 2154 795 2230 divina,
806 2154 960 2220 Ecclesia
971 2156 1146 2238 suffragia,
1159 2161 1222 2220 etc.
1240 2155 1401 2222 Bonailla

218 2280 395 2346 acorpore
421 2261 576 2326 Ecclesia
599 2263 799 2345 procedunt.
827 2263 912 2326 Addi
927 2268 1070 2346 possent
1089 2264 1180 2330 bona
1195 2263 1402 2348 quae'proce-

219 2370 336 2434 dunta
352 2370 514 2434 membris
528 2369 695 2447 Ecclesiae,
720 2375 758 2436 ut
771 2389 891 2455 preces
903 2377 939 2436 et
957 2373 1047 2437 bona
1068 2390 1173 2456 opera
1187 2370 1401 2454 singulorum

217 2475 380 2544 ssdelium.

255 2589 531 2672 E⁰Diciturpoena
540 2590 737 2674 spiritualis,
756 2591 799 2654 ob
813 2591 1041 2655 differentiam
1053 2609 1232 2674 plenarum
1246 2609 1399 2674 corpora·

215 2698 311 2774 lium,
327 2695 382 2761 rel
397 2695 648 2781 temporalium,
666 2716 697 2761 v.
714 2716 747 2778 g.
763 2698 918 2774 carceris,
932 2697 1079 2774 mutere,
1093 2704 1169 2774 etc.;
1187 2716 1267 2763 nam
1281 2717 1396 2782 quam-
1447 2772 1451 2782 Ι

216 2808 267 2872 vis
286 2824 431 2871 censura
453 2807 557 2870 etiam
571 2806 670 2870 bonis
691 2805 935 2888 temporalibus
954 2806 1159 2890 quandoque
1174 2807 1295 2889 privet,
1316 2826 1348 2869 v.
1361 2825 1393 2888 g.
1512 2791 1515 2798 ’

215 2914 351 2999 politico
365 2919 400 2978 et
409 2913 499 2979 civili
508 2919 694 2988 contractu,
708 2913 885 2990 beneflcio,
898 2920 975 2992 etc,
988 2915 1148 2998 primario
1159 2920 1275 2980 tamen
1286 2916 1397 3000 privat

215 3023 405 3088 actionibus
434 3020 675 3105 spiritualibus,
694 3028 727 3086 et
746 3022 946 3087 secundario
966 3023 1077 3088 solum
1093 3039 1132 3086 ac
1151 3020 1314 3086 indirecte
1330 3040 1395 3086 usu

215 3129 443 3214 corporalium
460 3135 561 3214 atque
586 3130 833 3213 temporalium.
858 3131 982 3215 Nequit
1004 3136 1119 3195 tamen
1143 3130 1276 3213 privare
1298 3129 1396 3194 bonis

215 3258 299 3323 pura
316 3239 474 3316 internis;
491 3257 573 3305 nam
589 3238 678 3304 dona
696 3239 814 3321 gratia
830 3245 865 3304 et
880 3241 1022 3304 virtutes
1037 3239 1159 3303 inlusa
1176 3237 1331 3303 Ecclesiae¹
1343 3239 1396 3320 ju-

215 3346 401 3412 risdictioni
421 3366 492 3413 non
514 3347 716 3413 subduntur.
734 3347 851 3432 ltaque
871 3366 1017 3412 censura
1036 3347 1162 3412 directe
1181 3352 1215 3411 et
1235 3345 1395 3430 primario

216 3455 329 3521 solum
352 3457 464 3540 privat
485 3456 584 3521 bonis
602 3457 730 3536 mistis,
748 3461 782 3521 et
796 3456 959 3522 indirecte
984 3459 1117 3522 tantum
1136 3472 1184 3520 ao,
1197 3452 1396 3518 secundario

216 3583 302 3650 pure
319 3567 476 3630 euterius..

256 3675 289 3740 3⁹
303 3675 408 3740 Poena
418 3675 638 3740 medicinalis.
652 3674 803 3738 Censura
816 3691 887 3739 non
900 3677 953 3736 est
962 3689 1064 3756 poena
1076 3670 1279 3736 vindicativa
1293 3671 1395 3736 scele-

218 3785 264 3848 ris
276 3786 349 3867 jam
361 3781 495 3866 patrati,
514 3782 573 3848 sed
584 3783 697 3867 potius
710 3786 762 3846 est
775 3799 878 3866 poena
888 3778 1098 3845 medicinalis
1110 3777 1292 3843 intendens
1307 3780 1395 3843 lutu-

216 3910 290 3956 ram
309 3893 557 3957 correctionem
579 3890 819 3974 delinquentis,
842 3887 960 3964 idest,
984 3886 1211 3952 inobedientis
1234 3888 1395 3971 potestati

216 3998 461 4065 ecclesiasticae.
476 3999 518 4062 at
528 4016 598 4063 non
614 3996 693 4062 inde
709 3999 864 4082 sequitur
877 3997 912 4060 in
928 3993 1101 4060 neminem
1113 3993 1193 4058 terri
1203 4012 1316 4078 posse,
1329 3994 1395 4057 nisi

215 4108 251 4174 in
266 4125 345 4172 eum
358 4108 416 4191 qui
430 4112 607 4190 reputatur
620 4104 845 4187 corrigendus
859 4125 866 4180 ;
882 4104 971 4188 quia,
988 4101 1067 4166 licet
1079 4119 1225 4166 censura
1242 4100 1396 4165 intendat

214 4217 444 4302 principaliter
453 4215 732 4282 emendationem
745 4212 987 4298 delinquentis,
1000 4217 1117 4276 tamen
1127 4228 1188 4294 per
1203 4228 1280 4273 eam
1289 4209 1397 4274 Eccle-

217 4327 266 4390 sia
280 4325 427 4390 intendit
440 4326 560 4409 punire
574 4345 581 4401 ;
598 4325 675 4389 ideo
691 4323 818 4407 duplex
831 4323 920 4399 linis,
937 4321 1100 4385 correctio
1117 4318 1244 4384 scilicet
1258 4320 1292 4382 et
1301 4317 1396 4402 puni-

216 4435 273 4511 tio,
292 4440 326 4499 et
346 4452 413 4498 uno
430 4435 498 4498 ssne
513 4437 680 4508 cessante,
704 4451 773 4496 non
793 4450 834 4495 eo
856 4431 929 4514 ipso
944 4433 1054 4494 cessat
1073 4426 1168 4491 alter.
1185 4427 1309 4491 Verum
1325 4445 1397 4491 cor-

215 4542 320 4608 rectio
344 4547 397 4606 est
415 4541 491 4606 linis
508 4540 711 4625 principalis,
730 4546 764 4605 et
786 4540 863 4604 ideo
886 4540 922 4602 in
937 4537 1135 4601 delinitione
1160 4535 1281 4600 dieitur
1298 4557 1304 4597 :
1324 4561 1339 4594 «
1359 4539 1397 4599 ut

215 4651 429 4732 corrigantur
443 4655 478 4714 et
491 4669 512 4714 a
523 4651 738 4715 contumacia
751 4649 927 4714 desistant.
939 4673 954 4706 »

255 4757 287 4826 4⁰
303 4758 430 4824 Dicitur
442 4757 557 4842 fideles
571 4775 648 4824 suos
664 4757 895 4842 delinquentes
903 4772 917 4837 ;
932 4773 1011 4820 nam
1025 4772 1170 4820 censura
1190 4770 1261 4818 non
1282 4755 1394 4838 potest
