<?xml version="1.0" encoding="UTF-8"?>
<!DOCTYPE html PUBLIC "-//W3C//DTD XHTML 1.0 Transitional//EN"
    "http://www.w3.org/TR/xhtml1/DTD/xhtml1-transitional.dtd">
<html xmlns="http://www.w3.org/1999/xhtml" xml:lang="en" lang="en">
 <head>
  <title>
</title>
<meta http-equiv="Content-Type" content="text/html;charset=utf-8" />
  <meta name='ocr-system' content='tesseract 3.04.00' />
  <meta name='ocr-capabilities' content='ocr_page ocr_carea ocr_par ocr_line ocrx_word'/>
</head>
<body>
  <div class='ocr_page' id='page_1' title='image "./juscanonicumjux01grangoog/juscanonicumjux01grangoog_0221.png"; bbox 0 0 3482 5560; ppageno 0'>
   <div class='ocr_carea' id='block_1_1' title="bbox 487 639 1319 715">
    <p class='ocr_par' dir='ltr' id='par_1_1' title="bbox 487 639 1319 715">
     <span class='ocr_line' id='line_1_1' title="bbox 487 639 1319 715; baseline -0.004 -8"><span class='ocrx_word' id='word_1_1' title='bbox 487 661 572 708; x_wconf 84' lang='lat' dir='ltr'><strong>unns</strong></span> <span class='ocrx_word' id='word_1_2' title='bbox 595 661 730 715; x_wconf 71' lang='lat' dir='ltr'><strong>occasus</strong></span> <span class='ocrx_word' id='word_1_3' title='bbox 753 663 970 710; x_wconf 81' lang='lat' dir='ltr'><strong>oncanrsnruu.</strong></span> <span class='ocrx_word' id='word_1_4' title='bbox 1263 639 1319 705; x_wconf 72' lang='grc'><strong>111</strong></span> 
     </span>
    </p>
   </div>
   <div class='ocr_carea' id='block_1_2' title="bbox 147 777 1334 2807">
    <p class='ocr_par' dir='ltr' id='par_1_2' title="bbox 147 777 1329 1940">
     <span class='ocr_line' id='line_1_2' title="bbox 147 777 1324 864; baseline -0.003 -19"><span class='ocrx_word' id='word_1_5' title='bbox 147 795 227 846; x_wconf 88' lang='lat' dir='ltr'><strong>cum</strong></span> <span class='ocrx_word' id='word_1_6' title='bbox 242 783 363 862; x_wconf 88' lang='lat' dir='ltr'><strong>quarto</strong></span> <span class='ocrx_word' id='word_1_7' title='bbox 378 780 551 862; x_wconf 73' lang='lat' dir='ltr'><strong>coniuncti</strong></span> <span class='ocrx_word' id='word_1_8' title='bbox 561 799 638 845; x_wconf 93' lang='lat' dir='ltr'><strong>non</strong></span> <span class='ocrx_word' id='word_1_9' title='bbox 653 785 813 844; x_wconf 90' lang='lat' dir='ltr'><strong>tenentur</strong></span> <span class='ocrx_word' id='word_1_10' title='bbox 828 777 1052 864; x_wconf 80' lang='lat' dir='ltr'><strong>personaliter</strong></span> <span class='ocrx_word' id='word_1_11' title='bbox 1065 777 1108 842; x_wconf 87' lang='lat' dir='ltr'><strong>ad</strong></span> <span class='ocrx_word' id='word_1_12' title='bbox 1123 777 1247 842; x_wconf 83' lang='lat' dir='ltr'><strong>Urbem</strong></span> <span class='ocrx_word' id='word_1_13' title='bbox 1266 797 1324 842; x_wconf 89' lang='lat' dir='ltr'><strong>ve-</strong></span> 
     </span>
     <span class='ocr_line' id='line_1_3' title="bbox 148 884 1324 972; baseline -0.003 -20"><span class='ocrx_word' id='word_1_14' title='bbox 148 889 237 952; x_wconf 88' lang='lat' dir='ltr'><strong>nire:</strong></span> <span class='ocrx_word' id='word_1_15' title='bbox 249 887 422 970; x_wconf 84' lang='lat' dir='ltr'><strong>conjuncti</strong></span> <span class='ocrx_word' id='word_1_16' title='bbox 429 905 513 952; x_wconf 82' lang='lat' dir='ltr'><strong>vero</strong></span> <span class='ocrx_word' id='word_1_17' title='bbox 520 889 619 952; x_wconf 90' lang='lat' dir='ltr'><strong>tertio</strong></span> <span class='ocrx_word' id='word_1_18' title='bbox 627 888 736 969; x_wconf 77' lang='lat' dir='ltr'><strong>gradu</strong></span> <span class='ocrx_word' id='word_1_19' title='bbox 744 887 897 972; x_wconf 90' lang='lat' dir='ltr'><strong>simplici,</strong></span> <span class='ocrx_word' id='word_1_20' title='bbox 907 886 961 950; x_wconf 83' lang='lat' dir='ltr'><strong>vel</strong></span> <span class='ocrx_word' id='word_1_21' title='bbox 973 884 1122 950; x_wconf 89' lang='lat' dir='ltr'><strong>secundo</strong></span> <span class='ocrx_word' id='word_1_22' title='bbox 1130 885 1237 949; x_wconf 85' lang='lat' dir='ltr'><strong>mixto</strong></span> <span class='ocrx_word' id='word_1_23' title='bbox 1245 902 1324 949; x_wconf 89' lang='lat' dir='ltr'><strong>cum</strong></span> 
     </span>
     <span class='ocr_line' id='line_1_4' title="bbox 149 991 1323 1078; baseline -0.003 -20"><span class='ocrx_word' id='word_1_24' title='bbox 149 995 259 1072; x_wconf 88' lang='lat' dir='ltr'><strong>tertio,</strong></span> <span class='ocrx_word' id='word_1_25' title='bbox 282 995 311 1058; x_wconf 87' lang='lat' dir='ltr'><strong>si</strong></span> <span class='ocrx_word' id='word_1_26' title='bbox 326 993 415 1058; x_wconf 91' lang='lat' dir='ltr'><strong>ultra</strong></span> <span class='ocrx_word' id='word_1_27' title='bbox 430 994 489 1059; x_wconf 81' lang='lat' dir='ltr'><strong>loo</strong></span> <span class='ocrx_word' id='word_1_28' title='bbox 503 994 659 1060; x_wconf 90' lang='lat' dir='ltr'><strong>milliaria</strong></span> <span class='ocrx_word' id='word_1_29' title='bbox 672 995 786 1060; x_wconf 83' lang='lat' dir='ltr'><strong>Italica</strong></span> <span class='ocrx_word' id='word_1_30' title='bbox 800 996 886 1078; x_wconf 84' lang='lat' dir='ltr'><strong>(quae</strong></span> <span class='ocrx_word' id='word_1_31' title='bbox 898 993 1026 1058; x_wconf 89' lang='lat' dir='ltr'><strong>iaciunt</strong></span> <span class='ocrx_word' id='word_1_32' title='bbox 1045 993 1177 1057; x_wconf 87' lang='lat' dir='ltr'><strong>circiter</strong></span> <span class='ocrx_word' id='word_1_33' title='bbox 1197 993 1238 1056; x_wconf 76' lang='lat' dir='ltr'><strong>no</strong></span> <span class='ocrx_word' id='word_1_34' title='bbox 1250 991 1323 1055; x_wconf 92' lang='lat' dir='ltr'><strong>leu-</strong></span> 
     </span>
     <span class='ocr_line' id='line_1_5' title="bbox 148 1098 1325 1184; baseline -0.005 -16"><span class='ocrx_word' id='word_1_35' title='bbox 148 1121 205 1168; x_wconf 87' lang='lat' dir='ltr'><strong>cas</strong></span> <span class='ocrx_word' id='word_1_36' title='bbox 226 1101 453 1184; x_wconf 86' lang='lat' dir='ltr'><strong>Germanicas)</strong></span> <span class='ocrx_word' id='word_1_37' title='bbox 469 1120 539 1167; x_wconf 92' lang='lat' dir='ltr'><strong>non</strong></span> <span class='ocrx_word' id='word_1_38' title='bbox 553 1102 681 1166; x_wconf 89' lang='lat' dir='ltr'><strong>distent</strong></span> <span class='ocrx_word' id='word_1_39' title='bbox 694 1104 736 1168; x_wconf 87' lang='lat' dir='ltr'><strong>ab</strong></span> <span class='ocrx_word' id='word_1_40' title='bbox 752 1103 849 1178; x_wconf 89' lang='lat' dir='ltr'><strong>Urbe,</strong></span> <span class='ocrx_word' id='word_1_41' title='bbox 873 1106 1034 1165; x_wconf 89' lang='lat' dir='ltr'><strong>tenentur</strong></span> <span class='ocrx_word' id='word_1_42' title='bbox 1047 1099 1270 1182; x_wconf 82' lang='lat' dir='ltr'><strong>personaliter</strong></span> <span class='ocrx_word' id='word_1_43' title='bbox 1283 1098 1325 1162; x_wconf 91' lang='lat' dir='ltr'><strong>ad</strong></span> 
     </span>
     <span class='ocr_line' id='line_1_6' title="bbox 152 1206 1326 1292; baseline -0.005 -16"><span class='ocrx_word' id='word_1_44' title='bbox 152 1229 229 1276; x_wconf 90' lang='lat' dir='ltr'><strong>eam</strong></span> <span class='ocrx_word' id='word_1_45' title='bbox 244 1209 378 1285; x_wconf 84' lang='lat' dir='ltr'><strong>venirc;</strong></span> <span class='ocrx_word' id='word_1_46' title='bbox 395 1209 445 1273; x_wconf 91' lang='lat' dir='ltr'><strong>uti</strong></span> <span class='ocrx_word' id='word_1_47' title='bbox 464 1213 499 1274; x_wconf 90' lang='lat' dir='ltr'><strong>et</strong></span> <span class='ocrx_word' id='word_1_48' title='bbox 515 1211 689 1292; x_wconf 89' lang='lat' dir='ltr'><strong>conjuncti</strong></span> <span class='ocrx_word' id='word_1_49' title='bbox 707 1210 817 1292; x_wconf 86' lang='lat' dir='ltr'><strong>primo</strong></span> <span class='ocrx_word' id='word_1_50' title='bbox 834 1209 940 1292; x_wconf 60' lang='lat' dir='ltr'><strong>mado</strong></span> <span class='ocrx_word' id='word_1_51' title='bbox 957 1208 1064 1272; x_wconf 79' lang='lat' dir='ltr'><strong>mixto</strong></span> <span class='ocrx_word' id='word_1_52' title='bbox 1076 1226 1154 1272; x_wconf 90' lang='lat' dir='ltr'><strong>cum</strong></span> <span class='ocrx_word' id='word_1_53' title='bbox 1176 1206 1326 1272; x_wconf 88' lang='lat' dir='ltr'><strong>secundo</strong></span> 
     </span>
     <span class='ocr_line' id='line_1_7' title="bbox 150 1316 1327 1411; baseline -0.003 -28"><span class='ocrx_word' id='word_1_54' title='bbox 150 1326 184 1384; x_wconf 90' lang='lat' dir='ltr'><strong>et</strong></span> <span class='ocrx_word' id='word_1_55' title='bbox 213 1319 323 1396; x_wconf 90' lang='lat' dir='ltr'><strong>tertio,</strong></span> <span class='ocrx_word' id='word_1_56' title='bbox 355 1337 425 1384; x_wconf 91' lang='lat' dir='ltr'><strong>non</strong></span> <span class='ocrx_word' id='word_1_57' title='bbox 453 1320 610 1411; x_wconf 85' lang='lat' dir='ltr'><strong>obstante</strong></span> <span class='ocrx_word' id='word_1_58' title='bbox 636 1337 849 1404; x_wconf 85' lang='lat' dir='ltr'><strong>quacumque</strong></span> <span class='ocrx_word' id='word_1_59' title='bbox 876 1318 1035 1382; x_wconf 85' lang='lat' dir='ltr'><strong>distantia</strong></span> <span class='ocrx_word' id='word_1_60' title='bbox 1060 1322 1095 1382; x_wconf 91' lang='lat' dir='ltr'><strong>et</strong></span> <span class='ocrx_word' id='word_1_61' title='bbox 1114 1317 1240 1400; x_wconf 89' lang='lat' dir='ltr'><strong>inopia,</strong></span> <span class='ocrx_word' id='word_1_62' title='bbox 1262 1316 1327 1382; x_wconf 82' lang='lat' dir='ltr'><strong>etsi</strong></span> 
     </span>
     <span class='ocr_line' id='line_1_8' title="bbox 148 1423 1326 1492; baseline -0.003 -2"><span class='ocrx_word' id='word_1_63' title='bbox 148 1425 377 1492; x_wconf 79' lang='lat' dir='ltr'><strong>mendicando</strong></span> <span class='ocrx_word' id='word_1_64' title='bbox 392 1426 471 1491; x_wconf 88' lang='lat' dir='ltr'><strong>illue</strong></span> <span class='ocrx_word' id='word_1_65' title='bbox 485 1427 534 1490; x_wconf 91' lang='lat' dir='ltr'><strong>ire</strong></span> <span class='ocrx_word' id='word_1_66' title='bbox 553 1425 609 1492; x_wconf 89' lang='lat' dir='ltr'><strong>vel</strong></span> <span class='ocrx_word' id='word_1_67' title='bbox 627 1426 738 1492; x_wconf 89' lang='lat' dir='ltr'><strong>redire</strong></span> <span class='ocrx_word' id='word_1_68' title='bbox 752 1425 938 1490; x_wconf 90' lang='lat' dir='ltr'><strong>deberent:</strong></span> <span class='ocrx_word' id='word_1_69' title='bbox 954 1429 989 1489; x_wconf 90' lang='lat' dir='ltr'><strong>et</strong></span> <span class='ocrx_word' id='word_1_70' title='bbox 1001 1424 1171 1490; x_wconf 80' lang='lat' dir='ltr'><strong>veniendo</strong></span> <span class='ocrx_word' id='word_1_71' title='bbox 1182 1423 1326 1489; x_wconf 87' lang='lat' dir='ltr'><strong>Romam</strong></span> 
     </span>
     <span class='ocr_line' id='line_1_9' title="bbox 150 1525 1326 1618; baseline -0.003 -20"><span class='ocrx_word' id='word_1_72' title='bbox 150 1525 310 1600; x_wconf 83' lang='lat' dir='ltr'><strong>tenentur</strong></span> <span class='ocrx_word' id='word_1_73' title='bbox 331 1553 402 1600; x_wconf 85' lang='lat' dir='ltr'><strong>suae</strong></span> <span class='ocrx_word' id='word_1_74' title='bbox 423 1535 632 1618; x_wconf 83' lang='lat' dir='ltr'><strong>paupertatis</strong></span> <span class='ocrx_word' id='word_1_75' title='bbox 657 1535 893 1600; x_wconf 90' lang='lat' dir='ltr'><strong>testimonium</strong></span> <span class='ocrx_word' id='word_1_76' title='bbox 911 1533 1034 1598; x_wconf 85' lang='lat' dir='ltr'><strong>atierre</strong></span> <span class='ocrx_word' id='word_1_77' title='bbox 1061 1534 1103 1598; x_wconf 90' lang='lat' dir='ltr'><strong>ab</strong></span> <span class='ocrx_word' id='word_1_78' title='bbox 1127 1532 1326 1599; x_wconf 89' lang='lat' dir='ltr'><strong>ordinario:</strong></span> 
     </span>
     <span class='ocr_line' id='line_1_10' title="bbox 151 1640 1329 1726; baseline -0.002 -21"><span class='ocrx_word' id='word_1_79' title='bbox 151 1643 199 1706; x_wconf 88' lang='lat' dir='ltr'><strong>ite</strong></span> <span class='ocrx_word' id='word_1_80' title='bbox 211 1662 254 1706; x_wconf 85' lang='lat' dir='ltr'><strong>ex</strong></span> <span class='ocrx_word' id='word_1_81' title='bbox 259 1643 356 1726; x_wconf 81' lang='lat' dir='ltr'><strong>praxi</strong></span> <span class='ocrx_word' id='word_1_82' title='bbox 366 1648 401 1708; x_wconf 90' lang='lat' dir='ltr'><strong>et</strong></span> <span class='ocrx_word' id='word_1_83' title='bbox 410 1643 498 1726; x_wconf 88' lang='lat' dir='ltr'><strong>stylo</strong></span> <span class='ocrx_word' id='word_1_84' title='bbox 508 1641 615 1708; x_wconf 79' lang='lat' dir='ltr'><strong>Guriae</strong></span> <span class='ocrx_word' id='word_1_85' title='bbox 627 1643 726 1708; x_wconf 88' lang='lat' dir='ltr'><strong>docet</strong></span> <span class='ocrx_word' id='word_1_86' title='bbox 735 1641 884 1719; x_wconf 82' lang='lat' dir='ltr'><strong>Corrad,</strong></span> <span class='ocrx_word' id='word_1_87' title='bbox 894 1641 952 1726; x_wconf 90' lang='lat' dir='ltr'><strong>qui</strong></span> <span class='ocrx_word' id='word_1_88' title='bbox 960 1647 1075 1706; x_wconf 85' lang='lat' dir='ltr'><strong>temen</strong></span> <span class='ocrx_word' id='word_1_89' title='bbox 1087 1640 1190 1716; x_wconf 87' lang='lat' dir='ltr'><strong>addit,</strong></span> <span class='ocrx_word' id='word_1_90' title='bbox 1203 1640 1329 1723; x_wconf 87' lang='lat' dir='ltr'><strong>Papam</strong></span> 
     </span>
     <span class='ocr_line' id='line_1_11' title="bbox 154 1731 1326 1833; baseline -0.003 -19"><span class='ocrx_word' id='word_1_91' title='bbox 154 1769 198 1814; x_wconf 85' lang='lat' dir='ltr'><strong>ex</strong></span> <span class='ocrx_word' id='word_1_92' title='bbox 218 1748 355 1833; x_wconf 87' lang='lat' dir='ltr'><strong>speciali</strong></span> <span class='ocrx_word' id='word_1_93' title='bbox 377 1751 487 1832; x_wconf 81' lang='lat' dir='ltr'><strong>gratie</strong></span> <span class='ocrx_word' id='word_1_94' title='bbox 518 1749 715 1833; x_wconf 89' lang='lat' dir='ltr'><strong>dispensare</strong></span> <span class='ocrx_word' id='word_1_95' title='bbox 738 1731 818 1814; x_wconf 84' lang='lat' dir='ltr'><strong>cum</strong></span> <span class='ocrx_word' id='word_1_96' title='bbox 837 1749 1029 1814; x_wconf 89' lang='lat' dir='ltr'><strong>oratoribus</strong></span> <span class='ocrx_word' id='word_1_97' title='bbox 1054 1748 1326 1823; x_wconf 84' lang='lat' dir='ltr'><strong>ultramontanis,</strong></span> 
     </span>
     <span class='ocr_line' id='line_1_12' title="bbox 151 1855 1327 1940; baseline -0.002 -20"><span class='ocrx_word' id='word_1_98' title='bbox 151 1857 262 1940; x_wconf 80' lang='lat' dir='ltr'><strong>(hodie</strong></span> <span class='ocrx_word' id='word_1_99' title='bbox 276 1875 413 1922; x_wconf 90' lang='lat' dir='ltr'><strong>cumom</strong></span> <span class='ocrx_word' id='word_1_100' title='bbox 424 1857 536 1940; x_wconf 92' lang='lat' dir='ltr'><strong>nibus)</strong></span> <span class='ocrx_word' id='word_1_101' title='bbox 546 1875 589 1921; x_wconf 91' lang='lat' dir='ltr'><strong>ne</strong></span> <span class='ocrx_word' id='word_1_102' title='bbox 603 1856 828 1940; x_wconf 85' lang='lat' dir='ltr'><strong>personaliter</strong></span> <span class='ocrx_word' id='word_1_103' title='bbox 839 1862 1006 1938; x_wconf 85' lang='lat' dir='ltr'><strong>cogantur</strong></span> <span class='ocrx_word' id='word_1_104' title='bbox 1017 1856 1141 1920; x_wconf 90' lang='lat' dir='ltr'><strong>Urbem</strong></span> <span class='ocrx_word' id='word_1_105' title='bbox 1155 1855 1327 1921; x_wconf 91' lang='lat' dir='ltr'><strong>accedere.</strong></span> 
     </span>
    </p>

    <p class='ocr_par' dir='ltr' id='par_1_3' title="bbox 151 1964 1334 2807">
     <span class='ocr_line' id='line_1_13' title="bbox 190 1964 1332 2050; baseline -0.002 -20"><span class='ocrx_word' id='word_1_106' title='bbox 190 1965 290 2050; x_wconf 87' lang='lat' dir='ltr'><strong>Resp.</strong></span> <span class='ocrx_word' id='word_1_107' title='bbox 306 1967 336 2029; x_wconf 78' lang='lat' dir='ltr'><strong>b.</strong></span> <span class='ocrx_word' id='word_1_108' title='bbox 354 1965 540 2031; x_wconf 84' lang='lat' dir='ltr'><strong>Exsecutor</strong></span> <span class='ocrx_word' id='word_1_109' title='bbox 553 1966 744 2031; x_wconf 90' lang='lat' dir='ltr'><strong>litterarum</strong></span> <span class='ocrx_word' id='word_1_110' title='bbox 758 1991 773 2024; x_wconf 80' lang='lat' dir='ltr'><strong>e</strong></span> <span class='ocrx_word' id='word_1_111' title='bbox 790 1965 825 2030; x_wconf 91' lang='lat' dir='ltr'><strong>in</strong></span> <span class='ocrx_word' id='word_1_112' title='bbox 840 1967 951 2030; x_wconf 85' lang='lat' dir='ltr'><strong>torma</strong></span> <span class='ocrx_word' id='word_1_113' title='bbox 963 1983 1179 2050; x_wconf 87' lang='lat' dir='ltr'><strong>pauperum»</strong></span> <span class='ocrx_word' id='word_1_114' title='bbox 1194 1965 1229 2028; x_wconf 86' lang='lat' dir='ltr'><strong>vi</strong></span> <span class='ocrx_word' id='word_1_115' title='bbox 1243 1964 1332 2030; x_wconf 89' lang='lat' dir='ltr'><strong>olau-</strong></span> 
     </span>
     <span class='ocr_line' id='line_1_14' title="bbox 152 2072 1333 2156; baseline 0 -19"><span class='ocrx_word' id='word_1_116' title='bbox 152 2073 304 2139; x_wconf 86' lang='lat' dir='ltr'><strong>sularum</strong></span> <span class='ocrx_word' id='word_1_117' title='bbox 320 2078 475 2138; x_wconf 90' lang='lat' dir='ltr'><strong>tenetur:</strong></span> <span class='ocrx_word' id='word_1_118' title='bbox 499 2075 530 2137; x_wconf 71' lang='grc' dir='ltr'><strong>1ο</strong></span> <span class='ocrx_word' id='word_1_119' title='bbox 546 2079 709 2150; x_wconf 73' lang='lat' dir='ltr'><strong>oratores</strong></span> <span class='ocrx_word' id='word_1_120' title='bbox 727 2075 756 2138; x_wconf 91' lang='lat' dir='ltr'><strong>si</strong></span> <span class='ocrx_word' id='word_1_121' title='bbox 769 2073 974 2150; x_wconf 90' lang='lat' dir='ltr'><strong>cohabitent,</strong></span> <span class='ocrx_word' id='word_1_122' title='bbox 987 2092 1007 2138; x_wconf 91' lang='lat' dir='ltr'><strong>a</strong></span> <span class='ocrx_word' id='word_1_123' title='bbox 1022 2091 1058 2138; x_wconf 94' lang='lat' dir='ltr'><strong>se</strong></span> <span class='ocrx_word' id='word_1_124' title='bbox 1072 2072 1219 2138; x_wconf 80' lang='lat' dir='ltr'><strong>invicem</strong></span> <span class='ocrx_word' id='word_1_125' title='bbox 1236 2089 1333 2156; x_wconf 85' lang='lat' dir='ltr'><strong>sepa-</strong></span> 
     </span>
     <span class='ocr_line' id='line_1_15' title="bbox 151 2179 1331 2266; baseline -0.003 -19"><span class='ocrx_word' id='word_1_126' title='bbox 151 2201 226 2247; x_wconf 88' lang='lat' dir='ltr'><strong>rare</strong></span> <span class='ocrx_word' id='word_1_127' title='bbox 239 2183 297 2266; x_wconf 89' lang='lat' dir='ltr'><strong>(l);</strong></span> <span class='ocrx_word' id='word_1_128' title='bbox 312 2183 344 2246; x_wconf 66' lang='lat'><strong>20</strong></span> <span class='ocrx_word' id='word_1_129' title='bbox 359 2182 536 2265; x_wconf 88' lang='lat' dir='ltr'><strong>imponere</strong></span> <span class='ocrx_word' id='word_1_130' title='bbox 548 2183 598 2246; x_wconf 90' lang='lat' dir='ltr'><strong>eis</strong></span> <span class='ocrx_word' id='word_1_131' title='bbox 609 2183 847 2266; x_wconf 71' lang='lat' dir='ltr'><strong>poenitentiam</strong></span> <span class='ocrx_word' id='word_1_132' title='bbox 857 2181 1039 2265; x_wconf 89' lang='lat' dir='ltr'><strong>publicam,</strong></span> <span class='ocrx_word' id='word_1_133' title='bbox 1055 2180 1121 2247; x_wconf 87' lang='lat' dir='ltr'><strong>hoc</strong></span> <span class='ocrx_word' id='word_1_134' title='bbox 1136 2185 1198 2256; x_wconf 89' lang='lat' dir='ltr'><strong>est,</strong></span> <span class='ocrx_word' id='word_1_135' title='bbox 1216 2179 1331 2256; x_wconf 86' lang='lat' dir='ltr'><strong>talem,</strong></span> 
     </span>
     <span class='ocr_line' id='line_1_16' title="bbox 153 2290 1333 2376; baseline -0.003 -22"><span class='ocrx_word' id='word_1_136' title='bbox 153 2309 227 2376; x_wconf 79' lang='lat' dir='ltr'><strong>quae</strong></span> <span class='ocrx_word' id='word_1_137' title='bbox 249 2290 346 2354; x_wconf 86' lang='lat' dir='ltr'><strong>lacile</strong></span> <span class='ocrx_word' id='word_1_138' title='bbox 367 2291 603 2355; x_wconf 80' lang='lat' dir='ltr'><strong>communitati</strong></span> <span class='ocrx_word' id='word_1_139' title='bbox 627 2291 820 2355; x_wconf 86' lang='lat' dir='ltr'><strong>innotescat</strong></span> <span class='ocrx_word' id='word_1_140' title='bbox 839 2290 882 2354; x_wconf 89' lang='lat' dir='ltr'><strong>ad</strong></span> <span class='ocrx_word' id='word_1_141' title='bbox 902 2290 1098 2374; x_wconf 83' lang='lat' dir='ltr'><strong>exemplum</strong></span> <span class='ocrx_word' id='word_1_142' title='bbox 1114 2293 1149 2354; x_wconf 94' lang='lat' dir='ltr'><strong>et</strong></span> <span class='ocrx_word' id='word_1_143' title='bbox 1166 2293 1333 2353; x_wconf 88' lang='lat' dir='ltr'><strong>terrorem</strong></span> 
     </span>
     <span class='ocr_line' id='line_1_17' title="bbox 153 2396 1333 2481; baseline -0.004 -18"><span class='ocrx_word' id='word_1_144' title='bbox 153 2397 312 2474; x_wconf 83' lang='lat' dir='ltr'><strong>aliomm3</strong></span> <span class='ocrx_word' id='word_1_145' title='bbox 328 2399 360 2462; x_wconf 67' lang='grc' dir='ltr'><strong>3ο</strong></span> <span class='ocrx_word' id='word_1_146' title='bbox 372 2397 548 2480; x_wconf 92' lang='lat' dir='ltr'><strong>imponere</strong></span> <span class='ocrx_word' id='word_1_147' title='bbox 562 2398 688 2464; x_wconf 88' lang='lat' dir='ltr'><strong>oratori</strong></span> <span class='ocrx_word' id='word_1_148' title='bbox 704 2417 844 2481; x_wconf 90' lang='lat' dir='ltr'><strong>operem</strong></span> <span class='ocrx_word' id='word_1_149' title='bbox 859 2398 1073 2481; x_wconf 89' lang='lat' dir='ltr'><strong>personalem</strong></span> <span class='ocrx_word' id='word_1_150' title='bbox 1093 2397 1135 2462; x_wconf 91' lang='lat' dir='ltr'><strong>ad</strong></span> <span class='ocrx_word' id='word_1_151' title='bbox 1155 2396 1333 2461; x_wconf 89' lang='lat' dir='ltr'><strong>servitium</strong></span> 
     </span>
     <span class='ocr_line' id='line_1_18' title="bbox 152 2503 1332 2590; baseline -0.003 -20"><span class='ocrx_word' id='word_1_152' title='bbox 152 2505 296 2589; x_wconf 89' lang='lat' dir='ltr'><strong>alicujus</strong></span> <span class='ocrx_word' id='word_1_153' title='bbox 317 2505 478 2582; x_wconf 74' lang='lat' dir='ltr'><strong>ecclesia,</strong></span> <span class='ocrx_word' id='word_1_154' title='bbox 495 2505 616 2570; x_wconf 89' lang='lat' dir='ltr'><strong>saltem</strong></span> <span class='ocrx_word' id='word_1_155' title='bbox 638 2525 700 2590; x_wconf 91' lang='lat' dir='ltr'><strong>per</strong></span> <span class='ocrx_word' id='word_1_156' title='bbox 714 2511 783 2570; x_wconf 90' lang='lat' dir='ltr'><strong>tres</strong></span> <span class='ocrx_word' id='word_1_157' title='bbox 800 2523 938 2570; x_wconf 88' lang='lat' dir='ltr'><strong>menses</strong></span> <span class='ocrx_word' id='word_1_158' title='bbox 955 2507 1008 2588; x_wconf 75' lang='grc'><strong>(1),</strong></span> <span class='ocrx_word' id='word_1_159' title='bbox 1030 2506 1152 2590; x_wconf 91' lang='lat' dir='ltr'><strong>quibus</strong></span> <span class='ocrx_word' id='word_1_160' title='bbox 1174 2503 1332 2570; x_wconf 87' lang='lat' dir='ltr'><strong>omnibus</strong></span> 
     </span>
     <span class='ocr_line' id='line_1_19' title="bbox 153 2596 1334 2697; baseline 0.001 -21"><span class='ocrx_word' id='word_1_161' title='bbox 153 2614 308 2695; x_wconf 76' lang='lat' dir='ltr'><strong>peractis,</strong></span> <span class='ocrx_word' id='word_1_162' title='bbox 326 2596 465 2678; x_wconf 87' lang='lat' dir='ltr'><strong>tandem</strong></span> <span class='ocrx_word' id='word_1_163' title='bbox 486 2613 696 2697; x_wconf 87' lang='lat' dir='ltr'><strong>dispensabit</strong></span> <span class='ocrx_word' id='word_1_164' title='bbox 713 2631 790 2679; x_wconf 91' lang='lat' dir='ltr'><strong>cum</strong></span> <span class='ocrx_word' id='word_1_165' title='bbox 813 2615 883 2690; x_wconf 87' lang='lat' dir='ltr'><strong>eis;</strong></span> <span class='ocrx_word' id='word_1_166' title='bbox 910 2618 944 2678; x_wconf 90' lang='lat' dir='ltr'><strong>et</strong></span> <span class='ocrx_word' id='word_1_167' title='bbox 965 2613 1102 2697; x_wconf 90' lang='lat' dir='ltr'><strong>quidem</strong></span> <span class='ocrx_word' id='word_1_168' title='bbox 1119 2613 1236 2694; x_wconf 82' lang='lat' dir='ltr'><strong>gratis,</strong></span> <span class='ocrx_word' id='word_1_169' title='bbox 1252 2611 1334 2677; x_wconf 91' lang='lat' dir='ltr'><strong>alio·</strong></span> 
     </span>
     <span class='ocr_line' id='line_1_20' title="bbox 154 2721 657 2807; baseline 0 -21"><span class='ocrx_word' id='word_1_170' title='bbox 154 2723 236 2805; x_wconf 92' lang='lat' dir='ltr'><strong>quin</strong></span> <span class='ocrx_word' id='word_1_171' title='bbox 252 2722 462 2807; x_wconf 84' lang='lat' dir='ltr'><strong>dispensatio</strong></span> <span class='ocrx_word' id='word_1_172' title='bbox 478 2723 542 2788; x_wconf 90' lang='lat' dir='ltr'><strong>erit</strong></span> <span class='ocrx_word' id='word_1_173' title='bbox 555 2721 657 2788; x_wconf 90' lang='lat' dir='ltr'><strong>nulla.</strong></span> 
     </span>
    </p>
   </div>
   <div class='ocr_carea' id='block_1_3' title="bbox 153 2931 1330 3009">
    <p class='ocr_par' dir='ltr' id='par_1_4' title="bbox 153 2931 1330 3009">
     <span class='ocr_line' id='line_1_21' title="bbox 153 2931 1330 3009; baseline 0.002 -15"><span class='ocrx_word' id='word_1_174' title='bbox 153 2937 168 3006; x_wconf 69' lang='lat' dir='ltr'><strong>i</strong></span> <span class='ocrx_word' id='word_1_175' title='bbox 186 2931 232 2996; x_wconf 81' lang='lat' dir='ltr'><strong>tv.</strong></span> <span class='ocrx_word' id='word_1_176' title='bbox 250 2934 291 2996; x_wconf 83' lang='lat' dir='ltr'><strong>De</strong></span> <span class='ocrx_word' id='word_1_177' title='bbox 304 2935 512 2994; x_wconf 74' lang='lat' dir='ltr'><strong>commissione</strong></span> <span class='ocrx_word' id='word_1_178' title='bbox 526 2939 555 2994; x_wconf 87' lang='lat' dir='ltr'><strong>et</strong></span> <span class='ocrx_word' id='word_1_179' title='bbox 569 2936 757 2994; x_wconf 75' lang='lat' dir='ltr'><strong>correctione</strong></span> <span class='ocrx_word' id='word_1_180' title='bbox 772 2935 1029 3009; x_wconf 77' lang='lat' dir='ltr'><strong>dispensationum</strong></span> <span class='ocrx_word' id='word_1_181' title='bbox 1049 2935 1330 2996; x_wconf 82' lang='lat' dir='ltr'><strong>matrimonialium.</strong></span> 
     </span>
    </p>
   </div>
   <div class='ocr_carea' id='block_1_4' title="bbox 203 3096 1287 3244">
    <p class='ocr_par' dir='ltr' id='par_1_5' title="bbox 203 3096 1287 3244">
     <span class='ocr_line' id='line_1_22' title="bbox 203 3096 1287 3163; baseline 0.002 -13"><span class='ocrx_word' id='word_1_182' title='bbox 203 3097 222 3150; x_wconf 92' lang='lat'><strong>1.</strong></span> <span class='ocrx_word' id='word_1_183' title='bbox 238 3096 385 3158; x_wconf 86' lang='lat' dir='ltr'><strong>Quomodo</strong></span> <span class='ocrx_word' id='word_1_184' title='bbox 400 3096 449 3150; x_wconf 86' lang='lat' dir='ltr'><strong>ilat</strong></span> <span class='ocrx_word' id='word_1_185' title='bbox 464 3097 626 3151; x_wconf 76' lang='lat' dir='ltr'><strong>commissio</strong></span> <span class='ocrx_word' id='word_1_186' title='bbox 640 3099 669 3152; x_wconf 85' lang='lat' dir='ltr'><strong>et</strong></span> <span class='ocrx_word' id='word_1_187' title='bbox 682 3099 824 3152; x_wconf 85' lang='lat' dir='ltr'><strong>exsecutio</strong></span> <span class='ocrx_word' id='word_1_188' title='bbox 839 3097 1057 3163; x_wconf 85' lang='lat' dir='ltr'><strong>dispensationis</strong></span> <span class='ocrx_word' id='word_1_189' title='bbox 1070 3099 1287 3152; x_wconf 86' lang='lat' dir='ltr'><strong>matrimonialis</strong></span> 
     </span>
     <span class='ocr_line' id='line_1_23' title="bbox 607 3179 888 3244; baseline -0.011 -11"><span class='ocrx_word' id='word_1_190' title='bbox 607 3191 657 3244; x_wconf 86' lang='lat' dir='ltr'><strong>pro</strong></span> <span class='ocrx_word' id='word_1_191' title='bbox 676 3179 736 3232; x_wconf 87' lang='lat' dir='ltr'><strong>iore</strong></span> <span class='ocrx_word' id='word_1_192' title='bbox 750 3181 888 3233; x_wconf 80' lang='lat' dir='ltr'><strong>externo?</strong></span> 
     </span>
    </p>
   </div>
   <div class='ocr_carea' id='block_1_5' title="bbox 156 3327 1338 4280">
    <p class='ocr_par' dir='ltr' id='par_1_6' title="bbox 156 3327 1338 4280">
     <span class='ocr_line' id='line_1_24' title="bbox 196 3327 1334 3414; baseline 0 -20"><span class='ocrx_word' id='word_1_193' title='bbox 196 3327 295 3414; x_wconf 88' lang='lat' dir='ltr'><strong>Resp.</strong></span> <span class='ocrx_word' id='word_1_194' title='bbox 313 3331 342 3394; x_wconf 93' lang='lat' dir='ltr'><strong>i.</strong></span> <span class='ocrx_word' id='word_1_195' title='bbox 359 3329 564 3408; x_wconf 85' lang='lat' dir='ltr'><strong>Mandatum,</strong></span> <span class='ocrx_word' id='word_1_196' title='bbox 582 3349 644 3394; x_wconf 90' lang='lat' dir='ltr'><strong>seu</strong></span> <span class='ocrx_word' id='word_1_197' title='bbox 657 3329 779 3395; x_wconf 84' lang='lat' dir='ltr'><strong>litterae</strong></span> <span class='ocrx_word' id='word_1_198' title='bbox 793 3329 1055 3414; x_wconf 90' lang='lat' dir='ltr'><strong>dispensationis</strong></span> <span class='ocrx_word' id='word_1_199' title='bbox 1069 3330 1272 3414; x_wconf 79' lang='lat' dir='ltr'><strong>regulariter</strong></span> <span class='ocrx_word' id='word_1_200' title='bbox 1285 3330 1334 3395; x_wconf 92' lang='lat' dir='ltr'><strong>di-</strong></span> 
     </span>
     <span class='ocr_line' id='line_1_25' title="bbox 156 3438 1334 3522; baseline -0.001 -20"><span class='ocrx_word' id='word_1_201' title='bbox 156 3439 316 3520; x_wconf 84' lang='lat' dir='ltr'><strong>rignntur</strong></span> <span class='ocrx_word' id='word_1_202' title='bbox 334 3438 377 3502; x_wconf 86' lang='lat' dir='ltr'><strong>ad</strong></span> <span class='ocrx_word' id='word_1_203' title='bbox 398 3439 608 3504; x_wconf 89' lang='lat' dir='ltr'><strong>ordinarium</strong></span> <span class='ocrx_word' id='word_1_204' title='bbox 634 3443 820 3516; x_wconf 90' lang='lat' dir='ltr'><strong>oratorum,</strong></span> <span class='ocrx_word' id='word_1_205' title='bbox 843 3457 904 3503; x_wconf 91' lang='lat' dir='ltr'><strong>seu</strong></span> <span class='ocrx_word' id='word_1_206' title='bbox 926 3439 969 3504; x_wconf 89' lang='lat' dir='ltr'><strong>ad</strong></span> <span class='ocrx_word' id='word_1_207' title='bbox 988 3442 1063 3522; x_wconf 77' lang='lat' dir='ltr'><strong>eJ&#39;us</strong></span> <span class='ocrx_word' id='word_1_208' title='bbox 1085 3440 1250 3505; x_wconf 79' lang='lat' dir='ltr'><strong>vicarium</strong></span> <span class='ocrx_word' id='word_1_209' title='bbox 1275 3443 1334 3504; x_wconf 91' lang='lat' dir='ltr'><strong>aut</strong></span> 
     </span>
     <span class='ocr_line' id='line_1_26' title="bbox 157 3545 1334 3631; baseline 0.001 -20"><span class='ocrx_word' id='word_1_210' title='bbox 157 3545 352 3622; x_wconf 88' lang='lat' dir='ltr'><strong>oiiicialem;</strong></span> <span class='ocrx_word' id='word_1_211' title='bbox 363 3546 458 3611; x_wconf 85' lang='lat' dir='ltr'><strong>itaut</strong></span> <span class='ocrx_word' id='word_1_212' title='bbox 467 3547 552 3612; x_wconf 87' lang='lat' dir='ltr'><strong>alter</strong></span> <span class='ocrx_word' id='word_1_213' title='bbox 564 3546 639 3612; x_wconf 92' lang='lat' dir='ltr'><strong>loco</strong></span> <span class='ocrx_word' id='word_1_214' title='bbox 654 3546 793 3612; x_wconf 88' lang='lat' dir='ltr'><strong>alterins</strong></span> <span class='ocrx_word' id='word_1_215' title='bbox 805 3547 1097 3612; x_wconf 89' lang='lat' dir='ltr'><strong>mandatumillud</strong></span> <span class='ocrx_word' id='word_1_216' title='bbox 1109 3547 1250 3631; x_wconf 82' lang='lat' dir='ltr'><strong>exsequi</strong></span> <span class='ocrx_word' id='word_1_217' title='bbox 1264 3565 1334 3612; x_wconf 91' lang='lat' dir='ltr'><strong>non</strong></span> 
     </span>
     <span class='ocr_line' id='line_1_27' title="bbox 157 3653 1335 3737; baseline 0.002 -19"><span class='ocrx_word' id='word_1_218' title='bbox 157 3653 275 3737; x_wconf 86' lang='lat' dir='ltr'><strong>possit.</strong></span> <span class='ocrx_word' id='word_1_219' title='bbox 292 3653 325 3716; x_wconf 91' lang='lat' dir='ltr'><strong>Si</strong></span> <span class='ocrx_word' id='word_1_220' title='bbox 339 3660 454 3719; x_wconf 89' lang='lat' dir='ltr'><strong>tamen</strong></span> <span class='ocrx_word' id='word_1_221' title='bbox 468 3655 664 3720; x_wconf 89' lang='lat' dir='ltr'><strong>commissio</strong></span> <span class='ocrx_word' id='word_1_222' title='bbox 679 3656 768 3720; x_wconf 88' lang='lat' dir='ltr'><strong>iacta</strong></span> <span class='ocrx_word' id='word_1_223' title='bbox 778 3655 821 3718; x_wconf 90' lang='lat' dir='ltr'><strong>sit</strong></span> <span class='ocrx_word' id='word_1_224' title='bbox 835 3657 898 3720; x_wconf 93' lang='lat' dir='ltr'><strong>sub</strong></span> <span class='ocrx_word' id='word_1_225' title='bbox 914 3655 1053 3720; x_wconf 91' lang='lat' dir='ltr'><strong>nomine</strong></span> <span class='ocrx_word' id='word_1_226' title='bbox 1070 3656 1172 3720; x_wconf 85' lang='lat' dir='ltr'><strong>ofsscii</strong></span> <span class='ocrx_word' id='word_1_227' title='bbox 1185 3660 1219 3720; x_wconf 90' lang='lat' dir='ltr'><strong>et</strong></span> <span class='ocrx_word' id='word_1_228' title='bbox 1228 3654 1335 3737; x_wconf 80' lang='lat' dir='ltr'><strong>digni-</strong></span> 
     </span>
     <span class='ocr_line' id='line_1_28' title="bbox 159 3761 1335 3846; baseline 0.002 -22"><span class='ocrx_word' id='word_1_229' title='bbox 159 3761 248 3838; x_wconf 89' lang='lat' dir='ltr'><strong>tatis,</strong></span> <span class='ocrx_word' id='word_1_230' title='bbox 274 3780 306 3824; x_wconf 89' lang='lat' dir='ltr'><strong>v.</strong></span> <span class='ocrx_word' id='word_1_231' title='bbox 334 3781 368 3844; x_wconf 84' lang='lat' dir='ltr'><strong>g.</strong></span> <span class='ocrx_word' id='word_1_232' title='bbox 392 3762 541 3828; x_wconf 87' lang='lat' dir='ltr'><strong>«Vener.</strong></span> <span class='ocrx_word' id='word_1_233' title='bbox 559 3763 654 3828; x_wconf 82' lang='lat' dir='ltr'><strong>fratri</strong></span> <span class='ocrx_word' id='word_1_234' title='bbox 677 3768 795 3828; x_wconf 89' lang='lat' dir='ltr'><strong>nostro</strong></span> <span class='ocrx_word' id='word_1_235' title='bbox 818 3763 977 3846; x_wconf 87' lang='lat' dir='ltr'><strong>episcopo</strong></span> <span class='ocrx_word' id='word_1_236' title='bbox 1001 3763 1228 3842; x_wconf 81' lang='lat' dir='ltr'><strong>otomucensi,</strong></span> <span class='ocrx_word' id='word_1_237' title='bbox 1246 3789 1261 3822; x_wconf 74' lang='grc' dir='ltr'><strong>ι)</strong></span> <span class='ocrx_word' id='word_1_238' title='bbox 1279 3763 1335 3828; x_wconf 83' lang='lat' dir='ltr'><strong>vel</strong></span> 
     </span>
     <span class='ocr_line' id='line_1_29' title="bbox 160 3869 1336 3958; baseline 0.009 -30"><span class='ocrx_word' id='word_1_239' title='bbox 160 3897 175 3928; x_wconf 69' lang='lat' dir='ltr'><strong>a</strong></span> <span class='ocrx_word' id='word_1_240' title='bbox 196 3869 324 3934; x_wconf 88' lang='lat' dir='ltr'><strong>Dilecto</strong></span> <span class='ocrx_word' id='word_1_241' title='bbox 343 3870 413 3934; x_wconf 91' lang='lat' dir='ltr'><strong>sslio</strong></span> <span class='ocrx_word' id='word_1_242' title='bbox 431 3878 548 3937; x_wconf 90' lang='lat' dir='ltr'><strong>nostro</strong></span> <span class='ocrx_word' id='word_1_243' title='bbox 563 3873 605 3954; x_wconf 84' lang='lat' dir='ltr'><strong>(si</strong></span> <span class='ocrx_word' id='word_1_244' title='bbox 614 3891 683 3936; x_wconf 84' lang='lat' dir='ltr'><strong>noo</strong></span> <span class='ocrx_word' id='word_1_245' title='bbox 697 3881 746 3936; x_wconf 83' lang='lat' dir='ltr'><strong>est</strong></span> <span class='ocrx_word' id='word_1_246' title='bbox 760 3873 943 3958; x_wconf 83' lang='lat' dir='ltr'><strong>episcopus)</strong></span> <span class='ocrx_word' id='word_1_247' title='bbox 956 3872 1091 3938; x_wconf 82' lang='lat' dir='ltr'><strong>officiali</strong></span> <span class='ocrx_word' id='word_1_248' title='bbox 1105 3872 1254 3956; x_wconf 90' lang='lat' dir='ltr'><strong>episcopi</strong></span> <span class='ocrx_word' id='word_1_249' title='bbox 1262 3870 1336 3938; x_wconf 86' lang='lat' dir='ltr'><strong>Olo-</strong></span> 
     </span>
     <span class='ocr_line' id='line_1_30' title="bbox 160 3980 1337 4064; baseline 0.003 -23"><span class='ocrx_word' id='word_1_250' title='bbox 160 3981 335 4042; x_wconf 90' lang='lat' dir='ltr'><strong>mucensis</strong></span> <span class='ocrx_word' id='word_1_251' title='bbox 350 3980 606 4056; x_wconf 89' lang='lat' dir='ltr'><strong>committimus,</strong></span> <span class='ocrx_word' id='word_1_252' title='bbox 625 4007 640 4038; x_wconf 71' lang='lat' dir='ltr'><strong>s</strong></span> <span class='ocrx_word' id='word_1_253' title='bbox 658 3985 734 4058; x_wconf 76' lang='lat' dir='ltr'><strong>eto,</strong></span> <span class='ocrx_word' id='word_1_254' title='bbox 747 3998 823 4044; x_wconf 89' lang='lat' dir='ltr'><strong>eam</strong></span> <span class='ocrx_word' id='word_1_255' title='bbox 836 3981 977 4064; x_wconf 85' lang='lat' dir='ltr'><strong>exsequi</strong></span> <span class='ocrx_word' id='word_1_256' title='bbox 990 3985 1152 4063; x_wconf 90' lang='lat' dir='ltr'><strong>poterunt</strong></span> <span class='ocrx_word' id='word_1_257' title='bbox 1166 3997 1337 4046; x_wconf 89' lang='lat' dir='ltr'><strong>suecesso-</strong></span> 
     </span>
     <span class='ocr_line' id='line_1_31' title="bbox 162 4086 1337 4171; baseline 0.002 -21"><span class='ocrx_word' id='word_1_258' title='bbox 162 4105 217 4150; x_wconf 89' lang='lat' dir='ltr'><strong>res</strong></span> <span class='ocrx_word' id='word_1_259' title='bbox 232 4088 267 4151; x_wconf 93' lang='lat' dir='ltr'><strong>in</strong></span> <span class='ocrx_word' id='word_1_260' title='bbox 281 4086 418 4153; x_wconf 90' lang='lat' dir='ltr'><strong>illorum</strong></span> <span class='ocrx_word' id='word_1_261' title='bbox 429 4087 559 4152; x_wconf 88' lang='lat' dir='ltr'><strong>oissciis.</strong></span> <span class='ocrx_word' id='word_1_262' title='bbox 577 4088 610 4151; x_wconf 87' lang='lat' dir='ltr'><strong>Si</strong></span> <span class='ocrx_word' id='word_1_263' title='bbox 624 4091 740 4152; x_wconf 91' lang='lat' dir='ltr'><strong>autem</strong></span> <span class='ocrx_word' id='word_1_264' title='bbox 752 4092 805 4152; x_wconf 89' lang='lat' dir='ltr'><strong>est</strong></span> <span class='ocrx_word' id='word_1_265' title='bbox 818 4088 1005 4171; x_wconf 89' lang='lat' dir='ltr'><strong>personalis</strong></span> <span class='ocrx_word' id='word_1_266' title='bbox 1020 4090 1083 4152; x_wconf 92' lang='lat' dir='ltr'><strong>sub</strong></span> <span class='ocrx_word' id='word_1_267' title='bbox 1102 4090 1242 4153; x_wconf 91' lang='lat' dir='ltr'><strong>nomine</strong></span> <span class='ocrx_word' id='word_1_268' title='bbox 1261 4105 1337 4171; x_wconf 93' lang='lat' dir='ltr'><strong>pro·</strong></span> 
     </span>
     <span class='ocr_line' id='line_1_32' title="bbox 161 4177 1338 4280; baseline 0 -21"><span class='ocrx_word' id='word_1_269' title='bbox 161 4195 235 4276; x_wconf 90' lang='lat' dir='ltr'><strong>prio</strong></span> <span class='ocrx_word' id='word_1_270' title='bbox 256 4203 289 4260; x_wconf 90' lang='lat' dir='ltr'><strong>ct</strong></span> <span class='ocrx_word' id='word_1_271' title='bbox 306 4201 486 4262; x_wconf 85' lang='lat' dir='ltr'><strong>exsecutor</strong></span> <span class='ocrx_word' id='word_1_272' title='bbox 500 4214 576 4260; x_wconf 89' lang='lat' dir='ltr'><strong>eam</strong></span> <span class='ocrx_word' id='word_1_273' title='bbox 591 4195 732 4279; x_wconf 87' lang='lat' dir='ltr'><strong>exsequi</strong></span> <span class='ocrx_word' id='word_1_274' title='bbox 746 4215 816 4261; x_wconf 91' lang='lat' dir='ltr'><strong>non</strong></span> <span class='ocrx_word' id='word_1_275' title='bbox 831 4195 932 4272; x_wconf 87' lang='lat' dir='ltr'><strong>valet,</strong></span> <span class='ocrx_word' id='word_1_276' title='bbox 949 4201 987 4260; x_wconf 90' lang='lat' dir='ltr'><strong>ut</strong></span> <span class='ocrx_word' id='word_1_277' title='bbox 1002 4197 1082 4280; x_wconf 89' lang='lat' dir='ltr'><strong>quia</strong></span> <span class='ocrx_word' id='word_1_278' title='bbox 1104 4177 1270 4262; x_wconf 83' lang='lat' dir='ltr'><strong>mortuus</strong></span> <span class='ocrx_word' id='word_1_279' title='bbox 1285 4199 1338 4260; x_wconf 89' lang='lat' dir='ltr'><strong>est</strong></span> 
     </span>
    </p>
   </div>
   <div class='ocr_carea' id='block_1_6' title="bbox 195 4358 1336 4428">
    <p class='ocr_par' dir='ltr' id='par_1_7' title="bbox 195 4358 1336 4428">
     <span class='ocr_line' id='line_1_33' title="bbox 195 4358 1336 4428; baseline -0.001 -15"><span class='ocrx_word' id='word_1_280' title='bbox 195 4361 231 4427; x_wconf 77' lang='lat' dir='ltr'><strong>(i)</strong></span> <span class='ocrx_word' id='word_1_281' title='bbox 249 4361 307 4413; x_wconf 87' lang='lat' dir='ltr'><strong>Non</strong></span> <span class='ocrx_word' id='word_1_282' title='bbox 324 4375 340 4412; x_wconf 89' lang='lat' dir='ltr'><strong>a</strong></span> <span class='ocrx_word' id='word_1_283' title='bbox 356 4365 415 4412; x_wconf 87' lang='lat' dir='ltr'><strong>toro</strong></span> <span class='ocrx_word' id='word_1_284' title='bbox 430 4363 544 4424; x_wconf 87' lang='lat' dir='ltr'><strong>tontum,</strong></span> <span class='ocrx_word' id='word_1_285' title='bbox 563 4372 657 4410; x_wconf 81' lang='lat' dir='ltr'><strong>vorum</strong></span> <span class='ocrx_word' id='word_1_286' title='bbox 676 4359 756 4411; x_wconf 85' lang='lat' dir='ltr'><strong>etiem</strong></span> <span class='ocrx_word' id='word_1_287' title='bbox 775 4359 809 4412; x_wconf 86' lang='lat' dir='ltr'><strong>ab</strong></span> <span class='ocrx_word' id='word_1_288' title='bbox 826 4358 989 4414; x_wconf 82' lang='lat' dir='ltr'><strong>habitatione</strong></span> <span class='ocrx_word' id='word_1_289' title='bbox 1004 4359 1041 4426; x_wconf 85' lang='lat' dir='ltr'><strong>(S.</strong></span> <span class='ocrx_word' id='word_1_290' title='bbox 1056 4361 1152 4414; x_wconf 84' lang='lat' dir='ltr'><strong>Poenit.</strong></span> <span class='ocrx_word' id='word_1_291' title='bbox 1167 4359 1243 4428; x_wconf 81' lang='lat' dir='ltr'><strong>iJ&#39;ul.</strong></span> <span class='ocrx_word' id='word_1_292' title='bbox 1258 4361 1336 4424; x_wconf 80' lang='grc'><strong>1831),</strong></span> 
     </span>
    </p>
   </div>
   <div class='ocr_carea' id='block_1_7' title="bbox 163 4437 1453 4504">
    <p class='ocr_par' dir='ltr' id='par_1_8' title="bbox 163 4437 1453 4504">
     <span class='ocr_line' id='line_1_34' title="bbox 163 4437 1453 4504; baseline -0.001 -15"><span class='ocrx_word' id='word_1_293' title='bbox 163 4439 258 4490; x_wconf 85' lang='lat' dir='ltr'><strong>saltam</strong></span> <span class='ocrx_word' id='word_1_294' title='bbox 274 4437 383 4504; x_wconf 85' lang='lat' dir='ltr'><strong>qnando</strong></span> <span class='ocrx_word' id='word_1_295' title='bbox 398 4437 528 4502; x_wconf 85' lang='lat' dir='ltr'><strong>separatio</strong></span> <span class='ocrx_word' id='word_1_296' title='bbox 543 4437 631 4500; x_wconf 86' lang='lat' dir='ltr'><strong>quoad</strong></span> <span class='ocrx_word' id='word_1_297' title='bbox 645 4440 744 4486; x_wconf 88' lang='lat' dir='ltr'><strong>tectum</strong></span> <span class='ocrx_word' id='word_1_298' title='bbox 757 4440 797 4488; x_wconf 88' lang='lat' dir='ltr'><strong>est</strong></span> <span class='ocrx_word' id='word_1_299' title='bbox 807 4437 950 4502; x_wconf 87' lang='lat' dir='ltr'><strong>possibilis.</strong></span> <span class='ocrx_word' id='word_1_300' title='bbox 965 4439 1046 4490; x_wconf 87' lang='lat' dir='ltr'><strong>Secus</strong></span> <span class='ocrx_word' id='word_1_301' title='bbox 1059 4439 1193 4489; x_wconf 87' lang='lat' dir='ltr'><strong>sultlceret</strong></span> <span class='ocrx_word' id='word_1_302' title='bbox 1206 4440 1338 4504; x_wconf 84' lang='lat' dir='ltr'><strong>separatio</strong></span> <span class='ocrx_word' id='word_1_303' title='bbox 1449 4482 1453 4488; x_wconf 94' lang='lat'>.</span> 
     </span>
    </p>
   </div>
   <div class='ocr_carea' id='block_1_8' title="bbox 163 4511 1374 4884">
    <p class='ocr_par' dir='ltr' id='par_1_9' title="bbox 163 4511 1374 4655">
     <span class='ocr_line' id='line_1_35' title="bbox 163 4511 1374 4580; baseline 0.001 -15"><span class='ocrx_word' id='word_1_304' title='bbox 163 4515 252 4578; x_wconf 84' lang='lat' dir='ltr'><strong>quoad</strong></span> <span class='ocrx_word' id='word_1_305' title='bbox 265 4517 364 4566; x_wconf 90' lang='lat' dir='ltr'><strong>torum.</strong></span> <span class='ocrx_word' id='word_1_306' title='bbox 378 4513 492 4564; x_wconf 88' lang='lat' dir='ltr'><strong>Vioiotio</strong></span> <span class='ocrx_word' id='word_1_307' title='bbox 507 4511 577 4561; x_wconf 84' lang='lat' dir='ltr'><strong>iliius</strong></span> <span class='ocrx_word' id='word_1_308' title='bbox 592 4513 798 4578; x_wconf 76' lang='lat' dir='ltr'><strong>prescriptionis</strong></span> <span class='ocrx_word' id='word_1_309' title='bbox 811 4513 896 4564; x_wconf 89' lang='lat' dir='ltr'><strong>irritat</strong></span> <span class='ocrx_word' id='word_1_310' title='bbox 907 4513 1140 4580; x_wconf 83' lang='lat' dir='ltr'><strong>dispensationem,</strong></span> <span class='ocrx_word' id='word_1_311' title='bbox 1151 4529 1211 4580; x_wconf 77' lang='lat' dir='ltr'><strong>qna</strong></span> <span class='ocrx_word' id='word_1_312' title='bbox 1221 4515 1339 4566; x_wconf 83' lang='lat' dir='ltr'><strong>convali-</strong></span> <span class='ocrx_word' id='word_1_313' title='bbox 1363 4559 1374 4566; x_wconf 90' lang='lat'><strong><em>.</em></strong></span> 
     </span>
     <span class='ocr_line' id='line_1_36' title="bbox 164 4588 792 4655; baseline 0.003 -14"><span class='ocrx_word' id='word_1_314' title='bbox 164 4591 221 4641; x_wconf 87' lang='lat' dir='ltr'><strong>dori</strong></span> <span class='ocrx_word' id='word_1_315' title='bbox 233 4591 341 4641; x_wconf 90' lang='lat' dir='ltr'><strong>deberet</strong></span> <span class='ocrx_word' id='word_1_316' title='bbox 355 4591 412 4655; x_wconf 90' lang='lat' dir='ltr'><strong>(par</strong></span> <span class='ocrx_word' id='word_1_317' title='bbox 427 4589 547 4653; x_wconf 85' lang='lat' dir='ltr'><strong>rescript.</strong></span> <span class='ocrx_word' id='word_1_318' title='bbox 563 4589 675 4638; x_wconf 69' lang='lat' dir='ltr'><strong>Perinde</strong></span> <span class='ocrx_word' id='word_1_319' title='bbox 689 4588 792 4652; x_wconf 68' lang='lat' dir='ltr'><strong>ualeret</strong></span> 
     </span>
    </p>

    <p class='ocr_par' dir='ltr' id='par_1_10' title="bbox 165 4665 1339 4884">
     <span class='ocr_line' id='line_1_37' title="bbox 194 4665 1339 4736; baseline 0.005 -20"><span class='ocrx_word' id='word_1_320' title='bbox 194 4668 228 4732; x_wconf 81' lang='lat'><strong>(2)</strong></span> <span class='ocrx_word' id='word_1_321' title='bbox 246 4667 300 4718; x_wconf 88' lang='lat' dir='ltr'><strong>Seu</strong></span> <span class='ocrx_word' id='word_1_322' title='bbox 319 4667 466 4732; x_wconf 79' lang='lat' dir='ltr'><strong>generatim</strong></span> <span class='ocrx_word' id='word_1_323' title='bbox 482 4665 605 4730; x_wconf 85' lang='lat' dir='ltr'><strong>imposita</strong></span> <span class='ocrx_word' id='word_1_324' title='bbox 620 4683 633 4710; x_wconf 81' lang='lat' dir='ltr'><strong>s</strong></span> <span class='ocrx_word' id='word_1_325' title='bbox 651 4666 722 4728; x_wconf 71' lang='lat' dir='ltr'><strong>gravi</strong></span> <span class='ocrx_word' id='word_1_326' title='bbox 738 4679 769 4716; x_wconf 89' lang='lat' dir='ltr'><strong>ac</strong></span> <span class='ocrx_word' id='word_1_327' title='bbox 783 4665 908 4716; x_wconf 89' lang='lat' dir='ltr'><strong>diuturna</strong></span> <span class='ocrx_word' id='word_1_328' title='bbox 926 4666 1083 4730; x_wconf 69' lang='lat' dir='ltr'><strong>peonitentia</strong></span> <span class='ocrx_word' id='word_1_329' title='bbox 1101 4669 1209 4720; x_wconf 75' lang='lat' dir='ltr'><strong>salutari</strong></span> <span class='ocrx_word' id='word_1_330' title='bbox 1222 4687 1247 4732; x_wconf 79' lang='lat' dir='ltr'><strong>o,</strong></span> <span class='ocrx_word' id='word_1_331' title='bbox 1261 4669 1339 4736; x_wconf 78' lang='lat' dir='ltr'><strong>juxta</strong></span> 
     </span>
     <span class='ocr_line' id='line_1_38' title="bbox 165 4741 1337 4811; baseline 0.003 -17"><span class='ocrx_word' id='word_1_332' title='bbox 165 4747 264 4794; x_wconf 83' lang='lat' dir='ltr'><strong>statum</strong></span> <span class='ocrx_word' id='word_1_333' title='bbox 278 4747 305 4794; x_wconf 90' lang='lat' dir='ltr'><strong>et</strong></span> <span class='ocrx_word' id='word_1_334' title='bbox 319 4743 504 4794; x_wconf 83' lang='lat' dir='ltr'><strong>necessitatem</strong></span> <span class='ocrx_word' id='word_1_335' title='bbox 517 4754 639 4806; x_wconf 78' lang='lat' dir='ltr'><strong>persona</strong></span> <span class='ocrx_word' id='word_1_336' title='bbox 650 4741 805 4805; x_wconf 79' lang='lat' dir='ltr'><strong>poenitentis</strong></span> <span class='ocrx_word' id='word_1_337' title='bbox 816 4741 890 4804; x_wconf 85' lang='lat' dir='ltr'><strong>(Vide</strong></span> <span class='ocrx_word' id='word_1_338' title='bbox 898 4742 1018 4808; x_wconf 82' lang='lat' dir='ltr'><strong>Giorine,</strong></span> <span class='ocrx_word' id='word_1_339' title='bbox 1029 4743 1060 4794; x_wconf 82' lang='lat' dir='ltr'><strong>de</strong></span> <span class='ocrx_word' id='word_1_340' title='bbox 1072 4745 1156 4811; x_wconf 76' lang='lat' dir='ltr'><strong>Diap,</strong></span> <span class='ocrx_word' id='word_1_341' title='bbox 1168 4749 1188 4796; x_wconf 90' lang='lat' dir='ltr'><strong>t.</strong></span> <span class='ocrx_word' id='word_1_342' title='bbox 1200 4747 1232 4807; x_wconf 94' lang='lat' dir='ltr'><strong>ll,</strong></span> <span class='ocrx_word' id='word_1_343' title='bbox 1243 4761 1269 4810; x_wconf 92' lang='lat' dir='ltr'><strong>p.</strong></span> <span class='ocrx_word' id='word_1_344' title='bbox 1281 4749 1337 4810; x_wconf 83' lang='grc'><strong>213,</strong></span> 
     </span>
     <span class='ocr_line' id='line_1_39' title="bbox 166 4817 1299 4884; baseline 0.002 -14"><span class='ocrx_word' id='word_1_345' title='bbox 166 4820 259 4884; x_wconf 78' lang='lat' dir='ltr'><strong>seqq).</strong></span> <span class='ocrx_word' id='word_1_346' title='bbox 270 4819 369 4870; x_wconf 85' lang='lat' dir='ltr'><strong>Electio</strong></span> <span class='ocrx_word' id='word_1_347' title='bbox 384 4817 548 4883; x_wconf 70' lang='lat' dir='ltr'><strong>poenitentia</strong></span> <span class='ocrx_word' id='word_1_348' title='bbox 559 4817 718 4882; x_wconf 88' lang='lat' dir='ltr'><strong>plerumque</strong></span> <span class='ocrx_word' id='word_1_349' title='bbox 734 4817 893 4882; x_wconf 87' lang='lat' dir='ltr'><strong>relinquitur</strong></span> <span class='ocrx_word' id='word_1_350' title='bbox 909 4817 988 4870; x_wconf 88' lang='lat' dir='ltr'><strong>hodie</strong></span> <span class='ocrx_word' id='word_1_351' title='bbox 1002 4821 1111 4872; x_wconf 86' lang='lat' dir='ltr'><strong>arbitrio</strong></span> <span class='ocrx_word' id='word_1_352' title='bbox 1128 4823 1299 4876; x_wconf 79' lang='lat' dir='ltr'><strong>exsecutoris.</strong></span> 
     </span>
    </p>
   </div>
   <div class='ocr_carea' id='block_1_9' title="bbox 0 0 1770 5556">
    <p class='ocr_par' dir='ltr' id='par_1_11' title="bbox 0 0 1770 5556">
     <span class='ocr_line' id='line_1_40' title="bbox 0 0 1770 5556; baseline 0 0"><span class='ocrx_word' id='word_1_353' title='bbox 0 0 1770 5556; x_wconf 95' lang='lat' dir='ltr'><strong> </strong></span> 
     </span>
    </p>
   </div>
  </div>
 </body>
</html>
