3482 5560
523 601 620 666 *arasa
642 599 770 653 ourrvrus
790 597 1010 644 oscanrtnurr.
1148 577 1152 586 '
1305 581 1365 646 285

154 772 163 784 .
191 714 286 779 Rotae
310 714 465 780 solebant
491 716 641 781 vendere
665 734 767 780 suum
795 715 945 781 cilicium
963 733 970 775 :
990 731 1071 778 nam
1094 711 1365 778 emolumentum

191 822 377 906 temporale
403 823 540 906 aPapae
566 825 765 890 auctoritate
790 828 984 908 separatum
1009 826 1081 886 erat
1103 822 1145 886 ab
1168 823 1279 887 officio
1300 823 1366 906 spi-

190 930 314 1008 rituali,
336 936 370 995 et
391 931 468 996 ideo
487 932 576 997 licite
599 933 811 1000 vendebatur
830 929 1112 1008 emolumentum,
1127 950 1197 996 non
1211 949 1293 996 vero
1308 933 1365 1014 jus

192 1037 377 1122 spirituale.

230 1148 263 1210 2⁰
278 1148 395 1225 Quoad
405 1147 680 1229 jurisdictionem
693 1148 926 1234 temporalem,
943 1147 1225 1229 distinguendum
1242 1153 1295 1213 est
1313 1167 1320 1212 ε
1338 1149 1367 1213 si

188 1254 378 1338 jurisdictio
387 1256 453 1321 ista
460 1257 502 1321 ab
511 1255 658 1322 Ecclesia
666 1257 813 1322 habetur
824 1261 985 1341 tanquam
997 1260 1055 1340 jus
1070 1276 1244 1322 annexum
1255 1258 1367 1325 oiflaia

192 1363 366 1447 spirituali,
382 1382 452 1429 non
466 1368 579 1448 potest
589 1364 692 1429 vendi
708 1370 766 1429 aut
779 1364 883 1431 locari
898 1365 1026 1448 absque
1042 1364 1198 1442 simonia,
1214 1366 1293 1448 quia
1306 1384 1368 1450 per

191 1472 441 1536 connexionem
461 1470 576 1536 evadit
595 1471 788 1555 spiritualis.
814 1473 847 1536 Si
870 1489 950 1536 vero
971 1471 1108 1537 aliunde
1130 1489 1233 1556 quam
1253 1472 1295 1537 ab
1310 1469 1367 1537 Ec-

192 1576 295 1643 clesia
314 1578 490 1656 habeatur,
509 1579 614 1644 locari
631 1584 745 1664 potest
764 1581 847 1645 citra
866 1580 1057 1656 simoniam,
1079 1581 1166 1666 quia
1180 1579 1366 1665 temporale

192 1703 263 1751 non
277 1686 377 1751 datur
390 1705 452 1770 pro
468 1687 643 1772 spirituali,
657 1688 717 1753 sed
733 1707 795 1771 pro
816 1687 1011 1771 temporali3
1027 1693 1267 1754 verumtamen
1278 1689 1366 1754 loca-

193 1795 239 1859 tio
253 1795 528 1880 istaplerumque
541 1800 594 1860 est
608 1797 715 1879 turpis
730 1802 766 1860 et
776 1796 892 1862 illicita
905 1795 1131 1880 Ecclesiaeque
1152 1797 1266 1872 noxia,
1288 1813 1367 1861 cum

192 1903 277 1968 tales
290 1905 514 1970 conductores
531 1904 663 1971 solliciti
678 1924 754 1970 esse
770 1905 913 1983 soleant,
930 1923 1000 1970 non
1016 1909 1155 1973 utreote
1167 1905 1321 1987 judicent
1333 1909 1368 1968 et

192 2017 305 2092 agant,
323 2012 382 2076 sed
393 2016 431 2076 ut
444 2014 626 2096 pecuniam
639 2013 814 2098 accipiant,
829 2014 948 2080 etideo
958 2013 1111 2096 legitime
1122 2013 1271 2097 suspecti
1287 2017 1368 2076 sunt

191 2118 228 2183 in
243 2121 313 2184 suis
321 2121 458 2204 judiciis
470 2127 503 2186 et
517 2123 658 2187 actibus.

231 2229 264 2291 3ο
279 2228 343 2293 Sed
358 2230 490 2311 fractas
491 2231 690 2315 praelatura
698 2230 754 2296 vel
761 2231 929 2321 parochia
941 2249 984 2296 ex
995 2230 1148 2313 legitima
1157 2249 1260 2296 causa
1276 2229 1366 2296 licite

191 2337 356 2414 locantur,
374 2339 514 2403 servatis
525 2340 711 2418 servandis,
728 2345 767 2405 ut
777 2341 905 2406 dictum
920 2345 973 2403 est
986 2340 1036 2403 tit.
1054 2339 1180 2405 deReb.
1196 2339 1286 2404 Erat.
1298 2357 1367 2402 aaa

147 2441 152 2446 ’
193 2445 393 2510 alienandis.
758 2447 761 2456 ⁴

231 2553 264 2616 4ο
283 2554 405 2620 Reotor
423 2556 615 2640 principalis
640 2557 790 2624 ecclesiae
816 2561 930 2642 potest
950 2557 1076 2622 vicario
1096 2575 1217 2622 omnes
1235 2558 1365 2621 fructus

192 2660 313 2726 cedere
340 2666 375 2726 et
400 2664 540 2729 nomine
555 2684 685 2743 eorum,
703 2685 766 2731 seu
788 2671 826 2730 ut
842 2671 977 2741 vocant,
994 2665 1093 2730 titulo
1110 2666 1282 2742 absentiae,
1308 2683 1368 2730 an-

193 2787 298 2856 nuam
312 2771 513 2852 pensionem
525 2776 652 2856 petere,
667 2792 748 2838 nam
766 2773 886 2856 pensio
903 2773 968 2838 ista
982 2791 1052 2838 non
1069 2773 1168 2838 datur
1177 2771 1239 2857 pro
1254 2773 1367 2838 officio

193 2877 385 2956 vicariatus,
412 2881 473 2945 sed
496 2899 558 2964 pro
580 2881 745 2946 fructibus
767 2882 893 2948 vicario
915 2883 1171 2965 concessisum
1189 2880 1369 2964 temporali

192 2987 302 3069 pretio
315 2991 394 3052 sunt
408 2989 624 3054 aestimabiles
638 2995 673 3054 et
686 2989 857 3055 looahiles.

424 3175 454 3226 11.
471 3175 562 3226 Poena
578 3173 641 3226 latre
654 3173 753 3228 contra
768 3173 846 3228 illam
860 3173 984 3239 speciem
998 3173 1136 3226 simonia.

236 3316 267 3382 1⁰
281 3317 371 3397 Dans
386 3323 420 3383 at
434 3319 602 3402 accipiens
617 3318 844 3384 excluduntur
858 3320 900 3385 ab
917 3318 1059 3384 ecclesia
1077 3318 1113 3381 in
1125 3318 1224 3399 cujus
1245 3321 1364 3383 contu-

194 3425 333 3490 meliam
345 3443 401 3490 res
417 3426 495 3490 data
510 3432 545 3492 et
557 3431 695 3510 accepta
710 3433 762 3492 est
776 3428 815 3510 (c.
833 3427 883 3503 38,
901 3427 942 3492 de
957 3425 1068 3508 Sim).

233 3534 266 3596 Ψ
277 3533 340 3610 Qui
351 3535 409 3600 dat
417 3535 666 3619 pecuniampro
681 3536 793 3602 oisscio
804 3541 863 3600 aut
869 3535 1105 3618 J‘urisdictione
1114 3534 1290 3618 spirituali,
1303 3534 1368 3598 tale

196 3643 345 3708 officium
363 3641 494 3727 perdit;
518 3644 607 3710 male
622 3648 738 3710 autem
760 3646 808 3710 ita
826 3647 1006 3710 conserens
1028 3643 1153 3710 amittit
1173 3641 1369 3709 conferendi

195 3750 285 3815 illius
299 3757 504 3834 potestatem
517 3755 556 3836 (c.
574 3755 635 3818 lh.
651 3754 726 3835 tit).

234 3859 266 3922 3⁰
281 3859 370 3924 Dans
381 3862 561 3944 pecuniam
576 3866 772 3927 removetur
786 3881 807 3927 a
819 3861 926 3938 cloro;
947 3862 1126 3944 episcopus
1138 3877 1222 3925 vero
1237 3877 1299 3942 pro
1313 3857 1370 3923 illa

195 3967 375 4032 conserens
399 3969 609 4052 spiritualem
629 3969 912 4052 jurisdictionem,
942 3969 1147 4053 quandoque
1176 3967 1367 4050 deponitur,

154 4059 157 4068 ¹
196 4074 401 4160 quandoque
417 4077 635 4160 suspenditur
658 4076 700 4144 ad
720 4082 867 4160 tempus,
890 4094 952 4159 pro
976 4075 1138 4160 qualitate
1154 4074 1265 4139 delicti
1286 4073 1325 4155 (c.
1350 4073 1371 4136 2

195 4179 228 4244 h.
244 4181 320 4265 tit).
