3500 5552
553 493 644 546 ninas
667 496 793 550 ournrus
815 460 1036 542 accamanus.
1336 479 1394 543 513

214 605 446 676 ’ἰιιιιειιιίὶίῐιιὶει
457 611 502 677 ad
516 615 749 698 suscipiendos
761 616 909 692 ordines,
926 613 1110 678 obtinenda
1121 613 1397 679 beneflciaeccle-

218 719 369 796 siastica,
393 720 651 786 matrimonium
676 723 958 797 contrabendum,
983 726 1059 798 etc,
1083 722 1295 788 observanda
1318 727 1399 788 sunt
1434 799 1438 811 Ι

219 832 297 892 ante
318 845 457 893 omnem
478 830 693 893 seutentiam.
709 829 805 895 Ratio
819 836 881 906 est,
899 829 978 914 quia
993 847 1090 895 secus
1104 848 1206 913 prena
1224 848 1292 894 non
1308 831 1399 894 suffl-

217 936 347 1000 cienter
358 938 490 1000 arceret
503 954 523 1000 a
538 937 790 1000 committendis
807 937 936 1001 delictis
951 937 1101 1002 occultis.

164 1107 168 1126 ,
259 1043 290 1125 b)
305 1042 410 1108 Poena
428 1043 575 1126 positiva
595 1049 630 1107 et
647 1045 814 1127 privativa
832 1044 864 1107 1⁰
875 1043 963 1126 juris
980 1043 1080 1126 plene
1100 1045 1244 1127 quesiti,
1266 1045 1399 1109 etiamsi

219 1149 293 1232 ipso
304 1151 382 1233 jure
398 1155 432 1214 et
443 1152 532 1216 facto
547 1151 682 1216 incursa
697 1151 751 1226 sit,
764 1170 834 1216 non
849 1152 985 1232 stringit
1000 1155 1078 1215 ante
1094 1152 1299 1216 sententiam
1310 1153 1400 1235 judi-

218 1259 276 1334 cis,
290 1257 412 1322 saltem
426 1258 576 1322 criminis
592 1257 848 1348 declaratoriam
864 1263 1018 1324 :constat
1028 1279 1071 1322 ex
1082 1264 1153 1323 toto
1164 1260 1213 1322 tit.
1223 1259 1264 1323 de
1273 1259 1397 1338 Ponte,

220 1372 254 1429 et
273 1365 384 1450 quoad
404 1366 589 1430 secundam
608 1371 750 1450 partem,
768 1385 811 1430 en
830 1372 852 1429 t.
873 1365 956 1442 lllll,
971 1367 1012 1431 cte
1033 1367 1169 1444 Haeret,
1187 1369 1221 1430 in
1238 1368 1281 1431 6·.
1302 1368 1398 1431 Ratio

220 1479 286 1550 est,
309 1474 388 1557 quia
411 1474 596 1538 conditioni
621 1474 779 1538 bumana
805 1475 989 1567 adversum
1013 1481 1124 1539 estut
1148 1476 1223 1558 quis
1249 1475 1399 1557 seipsum

219 1583 340 1648 afferat
353 1583 396 1649 ad
409 1603 546 1666 poenam
562 1584 755 1666 positivam,
767 1604 798 1649 v.
817 1604 849 1665 g.
869 1585 911 1650 ad
927 1592 1073 1649 mortem
1091 1584 1146 1649 vel
1167 1585 1399 1649 incarceratio-

220 1711 310 1767 nem,
322 1691 376 1758 vel
388 1693 491 1756 etiam
501 1710 637 1774 plenam
652 1693 852 1775 privativam
865 1693 900 1757 in
917 1713 953 1756 se
967 1698 1133 1768 exerceat,
1143 1713 1175 1756 v.
1186 1711 1218 1774 g.
1233 1693 1399 1775 privando

220 1819 255 1865 se
272 1799 394 1864 oissoio.
412 1799 522 1883 Aliqui
539 1799 754 1882 distinguunt
767 1801 856 1864 inter
870 1819 1007 1884 poenam
1021 1801 1214 1884 positivam,
1233 1820 1308 1884 quae
1329 1820 1398 1866 non

220 1910 347 1992 obligat
362 1915 440 1974 ante
456 1910 672 1987 sententiam,
689 1915 723 1974 et
736 1911 949 1993 privativam,
968 1929 1043 1993 quae
1059 1910 1226 1992 obligaret
1239 1903 1316 1974 ante
1329 1929 1401 1974 om-

220 2035 300 2082 nem
316 2019 533 2096 sententiam,
545 2018 611 2082 nisi
623 2019 734 2101 privet
745 2021 823 2101 Jure
837 2017 937 2100 plene
950 2019 1103 2103 quasito,
1116 2037 1239 2100 nempe
1252 2019 1400 2102 quoties-

220 2146 365 2211 cumque
375 2128 525 2211 privaret
537 2132 668 2192 tantum
675 2130 753 2210 jure
773 2127 967 2211 querendo.
979 2127 1044 2192 Sed
1055 2126 1220 2209 exempla,
1238 2127 1401 2208 inproba-

221 2237 349 2299 tionem
360 2235 471 2312 allata,
485 2242 565 2301 snut
577 2235 632 2300 vel
647 2236 914 2318 irregularitates
925 2241 960 2300 et
969 2235 1210 2312 inhabilitates,
1224 2234 1279 2299 vel
1289 2253 1399 2317 poena>

221 2345 394 2427 privativa
411 2345 593 2428 improprie
611 2333 779 2421 dictae,'de
795 2345 919 2429 quibus
934 2345 1033 2408 inira.
1059 2342 1153 2407 Unde
1175 2343 1269 2407 nulla
1291 2343 1401 2406 diver-

222 2455 303 2517 sitas
319 2452 419 2516 realis
432 2453 522 2517 inter
536 2456 689 2516 nostram
705 2457 739 2516 et
751 2451 888 2515 illorum
902 2451 1100 2515 doctrinam.

261 2561 292 2624 Ψ
306 2559 387 2625 lnde
404 2579 473 2651 non
490 2560 644 2642 sequitur
659 2558 751 2642 quod
768 2557 900 2623 nullum
916 2557 959 2622 sit
973 2559 1255 2622 discrimeninter
1263 2576 1400 2640 poenam

221 2669 295 2751 ipso
308 2672 385 2752 jure
401 2675 436 2734 et
449 2687 511 2751 per
524 2669 728 2734 sententiam
740 2669 865 2751 judicis
882 2666 1027 2744 illatam;
1048 2685 1128 2732 nam
1143 2644 1174 2730 vl
1196 2686 1228 2748 g.
1241 2668 1275 2729 in
1291 2668 1401 2750 primo

221 2797 313 2854 casu,
336 2778 505 2842 sententia
525 2776 745 2841 declaratoria
767 2777 918 2840 criminis
943 2776 1182 2840 retrotrahitur
1204 2775 1247 2838 ad
1267 2779 1401 2856 tempus

222 2887 394 2952 commissi
418 2885 540 2961 delicti,
560 2886 640 2950 dum
656 2885 827 2948 sententia
844 2884 1125 2948 condemnatoria
1142 2902 1211 2947 non
1230 2884 1277 2946 ita
1298 2887 1401 2946 retro·

224 2995 386 3072 trahitur3
404 2995 451 3058 sic
473 2994 640 3078 parochus
655 2995 729 3078 ipso
742 2997 820 3076 jure
836 2993 988 3076 privatus
1005 3011 1068 3056 suo
1083 2991 1248 3055 beneflcio
1264 2991 1403 3055 deberet

223 3103 353 3167 fructus
374 3103 553 3166 restituere
569 3101 683 3166 iudea
708 3106 860 3183 temp'ore
873 3100 1047 3164 commissi
1066 3087 1195 3174 delicti3
1213 3099 1240 3162 si
1254 3099 1402 3181 privare-

224 3216 279 3275 tur
288 3230 349 3293 per
362 3211 567 3275 sententiam
579 3209 893 3273 condemnatoriam
905 3209 948 3271 ob
960 3207 1090 3271 crimen
1107 3208 1196 3290 quod
1208 3225 1276 3270 non
1291 3205 1402 3288 privat

224 3321 298 3405 ipso
309 3322 397 3404 jure,
413 3338 483 3383 non
503 3322 677 3383 teneretur
696 3319 825 3381 fructus
841 3317 1032 3391 restituere,
1047 3315 1112 3378 nisi
1129 3319 1307 3397 perceptos
1324 3319 1402 3396 post

225 3429 430 3492 sententiam
443 3427 768 3492 condemnatoriam.
783 3426 899 3507 lgitur,
914 3427 950 3489 in
962 3424 1112 3488 secunda
1120 3423 1311 3506 hypothesi,
1323 3421 1402 3485 reti-

225 3541 326 3600 netur
342 3536 514 3620 possessio
530 3541 563 3601 et
583 3535 773 3600 dominium
789 3551 898 3617 usque
920 3533 963 3598 ad
981 3531 1206 3605 seutentiam
1228 3531 1264 3593 in
1279 3530 1398 3612 prima,

224 3661 294 3706 non
309 3643 474 3708 retinetur
488 3644 551 3706 nisi
567 3642 750 3726 possessio.

263 3751 296 3814 3ο
314 3749 506 3816 Notandum
527 3750 617 3832 quod
633 3750 671 3813 in
686 3749 820 3832 legibus
839 3747 917 3812 addi
938 3745 1049 3811 solent
1065 3747 1171 3810 verba
1191 3748 1315 3830 absque
1330 3746 1400 3810 olio

224 3858 451 3922 declaratione
465 3858 520 3923 vel
534 3859 631 3923 nullo
643 3859 827 3922 monitione
839 3855 978 3940 praevio.
991 3852 1069 3919 llaec
1085 3854 1191 3918 verba
1204 3854 1400 3919 viderentur

225 3965 403 4031 excludere
429 3967 645 4043 sententiam,
673 3966 777 4031 etiam
805 3963 955 4028 criminis
982 3962 1248 4028 declaratoriam.
1274 3959 1401 4026 'lamen

224 4093 294 4140 non
324 4075 537 4140 obstantibus
572 4073 637 4137 illis
661 4071 837 4147 clausulis,
865 4075 1021 4135 remanet
1042 4068 1201 4135 'doctrina
1233 4069 1403 4150 generalis
1480 4056 1484 4064 ’

225 4184 380 4265 superius
400 4183 557 4266 exposita
577 4185 676 4266 juxta
699 4198 920 4247 communem
940 4180 1006 4243 bn.
1029 4180 1244 4244 sententiam.
1272 4177 1400 4260 Reapse

220 4293 278 4376 jus
298 4294 410 4376 ipsum
430 4291 518 4358 tollit
540 4310 599 4356 reo
626 4291 827 4367 dominium,
848 4289 952 4353 itaut
971 4287 1083 4354 solum
1103 4287 1279 4353 differatur
1301 4304 1399 4350 occu·

224 4403 438 4486 patiensque
453 4402 715 4468 adsentantium
731 4398 998 4465 declaratoriam.

264 4513 291 4595 c)
307 4510 416 4576 Poeco
435 4512 608 4594 privativo
622 4509 804 4592 improprie
825 4507 924 4584 dicta,
944 4524 1019 4588 quae
1042 4510 1095 4569 est
1114 4505 1251 4584 negatio
1273 4505 1400 4568 favoris

225 4621 288 4685 sub
307 4617 501 4685 conditione
520 4617 684 4693 concessi,
705 4615 779 4698 ipso
798 4617 875 4696 jure
898 4614 1043 4687 incursa,
1065 4616 1175 4678 cessat
1196 4617 1276 4676 ante
1296 4611 1400 4676 ullam

364 4747 408 4792 ιιι.
1211 4720 1250 4784 33
