3482 5560
526 505 613 552 nrssn
635 507 773 561 cutnrus
794 503 1017 551 nscnsrsxunt.
1253 563 1254 566 Ἴ
1301 489 1361 556 101

188 639 231 685 ex
245 622 413 705 baptismo
429 623 577 705 suscepit
586 621 717 706 prolem
726 641 873 706 sponsa,
886 627 920 688 et
929 623 1002 686 haec
1014 621 1145 704 prolem
1154 624 1282 706 sponsi,
1295 631 1357 690 etc.

187 729 219 791 3ο
233 728 377 812 Exprimi
395 729 496 793 debet
511 730 539 793 si
553 737 761 795 concurrunt
777 730 1021 813 impedimenta
1035 729 1177 793 diversae
1193 732 1334 796 rationis
1352 753 1359 795 :

188 841 226 898 ut
248 837 276 900 si
294 843 446 902 oratores
467 838 536 902 sint
549 839 795 920 consanguinei
810 844 844 903 et
858 839 978 902 affines
995 837 1107 912 simul,
1129 837 1184 902 vel
1206 837 1362 904 laborent

188 945 433 1028 impedimento
455 947 617 1024 criminis,
635 952 697 1012 etc.

223 1085 281 1141 Nec
296 1082 393 1142 obstat
410 1083 489 1157 quod
512 1098 605 1142 unum
622 1084 868 1156 impedimentum
882 1083 944 1143 tolli
960 1085 1058 1157 possit
1072 1086 1137 1144 sino
1158 1085 1260 1149 altero,
1282 1085 1362 1144 sicut

188 1185 249 1230 une
260 1171 528 1230 excommunicatio
541 1172 656 1246 absque
671 1173 778 1242 altern;
795 1187 864 1230 nam
880 1174 922 1231 ita
936 1173 999 1232 tolli
1016 1189 1075 1232 non
1098 1175 1184 1243 solet,
1200 1175 1271 1246 quia
1282 1177 1361 1248 Papa

188 1277 249 1320 non
264 1261 391 1320 intendit
405 1261 591 1334 dispensare,
607 1261 666 1319 nisi
680 1268 742 1342 tota
758 1261 888 1338 gravitas
911 1263 1192 1336 impedimentorum
1211 1265 1361 1337 exprima-

188 1358 246 1410 tur.
263 1355 355 1410 Secus
366 1358 411 1411 est
424 1351 455 1410 in
470 1353 793 1426 excommunicatione,
815 1354 851 1413 ad
867 1369 957 1430 quarn
973 1355 1132 1414 tollendam
1148 1355 1360 1428 sufficitexpe-

188 1457 258 1500 nere
270 1456 393 1502 causam
406 1443 443 1500 oh
454 1457 543 1515 quam
558 1442 681 1502 incursa
696 1450 750 1502 est.

227 1597 326 1682 Resp.
343 1599 373 1664 3.
395 1599 428 1664 Si
451 1604 586 1684 petatur
606 1599 814 1683 dispensatio
834 1617 938 1683 super
955 1601 1200 1683 impedimento
1219 1616 1361 1665 consan-

185 1707 371 1788 guinitatis,
405 1708 548 1800 exprimi
569 1707 669 1772 dehet
689 1707 780 1772 linea
805 1712 897 1772 recta
919 1707 976 1772 vol
996 1712 1205 1784 transversa,
1234 1707 1360 1790 gradus

184 1815 323 1898 aeqnalis
345 1814 401 1880 vel
427 1815 621 1898 inaequalis,
653 1833 698 1880 an
723 1816 767 1878 sit
785 1815 966 1891 secundus,
994 1816 1114 1880 tertius
1138 1815 1193 1880 vel
1220 1815 1360 1898 quartus

85 2001 92 2012 ¹
183 1925 310 1989 mixtus
329 1925 560 2007 cumprime:
582 1943 663 1988 nam
686 1925 722 1988 in
742 1924 851 2005 gradu
871 1923 1103 2009 propinquiori
1120 1923 1287 1988 diisscilior
1309 1929 1361 1988 est

184 2033 401 2116 dispensatio,
419 2032 469 2096 uti
493 2033 596 2098 etiam
610 2033 645 2096 in
660 2033 768 2114 gradu
790 2034 941 2098 secundo
960 2032 1015 2098 vel
1040 2034 1138 2097 tertio
1160 2033 1267 2097 mixto
1281 2051 1359 2096 cum

181 2141 301 2223 primo,
319 2145 381 2206 etc.
402 2142 433 2206 1ο
449 2140 482 2204 Si
502 2145 618 2205 tamen
638 2145 823 2224 poneretur
838 2129 966 2222 gradr'rs
984 2141 1207 2224 propinquior
1220 2139 1294 2205 loco
1309 2159 1360 2205 re·

181 2249 346 2326 metieris,
370 2267 403 2313 v.
424 2267 457 2330 g.
484 2250 603 2313 tertius
624 2248 698 2315 loco
722 2251 845 2334 quarti,
870 2249 1000 2314 valeret
1027 2249 1254 2332 dispensati03
1280 2249 1360 2332 quio

182 2358 403 2442 propinquior
430 2357 571 2423 includit
590 2353 821 2424 remotiorem.
850 2359 883 2422 2⁰
912 2358 946 2421 Si
968 2357 1094 2439 gradus
1116 2363 1257 2440 quartus
1281 2377 1358 2423 con·
1468 2351 1470 2355 ’
1549 2371 1551 2382 ·

182 2469 386 2529 curratcnm
401 2466 522 2548 primo,
539 2467 780 2550 exprimendus
801 2472 863 2542 est,
887 2485 930 2530 ex
955 2470 1064 2530 const.
1088 2466 1120 2530 S.
1139 2465 1186 2528 Pii
1206 2466 1232 2529 V
1255 2467 1355 2550 incip.

183 2572 435 2653 Sanctissimis,
453 2576 493 2640 111
512 2577 647 2656 augusti
671 2575 761 2652 1566,
786 2594 861 2658 quae
878 2580 993 2640 tamen
1009 2593 1079 2639 non
1102 2575 1297 2639 extenditur
1316 2576 1358 2640 ad

183 2700 300 2747 casum
329 2700 396 2766 quo
411 2684 538 2764 gradus
552 2685 690 2768 quintus
712 2685 883 2748 concurrit
900 2701 979 2748 cum
1000 2685 1130 2766 prim03
1153 2683 1280 2767 quiain
1301 2684 1357 2748 tali

184 2791 291 2872 gradu
311 2811 381 2856 non
405 2798 457 2856 est
482 2794 673 2858 neccssaria
694 2793 912 2876 dispensatio.
940 2791 973 2855 Si
995 2810 1076 2856 vero
1091 2791 1218 2873 gradus
1240 2793 1358 2856 tertius

184 2905 362 2990 concurrat
381 2918 459 2964 cum
479 2901 640 2976 secundo,
653 2899 718 2964 hoc
738 2919 808 2964 non
833 2917 1006 2983 expresso,
1029 2898 1118 2963 valet
1138 2899 1275 2982 quidem
1294 2899 1359 2964 dis-

184 3009 349 3090 pensatis,
367 3008 427 3073 sed
448 3027 550 3091 super
562 3009 627 3073 hoc
642 3007 757 3072 vadere
774 3008 947 3091 impetrari
964 3007 1091 3072 dehent
1110 3006 1231 3072 litterae
1248 3009 1359 3090 ponti-

184 3117 268 3180 ficias
279 3114 624 3199 declaratoriae'huJ‘us
643 3117 779 3192 valoris,
796 3123 875 3181 ante
889 3134 972 3199 quas
985 3115 1193 3198 dispensatio
1208 3117 1249 3180 ab
1265 3135 1359 3198 exse·
1414 3197 1419 3205 ι

185 3228 300 3288 cutore
315 3225 403 3288 iacta
418 3229 470 3287 est
486 3225 652 3300 invalida;
676 3225 723 3289 ita
743 3223 834 3289 (torr.
858 3242 937 3289 cum
949 3225 1044 3307 praxi
1062 3223 1179 3287 Guriae.
1200 3223 1360 3306 Opposita

186 3333 355 3396 sententia
383 3331 515 3408 senen,
543 3332 672 3408 Gobat,
697 3331 817 3408 Pontii,
839 3331 995 3396 Tamlxur.
1020 3337 1053 3394 et
1072 3330 1216 3396 aliorum
1235 3331 1359 3395 servire

187 3445 299 3522 potest
312 3459 373 3522 pro
391 3440 448 3504 illo
463 3459 542 3505 casu
561 3460 633 3524 qno
648 3440 723 3504 talis
745 3441 926 3505 declaratio
944 3459 1014 3505 non
1036 3445 1089 3505 est
1104 3441 1307 3516 necessaria,
1321 3443 1361 3502 ut

188 3549 414 3630 quianullum
437 3549 576 3612 timetur
601 3549 808 3626 scandalum,
823 3568 934 3633 neque
954 3567 1007 3613 res
1032 3547 1097 3613 ista
1116 3548 1227 3614 delata
1247 3553 1299 3611 est
1317 3547 1360 3612 ad

186 3656 299 3720 iorum
333 3657 594 3734 contentiosum,
623 3677 734 3742 neque
762 3658 894 3741 publice
927 3662 1060 3722 constat
1088 3657 1179 3740 quod
1207 3637 1359 3720 oratores

189 3765 365 3829 omiserint
387 3765 575 3849 exprimere
594 3766 738 3848 gradum
758 3767 896 3830 tertium
923 3767 1069 3828 mixtum
1090 3783 1169 3828 cum
1191 3765 1357 3840 secundo;

188 3890 279 3948 nam,
303 3878 341 3935 ut
354 3874 400 3937 ait
421 3873 529 3955 Engl„
551 3874 671 3938 littera
691 3875 764 3938 istae
788 3873 1016 3938 declaratoriae
1036 3873 1256 3955 requiruntur
1276 3873 1359 3936 dun-

188 3984 281 4043 taxat
295 3979 337 4044 ad
357 3981 552 4045 scandalum
575 3981 774 4046 tollendum.
801 3981 867 4046 Nec
886 3981 999 4044 obstat
1016 3979 1071 4043 cit.
1097 3985 1206 4044 const.
1234 3978 1356 4056 Piana;

187 4105 266 4150 nam
280 4086 326 4150 ibi
340 4087 546 4152 invalidatur
560 4088 778 4172 dispensatio,
796 4089 825 4152 si
837 4087 966 4151 mentio
975 4105 1045 4151 uon
1053 4087 1113 4151 flat
1122 4086 1249 4168 gradus
1257 4087 1356 4169 primi

186 4195 283 4257 mixti
302 4213 381 4258 cum
401 4195 561 4272 secundo,
588 4196 687 4260 tertio
702 4201 761 4260 aut
783 4201 914 4279 quarto.
934 4195 965 4260 3⁰
988 4194 1020 4258 Si
1051 4194 1172 4280 copula
1191 4193 1358 4275 allegetur

186 4321 245 4385 pro
258 4321 370 4380 causa,
389 4304 532 4386 exprimi
547 4304 649 4368 debet
663 4323 707 4368 an
721 4304 836 4369 habita
851 4305 894 4368 sit
908 4305 971 4366 sub
993 4321 1052 4387 spe
1073 4303 1231 4367 facilioris
1251 4303 1357 4384 impe-

186 4411 351 4487 trationis,
366 4415 400 4474 et
416 4411 443 4474 si
458 4410 524 4476 alia
536 4429 648 4482 ,causa
665 4411 840 4492 allegetur,
854 4410 1074 4474 nihilominus
1090 4409 1210 4492 copula
1223 4408 1358 4492 publica

187 4519 328 4602 exprimi
345 4519 445 4584 dehet
460 4539 502 4585 ex
513 4519 600 4603 stylo
615 4520 731 4597 Curia,
748 4539 818 4586 non
831 4525 946 4585 tamen
960 4518 1101 4594 occulta,
1120 4519 1198 4602 quia
1211 4517 1357 4584 Ecclesia

188 4645 256 4691 non
271 4627 407 4692 videtur
422 4628 509 4693 velle
525 4627 673 4710 obligare
688 4628 731 4693 ad
752 4647 893 4710 gravem
910 4629 961 4692 sui
978 4627 1245 4692 diffamationem
1265 4628 1355 4702 (San-
