3482 5560
555 477 642 522 LIBER
664 478 800 530 QUARTUS
820 476 1040 524 DECRETALIUM.

369 679 399 730 ll.
412 677 452 730 Ad
467 678 542 743 quod
556 679 681 732 tribunal
696 683 776 744 Papo
792 680 939 746 dirigenda
951 681 987 733 sit
1000 681 1167 747 supplicatio
1181 683 1236 750 (itt

255 825 353 905 Resp.
369 825 398 888 l.
416 823 449 886 Si
471 824 755 907 impedimentum
781 825 825 890 sit
845 825 1029 909 publicum,
1055 827 1211 908 dirigitur
1232 829 1274 892 ad
1294 827 1391 892 Dota-

215 931 311 1008 riam,
335 937 470 997 servata
498 938 661 998 consueta
683 935 804 1010 forma,
830 933 863 997 vi
888 935 986 1016 cujus
1016 934 1047 996 l·
1068 936 1206 1016 ponitur
1233 935 1390 1000 salutatio

216 1038 313 1122 Papae
328 1059 334 1102 :
352 1063 367 1096 α
383 1039 582 1104 Beatissimo
600 1041 708 1105 Pater.
727 1066 741 1099 »
762 1042 794 1104 l·
817 1040 880 1104 Por
900 1040 1053 1121 integros
1075 1041 1297 1119 characteres,
1317 1045 1389 1109 sine

215 1147 535 1224 abbreviationibus,
553 1149 754 1232 exprimitur
777 1166 904 1235 nomen
932 1153 967 1212 et
989 1166 1180 1229 cognomen
1203 1157 1387 1230 oratorum,

214 1255 349 1336 rejectis
368 1255 588 1333 diminutivis,
606 1275 638 1320 v.
662 1275 695 1337 g.
717 1281 732 1314 a
747 1254 955 1333 Joannellus,
974 1280 988 1312 »
1011 1261 1073 1320 etc.
1093 1256 1125 1320 Si
1143 1275 1335 1338 cognomen
1355 1261 1389 1322 in

215 1362 302 1428 Urbe
319 1364 475 1445 ignotum
496 1365 549 1440 sit,
570 1382 631 1447 per
645 1364 898 1429 sollicitatorem
912 1364 1061 1448 suppleri
1080 1372 1194 1448 potest
1208 1384 1251 1432 ex
1270 1369 1389 1431 arbore

214 1472 527 1554 consanguinitatis,
543 1492 575 1536 v.
592 1491 624 1554 g.
642 1498 657 1532 α
669 1473 857 1556 Exponitur
868 1491 929 1556 pro
944 1478 1038 1557 parte
1053 1474 1192 1538 loannis
1207 1475 1278 1539 nati
1292 1475 1390 1540 Fran-

214 1579 302 1654 oisci,
318 1585 353 1644 et
365 1581 470 1646 Annae
485 1586 573 1645 nata
589 1581 744 1654 Antonin
762 1607 777 1638 »
801 1581 859 1644 ubi
882 1579 986 1644 etiam
1011 1581 1121 1644 omitti
1142 1587 1255 1665 potest
1275 1590 1388 1660 natira,

214 1695 309 1765 noto,
326 1688 504 1753 scribendo
518 1693 703 1772 utrumque
725 1705 853 1752 nomen
865 1707 927 1770 per
939 1688 1176 1771 majusculam,
1195 1709 1226 1754 v.
1244 1708 1277 1771 g.
1297 1709 1389 1773 «pro

213 1800 307 1878 parte
322 1795 460 1860 loannis
474 1795 764 1871 Francisci‚dnnse
779 1795 930 1871 Antonii,
946 1821 961 1854 n
980 1796 1059 1878 quia
1074 1796 1101 1860 si
1112 1815 1240 1860 nomen
1255 1799 1299 1860 sit
1311 1817 1392 1862 con-

216 1903 396 1978 tinuatum,
412 1923 474 1968 seu
488 1904 728 1986 compositum,
745 1902 891 1968 alterum
906 1922 949 1966 ex
960 1903 1047 1986 stylo
1061 1904 1167 1968 Guriae
1180 1906 1278 1970 scribi
1290 1905 1391 1971 debet

215 2028 277 2094 per
287 2009 525 2087 minusculam,
543 2030 576 2075 v.
592 2031 625 2092 g.
644 2037 659 2070 a
676 2029 738 2094 pro
752 2017 848 2094 parto
860 2011 999 2076 loannis
1019 2011 1188 2090 Fridcrici,
1212 2013 1391 2078 Annaema-

214 2119 283 2182 riae.
298 2143 313 2176 »
338 2119 372 2182 Si
387 2124 502 2184 tamen
518 2120 726 2202 dispensatio
742 2121 848 2201 potita
863 2119 908 2183 sit
927 2121 963 2185 in
986 2121 1097 2186 forma
1115 2140 1316 2204 pauperum,
1334 2122 1391 2186 de-

213 2228 322 2291 fectus
347 2231 592 2310 cognominum
620 2229 770 2312 suppleri
796 2231 924 2311 nequit.
954 2229 1120 2293 ftaeterum
1147 2229 1226 2294 licet
1249 2231 1390 2313 dejure

213 2337 386 2400 communi
401 2355 495 2401 error
509 2337 668 2412 nominis,
684 2338 711 2400 si
726 2337 767 2401 de
783 2356 819 2400 re
835 2341 978 2414 constet,
991 2356 1060 2402 uon
1072 2343 1327 2421 saccatusque
1345 2339 1390 2402 vi-

214 2443 560 2527 tictlitteras(1.1V,c.
574 2448 615 2511 de
627 2447 796 2528 Testem),
808 2451 923 2511 tamen
935 2465 978 2510 ex
993 2446 1081 2530 stylo
1097 2447 1203 2510 Guriae
1216 2447 1388 2524 Romana»,

215 2553 259 2618 ad
280 2553 457 2618 evitandos
480 2552 605 2618 multas
629 2554 777 2630 frondeo,
800 2554 910 2618 reddit
933 2554 1224 2638 dispensationem
1247 2556 1390 2638 obrepti-

217 2663 308 2738 tiam,
326 2668 365 2726 ut
379 2667 474 2728 notat
488 2661 636 2740 Corrad,
654 2665 799 2745 allegato
815 2664 969 2728 omnium
990 2664 1167 2728 curialium
1181 2663 1388 2742 testimonio,

215 2771 280 2835 nisi
296 2772 420 2852 exiguo
433 2774 577 2836 mutatio
593 2773 628 2835 in
643 2773 782 2836 nomine
806 2778 906 2850 esset,
924 2791 955 2835 v.
974 2792 1006 2854 g.
1032 2773 1224 2836 Antoninus
1245 2789 1306 2854 pro
1325 2771 1390 2834 An·

217 2880 321 2950 tonia,
338 2878 529 2943 Bernardus
541 2899 603 2962 pro
619 2880 838 2944 Bernardino.
854 2881 886 2943 3ο
900 2879 1049 2962 Exprlmi
1061 2879 1161 2943 debet
1175 2878 1390 2943 uomendioe-

216 2987 313 3062 cesis,
339 2992 373 3050 et
395 2987 423 3049 si
444 2991 596 3052 oratores
613 2992 706 3071 ¹sunt
734 2988 946 3052 diversarum
975 2987 1182 3064 dioecesium,
1213 2988 1389 3071 utriusque
1417 2995 1422 3008 '

217 3093 371 3184 dioecesis
383 3096 776 3178 nomenexprimendum
785 3102 847 3172 est,
859 3097 938 3179 quia
946 3097 1118 3161 exsecutio
1129 3096 1390 3179 dispensationis

217 3203 416 3287 plerumque
440 3222 483 3267 ex
507 3203 594 3286 stylo
609 3205 752 3268 lictoriae
765 3205 990 3269 committitur
1004 3204 1186 3278 ordinario,
1203 3208 1236 3267 et
1252 3203 1389 3286 quidem

218 3311 380 3374 oratricis.
398 3311 531 3388 Quodsi
547 3315 699 3377 oratores
713 3310 921 3376 domicilium
930 3313 1126 3376 distinctum
1139 3310 1267 3375 habent
1280 3330 1301 3375 o
1315 3311 1389 3375 loco

218 3417 368 3497 originis,
393 3423 427 3482 et
445 3419 480 3481 in
499 3418 565 3482 alia
583 3417 720 3484 dioecesi
741 3420 905 3496 habitant,
928 3419 1117 3502 exprimere
1138 3418 1264 3482 debent
1282 3423 1321 3482 nt
1337 3417 1390 3481 lit-

218 3529 299 3588 terae
324 3525 512 3606 dirigantur
531 3526 573 3591 ad
588 3526 798 3591 ordinarium
813 3527 982 3592 domicilii.
1003 3526 1144 3591 Errorin
1155 3528 1294 3592 nominc
1310 3526 1390 3590 dim-

217 3633 303 3696 c'esis
319 3634 525 3716 probabilius
546 3653 589 3698 ex
604 3635 692 3717 stylo
716 3634 822 3700 Guriae
838 3636 935 3699 vitiat
948 3635 1150 3717 rescriptum
1165 3635 1387 3717 dispensatio·

218 3741 281 3817 nis,
301 3759 371 3806 nou
395 3746 509 3806 tamen
525 3761 619 3808 error
642 3744 677 3807 in
694 3743 833 3807 nomine
852 3745 980 3826 patriae,
1004 3762 1084 3808 oum
1102 3743 1175 3808 haec
1197 3745 1389 3809 necessario

218 3867 285 3912 non
302 3831 589 3932 sit'exprimenda,
606 3851 671 3915 nisi
683 3851 890 3934 dispensatio
905 3857 1040 3934 petatur
1050 3853 1092 3915 ob
1106 3853 1300 3932 angustiam
1312 3851 1386 3928 loci,

218 3955 273 4020 vel
287 3958 330 4021 ob
343 3955 457 4021 locum
473 3958 515 4022 ed
530 3957 624 4022 littus
639 3959 753 4023 maris.
765 3959 798 4021 4⁰
815 3958 1020 4042 Exprimitur
1034 3958 1241 4023 desiderium
1258 3966 1390 4026 contra-

217 4063 320 4128 hendi
336 4065 592 4130 matrimonium
610 4065 666 4130 vel
682 4067 717 4130 in
735 4070 908 4130 conuecto
928 4067 1179 4148 perseverandi,
1196 4085 1306 4148 genus
1327 4067 1390 4131 im·
1410 4135 1414 4144 ,

217 4172 413 4252 pedimenti,
428 4192 532 4238 causa
545 4175 596 4256 (l),
614 4193 646 4238 v.
661 4193 694 4256 g.
710 4195 717 4236 :

248 4307 283 4373 (ll
298 4309 362 4360 Vide
376 4310 498 4374 superius
514 4309 584 4362 dictu
600 4311 628 4360 in
643 4311 840 4376 Prolegomenis
854 4309 886 4362 de
903 4309 1072 4362 facultatibus
1088 4309 1261 4361 tribunalium
1277 4311 1389 4362 Datariae

218 4388 244 4436 et
257 4385 471 4436 Poenitentiariae.

250 4464 282 4527 (2)
297 4462 367 4513 'laxa
386 4475 433 4512 seu
454 4461 627 4526 componenda
651 4465 691 4513 est
709 4463 837 4514 solvendo
853 4463 991 4515 occasione
1013 4463 1218 4528 dispensationis
1235 4465 1263 4515 in
1278 4465 1388 4530 impedi·

217 4543 307 4590 mento
324 4537 561 4603 consanguinitatis
580 4541 606 4588 et
625 4537 761 4590 affinitatis
778 4554 811 4590 ex
831 4539 925 4604 copulo
938 4539 1135 4592 matrimoniali.
1152 4539 1243 4599 Quoad
1257 4545 1345 4592 taxum
1360 4541 1388 4592 iu

219 4615 380 4667 cancellariis
393 4615 586 4680 cpiscoporum,
602 4615 662 4665 vids
675 4615 797 4667 declarat.
813 4615 840 4668 8.
856 4617 952 4680 Cougr.
970 4615 1049 4668 Conc.
1065 4618 1095 4666 28
1107 4615 1164 4681 jau.
1180 4619 1249 4668 1882.
