3514 5564
574 665 662 710 niara
682 641 819 718 suenrus
840 663 1061 712 uscasrauuu.
1347 651 1405 716 137

230 783 441 859 accidentali,
464 783 521 848 vel
539 783 741 860 intrinseco,
760 803 792 848 v.
814 803 847 867 g.
864 803 907 850 ex
929 785 1114 850 humorum
1129 787 1403 870 intemperantia,

232 893 288 958 vel
304 893 506 969 extrinseco,
519 911 553 956 v.
566 911 599 974 g.
616 910 660 956 ex
673 891 852 970 maleficic,
866 894 1000 971 morbo,
1017 898 1080 960 etc.

485 1078 504 1127 1.
520 1078 587 1137 Qua
601 1076 769 1142 impotentia
783 1076 899 1132 dirimat
911 1077 1149 1132 matrimoniumt

270 1224 371 1308 Resp.
396 1223 424 1286 1.
446 1223 651 1306 impotentia
672 1223 714 1288 ad
733 1242 851 1288 veram
872 1223 1041 1308 copulam,
1060 1224 1163 1290 modo
1187 1225 1231 1288 sit
1243 1229 1408 1308 perpetua

231 1335 266 1396 et
280 1332 498 1407 antecedens,
522 1331 649 1396 dirimit
669 1331 943 1410 matrimonium;
968 1332 1154 1417 etquidem
1168 1333 1324 1398 absolute
1337 1351 1407 1397 ras-

231 1444 331 1524 pectu
356 1441 529 1516 omnium;
551 1442 740 1526 respectiva
760 1461 843 1508 vero
860 1447 1017 1526 respectu
1040 1459 1160 1507 eorum
1187 1461 1266 1506 cum
1285 1442 1407 1525 quibus

231 1567 378 1634 persona
392 1551 482 1615 coire
493 1551 632 1636 nequit:
648 1552 695 1616 ita
707 1569 808 1628 com,
823 1570 867 1616 ex
879 1570 907 1617 0.
925 1553 955 1630 1,
970 1553 990 1616 i
1004 1553 1037 1616 h.
1056 1557 1093 1629 t.;
1118 1569 1199 1615 nam
1213 1551 1289 1616 talis
1301 1553 1408 1633 impo-

233 1659 339 1724 tentia
356 1661 434 1742 jure
455 1658 602 1723 naturali
624 1659 766 1743 impedit
792 1659 1052 1726 translationem
1076 1660 1163 1742 juris
1184 1658 1374 1742 conjugalis
1398 1679 1406 1722 :

232 1765 401 1852 siquidem
418 1784 489 1831 non
505 1769 618 1851 potest
633 1767 705 1832 dari
718 1771 871 1851 potestas
886 1768 976 1833 adid
990 1768 1081 1852 quod
1096 1768 1183 1832 tradi
1194 1785 1264 1832 non
1277 1771 1406 1851 potest;

206 1896 211 1902 ·
232 1873 318 1938 siout
330 1873 366 1937 in
381 1877 499 1940 nostro
515 1893 594 1940 casu
611 1894 673 1940 nec
688 1881 776 1952 actu,
790 1895 853 1940 nec
864 1876 1018 1959 potentia
1030 1875 1182 1940 debitum
1195 1875 1290 1940 reddi
1300 1875 1406 1951 valet;

232 1999 313 2064 ergo
331 1981 406 2045 talis
421 1982 621 2065 impotentia
634 1982 762 2047 dirimit
772 1983 1029 2048 matrimonium
1041 2003 1048 2046 :
1061 1988 1135 2047 tum
1150 1983 1228 2067 quia
1243 2001 1304 2066 per
1316 1980 1409 2048 illam

232 2089 416 2172 impeditur
430 2089 612 2172 primarius
629 2077 710 2154 finis
731 2091 951 2166 matrimonii,
969 2108 1037 2174 quo
1060 2090 1113 2154 vir
1134 2093 1169 2154 et
1190 2090 1314 2154 mulier
1335 2091 1409 2155 lieri

232 2198 363 2282 possint
386 2216 453 2262 una
471 2215 565 2272 caro;
587 2216 679 2279 ergo.
703 2197 807 2263 Porro
825 2198 1029 2282 impotentia
1049 2199 1092 2263 ad
1113 2215 1232 2262 veram
1252 2197 1410 2282 copulam
1481 2225 1485 2234 ·

234 2310 314 2370 tunc
328 2309 489 2370 censetur
504 2323 590 2381 esse,
610 2306 691 2369 dum
706 2305 761 2370 vel
779 2323 849 2370 non
865 2310 981 2390 potest
993 2305 1068 2370 iteri
1082 2306 1191 2370 coitus
1205 2306 1248 2370 ob
1262 2305 1410 2389 indispo-

234 2413 392 2478 siticnem
414 2414 658 2488 membrorum,
680 2410 732 2477 ita'
748 2417 787 2476 ut
805 2413 857 2476 vir
880 2412 992 2478 debite
1017 2413 1184 2488 emittere,
1202 2417 1262 2477 aut
1282 2414 1411 2478 femina

232 2523 322 2586 intra
338 2539 399 2585 vas
419 2539 538 2585 semen
557 2521 708 2603 recipere
730 2525 889 2605 nequeat,
906 2520 961 2585 vel
982 2521 1064 2584 dum
1082 2539 1155 2586 mas
1175 2521 1265 2586 coire
1278 2521 1407 2598 valens,

233 2648 353 2694 verum
371 2647 489 2693 semen
505 2627 660 2692 emittere
678 2645 748 2693 nou
762 2633 891 2712 potest;
912 2630 956 2692 ch
977 2646 1080 2713 quam
1094 2646 1234 2692 oausam
1249 2630 1364 2713 spado,
1383 2630 1411 2692 si

234 2759 254 2804 a
274 2743 396 2804 uatum
409 2736 465 2802 rel
478 2756 522 2801 ex
535 2738 738 2813 castratione
761 2742 906 2823 utroque
922 2738 1078 2812 testiculo
1093 2737 1245 2821 privatus
1262 2743 1323 2814 est,
1340 2754 1410 2803 non

233 2847 399 2912 contrahit
407 2844 517 2911 valide
531 2845 800 2924 matrimonium,
816 2850 854 2910 ut
869 2844 1053 2911 declaravit
1066 2845 1180 2910 sixtus
1192 2844 1229 2922 V,
1245 2865 1301 2910 an.
1319 2847 1408 2923 1187,

234 2959 320 3020 teste
337 2955 457 3019 Sanch.
474 2957 509 3016 et
522 2953 611 3028 aliis3
629 2953 709 3036 quia
728 2971 850 3017 verum
874 2972 993 3018 semen
1017 2953 1173 3018 emittere
1197 2971 1268 3018 non
1285 2957 1407 3036 potest.

233 3063 267 3128 Si
282 3067 397 3127 tamen
411 3060 487 3126 talis
503 3061 654 3126 detectus
669 3060 888 3144 superveniat
901 3061 1120 3148 matrimonio
1134 3065 1319 3137 contracto,
1337 3078 1407 3125 nou

236 3171 377 3254 impedit
394 3169 561 3253 copulam,
580 3170 643 3233 etsi
663 3187 725 3252 per
741 3169 897 3234 accidens
918 3188 1040 3234 verum
1062 3161 1181 3233 s'cmen
1196 3187 1267 3233 non
1282 3169 1412 3233 emitta-

187 3327 191 3339 .
238 3285 303 3356 tur,
329 3279 408 3363 quia
429 3278 551 3341 vitium
574 3276 819 3359 superveniens
841 3294 911 3341 non
938 3276 1041 3340 debet
1064 3280 1250 3360 conjugem
1278 3276 1411 3354 privare

236 3389 312 3470 jure
328 3386 470 3470 quaesito
484 3385 537 3466 (1).
561 3431 567 3442 ,

277 3497 376 3579 Resp.
402 3495 433 3558 1.
463 3491 580 3558 Vallda
602 3497 787 3557 censentur
811 3493 1030 3558 matrimonia
1061 3511 1136 3577 quse
1164 3493 1286 3557 ineunt
1312 3510 1412 3558 senes

237 3603 399 3687 decrepiti
417 3607 452 3669 et
467 3601 610 3679 steriles,
627 3601 813 3666 dummodo
824 3601 894 3685 apti
906 3601 974 3666 sint
986 3602 1028 3666 ad
1041 3603 1185 3677 coitum;
1199 3619 1280 3666 uam
1291 3619 1414 3665 verum

237 3731 355 3778 semen
371 3712 542 3785 emittunt,
561 3709 642 3774 licet
661 3728 723 3793 per
741 3709 898 3774 accidens
919 3727 989 3775 non
1010 3709 1054 3774 sit
1074 3709 1274 3793 prolilloum.
1293 3708 1414 3773 Exem-

235 3822 291 3906 pla
306 3821 411 3885 habes
423 3820 459 3883 in
474 3817 529 3882 SS.
546 3817 746 3892 Elisabetha,
762 3816 870 3891 Anna,
888 3823 965 3894 etc,
977 3818 1162 3882 tumetiam
1174 3817 1414 3900 quiapotentia

236 3948 316 3995 vere
331 3927 487 4004 coeundi,
505 3943 575 3992 non
589 3943 672 3991 vero
687 3925 840 4009 potentia
854 3924 1042 4005 generandi
1057 3943 1136 3990 cum
1152 3925 1287 3999 effectu,
1304 3927 1357 3988 est
1371 3924 1412 3989 de

236 4037 426 4103 substantia
447 4033 666 4109 matrimonii,
690 4032 782 4118 quod
804 4031 975 4096 sterilibus
995 4049 1070 4096 esse
1090 4036 1214 4116 potest,
1235 4031 1356 4096 saltem
1376 4031 1412 4095 in

235 4144 426 4209 remedium
454 4140 753 4224 concupiscentiae3
780 4157 878 4204 secus
901 4145 963 4215 est,
992 4139 1021 4203 si
1040 4139 1199 4204 sterilitas
1220 4143 1254 4202 et
1273 4137 1411 4202 evitatio

236 4251 763 4340 prolisdeducercturinpactum
775 4249 857 4331 (cap.
868 4249 941 4325 lin,
952 4247 994 4312 de
1006 4248 1138 4313 Condit.
1154 4265 1282 4332 oppos,
1293 4263 1366 4310 can.
1380 4246 1409 4322 6,

168 4365 171 4372 ’
237 4363 341 4439 Solet,
358 4362 408 4437 32,
424 4380 455 4445 q.
472 4359 513 4441 2).
533 4357 593 4423 llla
607 4359 711 4424 verba
726 4383 741 4416 u
761 4357 839 4422 volo
855 4376 931 4422 esse
946 4362 1056 4422 mater
1074 4382 1089 4415 o
1108 4357 1190 4440 (cap.
1208 4356 1237 4430 l,
1254 4355 1319 4418 hoc
1335 4354 1409 4436 tit),

235 4470 327 4535 idem
340 4469 533 4551 significant
546 4485 585 4533 ac
601 4491 617 4526 ι(
628 4467 707 4532 volo
722 4467 883 4548 cognosci
893 4485 913 4530 a
922 4466 996 4531 viro
1010 4490 1038 4540 a,
1054 4463 1146 4548 quod
1156 4463 1195 4526 llt
1210 4463 1313 4528 etlam
1323 4463 1412 4526 inter

269 4656 301 4720 (t)
313 4654 471 4720 lmpotentia
484 4652 675 4717 superveniens
690 4651 858 4704 matrimonio
866 4651 922 4717 jorn
934 4650 1069 4700 conuecto
1085 4647 1151 4698 illud
1163 4661 1218 4700 non
1233 4647 1343 4709 dirimit,
1355 4649 1411 4699 aiva

236 4735 287 4784 hoc
298 4733 354 4798 jam
370 4731 450 4783 luerit
466 4731 679 4782 consummatum
698 4732 745 4780 cut
762 4727 916 4792 simpliciter
929 4729 1025 4786 ratum,
1044 4737 1105 4775 cum
1123 4723 1174 4776 hoc
1189 4725 1338 4780 secundum
1356 4737 1411 4776 non

237 4807 473 4875 solvaturnisipar
486 4805 678 4872 professionem
691 4804 842 4870 religiosam
857 4806 904 4856 aut
918 4801 1285 4868 pontificiamauctoritetem.
1368 4875 1371 4882 Ι
1422 4865 1425 4873 ¹
