3482 5560
555 565 644 610 ursus
664 565 790 621 oursros
811 567 1029 614 oscunrsuurr.
1090 601 1095 611 .
1319 557 1381 622 263

211 699 348 761 genere,
368 685 524 748 remanet
541 682 577 748 in
591 683 702 748 altiori
715 681 845 760 ordine,
862 688 897 748 et
907 685 984 749 ideo
999 684 1082 750 ordo
1104 686 1287 770 spiritualis
1310 692 1382 757 vili·

211 789 370 874 penditur
383 808 444 873 per
459 791 760 874 aequiparationem
783 810 862 856 cum
876 810 913 856 re
933 793 1128 875 temporali:
1145 796 1192 860 sic
1205 797 1245 860 iit
1256 799 1384 882 injuria

214 901 287 960 tum
301 897 392 962 dono
413 897 483 974 Dei,
503 902 576 963 tum
593 899 657 982 ipsi
674 899 754 964 Deo.
775 897 841 964 Sed
861 900 904 965 ob
928 905 1023 966 actus
1042 901 1334 986 imperfectionem
1349 911 1383 972 et

211 1005 344 1086 agentis
358 1005 597 1088 ignorantiam,
618 1012 794 1092 peccatum
808 1011 922 1092 potest
936 1025 1010 1074 esse
1035 1010 1178 1075 veniale.
1200 1011 1326 1079 Tamen
1347 1017 1383 1079 in

213 1113 358 1178 simonia
367 1115 455 1197 juris
469 1113 695 1193 ecclesiastici,
711 1113 929 1199 probabiliter
943 1115 986 1196 (S.
1002 1115 1085 1199 lig,
1096 1115 1119 1180 l.
1132 1116 1186 1194 Ill,
1199 1138 1232 1183 n.
1246 1121 1297 1202 50)
1312 1120 1384 1188 dari

212 1226 325 1304 potest
338 1224 486 1306 parvitas
495 1225 656 1300 materiae,
673 1223 916 1308 quisperhanc
928 1223 1109 1304 simoniam
1119 1228 1238 1291 nouflt
1247 1230 1383 1312 proprie

212 1329 337 1412 injuria
359 1331 409 1394 rei
432 1349 546 1407 sacrae,
570 1331 631 1396 sed
655 1335 788 1396 tantum
813 1329 961 1395 violatur
981 1337 1189 1416 praeceptum
1214 1334 1382 1416 Ecclesiae‚

213 1455 288 1522 quse
302 1437 491 1521 praesertim
505 1437 681 1503 avaritiam
695 1442 730 1502 et
743 1436 809 1502 alia
822 1437 1040 1505 incommoda
1053 1439 1209 1508 intendit.
1340 1517 1344 1528 ,

545 1622 577 1672 11.
594 1621 634 1674 De
648 1619 733 1674 variis
747 1619 895 1684 speciebus
906 1621 1044 1675 simonia.

253 1767 286 1850 α)
298 1767 464 1838 Dividitur
481 1767 517 1832 in
535 1785 612 1832 eam
627 1785 703 1851 quse
718 1770 771 1832 est
782 1766 869 1850 juris
885 1766 1000 1844 divini,
1018 1785 1079 1833 seu
1093 1771 1228 1853 proprie
1248 1771 1383 1850 dictam,

214 1880 248 1940 ct
262 1894 339 1940 eam
350 1894 425 1960 quae
434 1875 580 1958 estjuris
595 1875 822 1952 ecclesiastici,
836 1875 1019 1940 seuminus
1030 1877 1166 1960 proprie
1175 1878 1262 1944 talis.
1275 1878 1387 1946 Prima

215 1989 277 2061 est,
288 1983 549 2068 quatemporale
564 1983 663 2048 datur
674 2001 736 2067 pro
748 1982 922 2066 spirituali,
936 2001 1058 2067 nempe
1071 2002 1132 2068 pro
1146 2004 1183 2050 re
1198 1986 1241 2050 de
1255 2005 1384 2052 severe

213 2091 389 2176 spirituali,
417 2092 467 2156 uti
490 2096 543 2156 est
564 2091 673 2174 gratia
701 2092 926 2168 sanctificans,
954 2093 1157 2158 sacramenti
1183 2095 1385 2174 benedictio,

215 2201 439 2268 ecclesiastica
457 2201 668 2285 jurisdicti03
690 2200 797 2265 altera
818 2201 973 2277 babetur,
998 2202 1080 2266 dum
1101 2207 1221 2268 contra
1239 2205 1388 2288 prohibi-

214 2311 344 2374 tionem
364 2307 518 2374 Ecclesiae
542 2307 641 2374 datur
663 2306 836 2390 spirituale
850 2326 912 2391 pro
934 2307 1109 2392 spirituali,
1135 2311 1230 2406 utin
1252 2330 1389 2395 permu-
1514 2345 1517 2356 ·

216 2418 343 2506 tatione
366 2416 519 2481 beneficii
544 2433 607 2499 pro
630 2415 795 2480 beneflcio
822 2416 958 2498 propria
987 2415 1187 2482 auctoritate
1210 2418 1309 2496 facta,
1331 2419 1388 2484 vel

216 2523 351 2608 quando
362 2522 655 2607 dsturtemporale
666 2521 728 2605 pro
744 2522 932 2606 temporali,
947 2528 986 2587 ut
1000 2522 1028 2588 si
1044 2524 1120 2607 quis
1133 2530 1225 2589 emat
1236 2527 1388 2591 officium

217 2632 396 2708 oeoonomi,
429 2630 638 2708 thesaurarii,
666 2629 821 2696 advocati
844 2629 1006 2706 ecclesiae,
1033 2630 1388 2699 subannuisset
1432 2695 1436 2710 ,

215 2762 285 2808 non
305 2745 498 2827 repugnant
521 2721 690 2824 ejusmodi
710 2741 990 2825 permutationes,
1012 2741 1195 2824 spiritualis
1209 2761 1271 2825 pro
1293 2743 1388 2826 spiri-

158 2833 162 2840 ’
217 2851 310 2928 tuali,
334 2851 389 2916 vel
412 2849 609 2933 temporalis
631 2868 693 2934 pro
718 2848 909 2932 temporali,
929 2867 969 2914 ac
994 2848 1137 2931 proinde
1162 2849 1307 2916 simonia
1334 2857 1387 2918 est

212 2960 299 3042 iuris
310 2957 447 3043 positivi
458 2956 685 3023 ecclesiastici.
1284 2965 1287 2971 '

256 3068 288 3130 ΙΙ
309 3067 435 3133 Divisio
459 3065 516 3132 illa
538 3087 559 3132 a
579 3066 783 3151 quibusdam
810 3067 1029 3148 impugnatur
1050 3070 1089 3130 ut
1113 3066 1229 3150 inepta
1258 3069 1292 3132 et
1320 3068 1385 3132 bo.

216 3176 363 3260 aanuis
378 3176 570 3257 incognita3
588 3173 649 3239 sed
671 3173 850 3240 retinenda
864 3177 927 3249 est,
944 3192 1025 3238 nam
1039 3191 1200 3257 expresse
1221 3174 1389 3240 indicatur

216 3283 252 3346 in
266 3283 370 3348 saeris
383 3283 580 3359 canonibus,
598 3279 734 3357 scilicet,
758 3281 1001 3365 simoniajuris
1017 3281 1121 3347 divini
1144 3283 1180 3346 in
1197 3283 1262 3347 boc
1278 3281 1386 3358 titulo,

118 3461 121 3468 ,
217 3390 362 3456 simonia
372 3389 460 3474 juris
471 3387 687 3455 aeclesiastici
700 3387 736 3452 in
747 3407 776 3453 c.
792 3388 824 3464 b,
837 3389 868 3464 Ι,
880 3388 1171 3472 ᾱεΙΙον.ρεηηατ.,
1186 3394 1301 3472 atcap.
1313 3390 1385 3466 tin,

216 3497 389 3563 chactis.

255 3607 288 3672 ΙΙ
305 3606 373 3670 Sub
388 3605 526 3672 nomine
534 3605 624 3687 juris
639 3603 748 3682 dicipi
760 3605 856 3670 venit
875 3605 933 3687 Jus
946 3603 1118 3668 mentibus
1133 3603 1258 3670 uostris
1279 3621 1301 3668 a
1318 3604 1388 3670 Deo

217 3714 368 3790 insitum,
385 3733 446 3778 scu
458 3712 612 3778 naturale
627 3715 705 3796 ;jus
720 3711 874 3777 divinum
886 3711 1071 3794 positivum
1086 3729 1157 3776 non
1177 3716 1289 3776 exstat
1302 3712 1390 3778 circa

219 3822 419 3898 simoniam;
441 3821 501 3886 sed
522 3823 580 3904 jus
598 3818 753 3887 naturale
776 3823 871 3884 vetat
884 3837 957 3884 rem
977 3837 1108 3884 sacram
1126 3824 1161 3884 et
1179 3818 1389 3902 spiritualem

217 3931 421 3996 inhonorare
436 3935 471 3995 et
479 3930 618 4013 indigne
631 3933 785 3996 tractare.

257 4038 289 4102 3·
306 4038 456 4104 Simonis
464 4039 554 4130 juris
573 4037 792 4113 ecclesiastici,
807 4036 887 4101 licet
901 4036 1014 4101 minus
1022 4036 1158 4120 proprie
1173 4036 1318 4101 simonia
1332 4037 1387 4112 sit,

219 4147 336 4211 venire
349 4151 466 4212 tamen
481 4149 593 4227 potest
607 4146 670 4209 sub
686 4144 825 4209 nomine
840 4144 1012 4208 simoniae:
1030 4144 1109 4227 quia
1122 4147 1221 4226 pacta
1237 4141 1295 4209 illa
1306 4141 1390 4207 rela·
1512 4157 1516 4168 ·

220 4255 348 4320 tionem
359 4254 487 4318 babent
502 4252 545 4316 ad
560 4250 757 4334 spiritualia,
775 4255 809 4316 ct
822 4251 905 4316 dum
920 4251 961 4316 ab
971 4250 1119 4316 Ecclesia
1129 4249 1324 4333 praecipitur
1334 4267 1390 4314 res

219 4361 417 4427 indifferens
432 4378 475 4424 ex
489 4357 619 4423 motivo
632 4356 806 4440 religionis
820 4356 876 4422 vel
889 4357 1027 4422 alterius
1048 4357 1194 4434 virtuds,
1210 4374 1265 4420 res
1282 4355 1339 4450 illa
1352 4357 1391 4419 itt

219 4471 392 4554 objectum
413 4467 502 4534 illius
526 4467 679 4544 virtutis,
707 4471 742 4532 et
764 4467 974 4532 subtrabitur
996 4465 1303 4550 permutationibus
1328 4465 1390 4530 hu·

219 4579 340 4644 manis.

260 4686 290 4772 b)
308 4685 455 4771 Utraque
471 4683 696 4756 subdividitur
704 4685 740 4754 in
757 4686 936 4764 internam,
952 4701 1027 4775 qua
1041 4683 1076 4754 in
1091 4681 1163 4753 solo
1176 4681 1301 4758 animo,
1318 4681 1390 4748 sive
