3508 5568
352 587 392 652 38
813 603 863 649 ros
884 602 1063 650 cauourcuu.

352 721 596 792 matrimonium,
620 721 673 782 sed
698 726 813 780 tantum
837 727 1069 795 presumptum
1095 735 1162 794 quae
1184 719 1378 794 presumptio
1405 719 1436 778 in
1462 720 1530 778 toro

353 813 415 887 poli
428 810 639 872 ceditreritati.
654 813 697 872 Ad
708 817 735 870 t.
749 815 781 871 N.
793 828 840 884 a.;
858 827 927 872 nam
941 817 1113 872 contractus
1124 813 1181 872 iste
1191 812 1368 886 aprincipio
1378 811 1435 872 luit
1446 812 1530 872 inva-

352 903 443 974 lidus,
464 903 571 962 deinde
594 907 693 962 autem
711 903 801 962 Jacob
825 918 969 976 expresse
992 903 1146 962 consensit
1170 903 1202 960 in
1224 903 1315 964 Liam.
1329 901 1372 964 Ad
1387 907 1414 958 ³.
1430 905 1465 962 N.
1480 919 1527 969 c.;

353 1008 423 1052 nam
441 993 602 1052 incaeteris
618 994 814 1052 sacramentis
836 1009 898 1052 non
918 994 1082 1052 attenditur
1100 993 1163 1051 hac
1177 993 1224 1050 vet
1241 993 1300 1051 ista
1313 1007 1454 1068 persona,
1473 993 1525 1052 sed

354 1081 453 1141 solum
469 1096 615 1155 praesens,
634 1097 831 1156 quaecumque
846 1083 898 1142 illa
921 1084 1045 1154 sitnisi
1064 1083 1201 1143 minister
1221 1083 1420 1142 intentionem
1441 1098 1527 1143 suam

355 1172 549 1246 restringeret
563 1171 664 1229 adhoc
679 1171 869 1230 individuum
885 1187 1037 1245 porsonae3
1054 1179 1175 1231 econtra
1188 1172 1220 1230 in
1231 1172 1422 1232 matrimonio
1436 1177 1529 1244 atten7

355 1263 436 1321 ditur
456 1262 520 1320 hmo
540 1261 696 1320 individua
715 1274 860 1334 persona,
882 1275 950 1321 oum
970 1261 1175 1322 contrahentis
1198 1261 1319 1322 intersit
1342 1262 1454 1322 sociam
1475 1263 1532 1323 tori

357 1353 466 1414 habere
481 1351 561 1411 illam
577 1351 608 1410 in
623 1365 713 1424 quam
739 1352 900 1411 consentit.

396 1550 495 1635 ltesp.
520 1551 550 1614 t.
576 1520 676 1614 Error
702 1549 944 1627 substantialis,
966 1568 1036 1614 non
1063 1554 1195 1616 tantum
1221 1549 1447 1624 antecedens,
1473 1548 1533 1613 sed

357 1659 460 1724 etiam
480 1658 645 1734 incidens,
662 1655 823 1741 relinquit
846 1658 1102 1723 matrimonium
1121 1657 1335 1725 invalidum:
1356 1659 1403 1723 ita
1425 1676 1531 1734 com.;

359 1786 441 1832 nam
454 1767 533 1832 licet
553 1783 648 1832 error
665 1766 819 1830 incidens
833 1783 904 1831 non
921 1766 1022 1831 faciat
1042 1767 1323 1843 involuntarium,
1345 1751 1405 1832 sed
1419 1767 1532 1851 potius

361 1893 477 1942 secum
492 1877 603 1940 trahat
615 1873 846 1940 voluntarium
858 1874 1040 1952 habituale,
1059 1879 1174 1940 tamen
1187 1893 1257 1939 non
1270 1880 1389 1940 causat
1402 1874 1533 1940 actuale

364 1987 398 2048 et
411 1983 596 2067 positivum
612 1981 857 2059 voluntarium,
876 2001 937 2048 seu
955 2000 1162 2048 consensum
1185 1983 1227 2048 ad
1246 1983 1399 2048 valorem
1421 1983 1534 2049 matri-

359 2093 467 2159 monii
482 2094 704 2176 requisitum;
722 2110 803 2174 ergo
819 2091 877 2158 tali
892 2111 983 2169 casu,
1003 2111 1045 2157 ex
1060 2092 1195 2156 delectu
1207 2111 1406 2168 consensus,
1420 2093 1535 2157 matri-

360 2202 515 2267 monium
531 2206 583 2268 est
596 2201 803 2276 invalidum3
820 2205 859 2263 ut
874 2201 902 2264 si
916 2201 1115 2266 contraxisti
1131 2219 1210 2270 oum
1224 2200 1313 2285 Caja,
1331 2219 1433 2285 quam
1445 2202 1536 2283 cogi-

360 2309 439 2374 tasti
462 2327 537 2374 esse
560 2299 729 2384 Bertham,
752 2313 786 2373 et
807 2308 1029 2372 nihilominus
1051 2307 1279 2373 contraxisses
1297 2327 1376 2373 cum
1395 2308 1484 2391 Gaia,
1508 2308 1536 2370 si

361 2417 518 2484 scivisses
533 2436 608 2482 esse
621 2417 754 2500 Gajom:
771 2416 825 2480 hic
843 2417 945 2493 enim,
963 2421 1000 2479 ut
1015 2416 1122 2492 vides,
1140 2417 1287 2481 nonfuit
1301 2417 1442 2482 actualis
1456 2435 1536 2481 con-

361 2530 487 2593 tractus
502 2523 691 2590 celebratus
705 2543 784 2589 oum
798 2524 887 2608 Gaja,
906 2524 966 2589 sed
990 2527 1123 2589 tantum
1140 2525 1262 2589 fuisset
1282 2525 1484 2602 celebratus,
1508 2524 1536 2590 si

362 2635 482 2701 notitia
500 2633 587 2718 Gajae
600 2634 774 2699 adfuisset.

401 2744 500 2827 ltesp.
524 2743 553 2807 3.
577 2741 677 2807 Error
697 2743 785 2806 circa
805 2743 1003 2826 qualitatem
1023 2747 1057 2806 et
1076 2741 1349 2807 circumstantias
1369 2759 1536 2826 personae,

363 2854 435 2916 sive
451 2853 495 2916 sit
514 2851 736 2926 antecedens,
759 2852 830 2916 slve
855 2851 1023 2928 incidenS,
1049 2871 1110 2934 per
1134 2871 1170 2916 se
1190 2857 1224 2915 et
1245 2851 1447 2933 regulariter
1468 2869 1537 2918 non

325 2961 328 2968 '
363 2959 461 3023 vitiat
470 2959 622 3024 valorem
635 2959 864 3023 matrimonii:
882 2959 929 3024 ita
942 2977 1030 3023 com.
1050 2977 1092 3023 ex
1106 2977 1180 3024 can.
1194 2980 1251 3024 un.
1263 2961 1298 3036 in
1312 2961 1371 3024 tiu.
1388 2960 1438 3035 at,
1456 2978 1488 3042 q.
1508 2961 1536 3033 i,

362 3069 408 3132 ibi
429 3088 436 3130 :
459 3093 474 3126 κ
495 3067 595 3132 Error
609 3069 755 3132 fortunae
777 3073 810 3131 et
830 3067 1000 3150 qualitatis
1014 3086 1084 3133 non
1108 3067 1256 3132 excludit
1275 3085 1496 3142 consensnm;
1522 3093 1537 3124 u

363 3197 444 3243 nam
460 3179 570 3242 stante
593 3175 651 3240 tali
672 3194 798 3252 errore,
823 3176 978 3241 absolute
1002 3182 1036 3240 et
1058 3177 1249 3240 voluntarie
1269 3177 1484 3241 consentitur
1503 3177 1539 3240 iu

363 3288 451 3351 hanc
476 3303 619 3349 numero
647 3302 849 3367 personam;
872 3285 929 3369 qui
957 3303 1148 3349 consensus
1177 3285 1301 3348 suflicit
1328 3283 1369 3348 ad
1387 3284 1539 3350 valorem

363 3391 678 3469 matrimonialiter
703 3391 892 3456 secundum
909 3376 989 3476 quid
1016 3393 1059 3456 sit
1081 3392 1330 3458 involuntarius
1351 3392 1439 3457 circa
1458 3392 1540 3457 acci·

366 3501 480 3566 dentia
510 3505 543 3564 et
565 3515 686 3564 causas
709 3499 929 3581 impulsivas;
955 3505 992 3563 ut
1015 3501 1104 3564 circa
1126 3498 1354 3576 nobilitatem,
1385 3499 1538 3574 divitias,

364 3609 556 3683 sanitatem,
583 3612 659 3682 etc,
680 3625 758 3670 cum
790 3606 912 3690 quibus
937 3607 1193 3671 matrimonium
1217 3627 1286 3673 non
1307 3608 1538 3682 contrahitur;

364 3735 457 3798 ergo.
476 3715 643 3780 Praeterea
661 3717 790 3780 honum
808 3733 990 3782 commune
1006 3716 1127 3780 suadet
1142 3716 1221 3782 talia
1237 3717 1455 3782 matrimonia
1470 3733 1542 3780 sus-

366 3825 466 3889 tineri
488 3843 495 3887 :
519 3842 597 3888 cnm
623 3823 714 3886 enim
739 3841 833 3888 error
855 3823 945 3888 circa
964 3825 1151 3890 accidentia
1165 3843 1255 3908 saepe
1281 3825 1487 3890 interveniat
1505 3825 1541 3888 in

367 3935 541 3998 contractu
570 3931 725 4013 nuptiali,
749 3930 856 3996 multa
877 3932 1095 3998 matrimonia
1119 3933 1282 3998 deberent
1303 3933 1443 3998 dissolvi
1463 3944 1542 3998 cum

367 4041 498 4123 ingenti
512 4039 659 4123 prolium
675 4043 709 4103 et
721 4039 864 4122 reipubl.
880 4040 1017 4118 damno,
1038 4046 1072 4105 et
1086 4040 1246 4106 scandalo
1258 4040 1404 4124 publico.
1421 4041 1542 4124 Excipe

367 4152 398 4213 1⁰
416 4149 481 4213 nisi
496 4148 639 4232 qualitas
655 4147 799 4213 deducta
813 4149 856 4212 sit
868 4149 904 4212 in
923 4149 1164 4225 conditionem,
1181 4155 1242 4214 ut:
1262 4175 1276 4207 o
1294 4150 1384 4215 Duco
1400 4154 1445 4226 te,
1461 4150 1488 4214 si
1506 4169 1542 4214 es

293 4255 295 4258 ’
370 4263 506 4338 nobilis,
531 4261 636 4338 dives,
656 4287 671 4318 »
694 4267 770 4338 otc,
793 4265 873 4326 tunc
894 4263 987 4326 enim
1005 4263 1184 4326 deficiente
1204 4261 1409 4336 conditione,
1431 4260 1544 4325 dallcit

369 4372 635 4436 matrimonium.
655 4371 691 4434 ln
714 4371 816 4435 dubio
832 4391 902 4437 non
922 4377 1082 4436 censetur
1096 4370 1240 4455 qualitas
1255 4371 1401 4436 deducta
1416 4371 1451 4434 in
1464 4389 1544 4436 con-

371 4481 545 4557 ditionem,
575 4482 654 4565 quia
675 4482 892 4547 matrimonia
920 4480 1151 4547 conditionata
1173 4499 1244 4545 non
1260 4479 1372 4544 solent
1397 4479 1541 4544 admitti.

371 4589 493 4674 Excipe
508 4591 540 4654 2⁰
551 4591 615 4653 nisi
627 4590 770 4675 qualitas
780 4589 948 4656 redundet
960 4592 994 4655 in
1005 4590 1242 4667 substantiam,
1257 4608 1318 4653 seu
1331 4588 1545 4653 individuum

372 4715 539 4781 personae,
564 4700 642 4783 quia
663 4699 727 4766 hoo
744 4718 825 4768 casu
849 4719 918 4766 non
938 4705 991 4766 est
1009 4717 1104 4767 error
1120 4717 1212 4764 mere
1234 4697 1469 4772 accidentalis,
1486 4697 1545 4764 sed
