3508 5568
1289 1 1533 139 ,ΚΜ

590 511 675 556 ursan
696 511 831 564 oosnros
853 511 1070 556 obcaecamur.
1379 493 1419 558 55

251 625 462 690 trahentibus
483 625 660 700 obiutura;
686 624 738 690 vel
753 627 781 689 si
806 627 930 691 sciatur
952 624 1239 707 dispensationem
1259 643 1321 708 pro
1345 627 1419 691 toro

250 734 384 800 interno
400 753 475 799 esse
499 737 684 812 obtentam,
710 739 773 800 etc.
799 735 862 800 Per
881 738 946 800 hoc
967 740 1082 800 tamen
1103 753 1173 800 non
1195 741 1376 800 excusatur
1399 754 1420 801 a

250 841 493 918 denuntiando,
511 842 602 928 quod
613 843 676 906 sub
688 846 819 907 secreto
830 843 1112 926 impedimentum
1120 843 1330 924 cognoverit,
1341 845 1420 926 quia

250 955 381 1016 secreto
402 952 565 1034 praevalet
578 951 771 1016 reverentia
785 952 1003 1028 sacramenti3
1019 952 1089 1016 imo
1103 951 1166 1034 ipsi
1180 951 1419 1016 contrahentes

250 1059 292 1121 ab
305 1058 475 1123 ordinario
489 1059 699 1140 interrogati,
714 1064 875 1124 tenentur
886 1059 985 1124 fateri
1005 1058 1303 1142 impedimentum,
1322 1059 1378 1124 vel
1399 1079 1419 1125 a

250 1166 377 1249 nuptiis
391 1167 579 1243 abstinere:
596 1167 723 1232 etenim
739 1169 882 1252 quisque
894 1172 1030 1232 tenetur
1042 1167 1078 1231 in
1092 1167 1300 1232 conscientia
1320 1167 1420 1233 delic-

252 1280 323 1337 tum
340 1275 516 1358 proprium
528 1277 756 1350 manifestare,
774 1276 910 1361 quando
924 1276 1037 1358 agitur
1056 1275 1097 1339 de
1112 1275 1252 1342 vitando
1268 1281 1416 1360 peccato.

250 1383 279 1446 3.
297 1383 329 1448 Si
344 1383 511 1466 parochus
526 1387 622 1449 extra
635 1385 887 1449 confessionem
900 1389 992 1449 certo
1007 1384 1102 1449 novit
1120 1384 1416 1466 impedimentum,

251 1494 387 1554 tenetur
411 1489 508 1566 illud,
536 1491 622 1555 sicut
644 1491 848 1574 quicumque
872 1491 973 1566 alius,
1003 1491 1204 1555 denuntiare
1225 1491 1416 1570 ordinario;

251 1617 313 1663 nec
327 1603 439 1682 potest
452 1600 610 1664 assistere
628 1600 761 1682 sponsis
774 1601 1029 1664 matrimonium
1044 1600 1146 1664 etiam
1156 1598 1288 1684 publice
1301 1605 1419 1683 peten-
1541 1669 1543 1676 ,

253 1707 350 1770 tibus.
367 1706 450 1770 sitsi
474 1706 757 1789 impedimentum
780 1707 876 1771 novit
893 1711 1026 1771 tantum
1048 1725 1091 1770 ex
1114 1708 1339 1784 confessione,
1362 1707 1418 1772 de-

250 1815 308 1879 bet
317 1833 457 1879 monere
467 1814 690 1897 poenitentem
703 1817 741 1878 ut
752 1814 909 1897 unuptiis
918 1815 1103 1890 abstineat;
1120 1833 1218 1879 secus
1231 1814 1416 1891 nolentem,

250 1926 368 2004 utpote
382 1920 631 2005 indispositum,
647 1939 716 1990 non
732 1920 895 1986 absolvet.
913 1921 948 1985 Si
966 1927 1080 1986 tamen
1095 1921 1227 2005 publice
1241 1927 1335 2006 petat
1349 1941 1419 1988 nra-

252 2030 463 2105 trimonium,
485 2034 620 2094 tenetur
639 2030 670 2093 ei
691 2030 866 2105 assistere,
894 2029 973 2113 qnia
995 2029 1136 2093 scientia
1165 2031 1418 2096 sacramentalis

249 2139 291 2202 ad
304 2135 399 2202 act‘us
415 2137 600 2202 exteriores
616 2155 685 2202 non
700 2137 893 2220 porrigitur,
912 2155 975 2202 nec
990 2155 1030 2202 ea
1043 2136 1178 2202 utiiicet
1190 2139 1230 2220 (c.
1247 2137 1277 2214 i,
1294 2139 1336 2203 dc
1352 2139 1416 2220 Off.

249 2248 345 2328 ord).
361 2246 392 2309 4.
413 2245 447 2309 Si
465 2245 642 2329 episcopus
656 2245 711 2309 vel
725 2246 892 2329 parochus
908 2246 1019 2309 sciunt
1031 2247 1246 2329 impetratam
1260 2264 1336 2311 esse
1353 2247 1419 2312 dis·

248 2355 485 2439 pensationem
499 2371 560 2436 pro
574 2353 648 2418 foro
662 2352 809 2430 interno,
826 2352 1037 2418 dissimulare
1052 2359 1207 2436 possunt,
1226 2357 1261 2418 et
1274 2372 1418 2437 sponsos

248 2461 405 2545 copulare
424 2481 430 2523 :
446 2478 544 2525 secus
566 2479 648 2524 vero
673 2460 796 2545 siquis
817 2460 902 2525 elius
921 2459 1206 2543 impedimentum
1228 2460 1416 2537 denuntiet,

249 2570 328 2653 quia
343 2569 549 2653 dispensatio
565 2569 631 2632 ista
644 2586 713 2633 non
728 2569 912 2652 porrigitur
934 2569 1083 2634 adhunc
1105 2587 1232 2634 casum.
1253 2571 1282 2634 u.
1301 2570 1417 2634 Delato

247 2678 503 2760 impedimento,
522 2677 671 2743 officium
689 2678 827 2760 parochi
852 2684 903 2743 est
924 2679 1125 2746 interdicere
1149 2678 1416 2756 matrimonium,

247 2805 317 2851 non
347 2791 462 2851 tamen
488 2785 530 2850 de
553 2785 610 2852 illo
635 2804 854 2868 cognoscere,
881 2787 939 2851 sed
967 2787 1115 2869 cognitio
1138 2787 1204 2852 ista
1226 2791 1355 2869 spectat
1374 2786 1418 2852 ad

247 2895 442 2978 episcopum
457 2895 496 2977 (c.
513 2895 571 2958 fln.
589 2914 639 2978 pr.
657 2894 823 2974 et§iln.h.
838 2895 887 2976 t.),
897 2893 976 2958 licet
988 2896 1032 2958 sit
1047 2899 1179 2960 tantum
1195 2895 1418 2978 impedimen-

246 3007 319 3066 tum
333 3003 534 3086 impediens.
552 3003 748 3068 Ordinarius
763 3021 855 3079 vero,
871 3004 900 3066 si
916 3002 1037 3068 saltem
1057 3002 1242 3088 semiplene
1255 3005 1418 3087 probetur
1486 3081 1489 3088 Ι

246 3110 540 3194 impedimentum,
557 3110 748 3193 prohibebit
763 3111 899 3193 nuptias
913 3132 920 3186 ;
941 3111 1021 3194 quia
1035 3110 1078 3175 ad
1099 3111 1323 3176 avertendum
1341 3131 1418 3195 peo-

247 3223 360 3282 catnm
376 3217 500 3282 suisscit
515 3216 702 3300 semiplena
715 3218 879 3300 probatio,
901 3217 981 3282 licet
1002 3218 1044 3283 ad
1069 3217 1327 3282 dissolutionem
1347 3238 1418 3284 ma-

248 3327 408 3403 trimonii,
425 3330 542 3410 utpote
557 3327 734 3408 negotium
748 3325 846 3392 valde
857 3326 1012 3404 arduum,
1027 3326 1127 3412 plena
1138 3327 1291 3411 probatio
1306 3330 1418 3412 requi·
1445 3325 1447 3330 ’

246 3442 341 3500 ratur
352 3435 434 3518 (cap.
447 3436 506 3498 tin.
523 3435 627 3498 infin.
646 3452 695 3518 pr.
713 3434 777 3498 hoc
792 3436 866 3516 tit).
883 3436 913 3498 6.
931 3435 964 3500 Si
979 3435 1112 3500 nullum
1133 3436 1416 3519 impedimentum

246 3547 415 3627 appareat,
432 3542 548 3626 sponsi
572 3541 766 3623 obligantur
785 3543 985 3626 quantocius
1007 3544 1263 3609 matrimonium
1286 3548 1417 3609 contra-

245 3651 342 3726 bere;
368 3651 396 3712 si
423 3667 504 3713 vero
529 3648 612 3713 illud
634 3648 793 3714 differant
815 3649 903 3714 ultra
925 3654 993 3714 tres
1018 3649 1074 3715 vel
1095 3656 1241 3736 quatuor
1266 3671 1413 3730 menses,

245 3777 343 3823 novae
363 3757 638 3823 denuntiationes
656 3756 818 3823 faciendae
834 3764 924 3836 sunt,
941 3764 978 3822 ut
992 3761 1100 3825 tertm
1112 3761 1300 3827 declarasse
1316 3762 1417 3830 Sacra
1467 3760 1471 3767 ’

245 3865 379 3948 Gongn,
399 3870 484 3930 teste
506 3865 655 3942 Rebello,
672 3867 752 3949 quia
764 3867 854 3931 intra
875 3871 1008 3934 tanturn
1021 3873 1155 3952 tempus
1170 3871 1267 3936 tacite
1287 3891 1416 3936 novum

244 3973 523 4058 impedimentum
540 3973 619 4038 oriri
630 3974 752 4057 potuit.
770 3975 866 4051 Quod
882 3977 910 4038 si
925 3981 1041 4040 autem
1061 3979 1176 4060 sponsi
1191 3979 1264 4043 sine
1286 3979 1417 4044 denun-

246 4083 441 4149 tiationibus
455 4088 709 4160 contraxerunt,
726 4083 800 4148 iste
823 4085 1019 4169 supplendae
1044 4091 1124 4151 sunt
1146 4093 1224 4171 post
1244 4088 1417 4154 matrimo-

245 4193 355 4269 nium,
373 4197 452 4257 ante
467 4195 541 4277 ejus
554 4195 885 4260 consummationem
904 4195 1020 4278 (Trid,
1037 4197 1059 4259 l.
1076 4197 1128 4278 a),
1148 4198 1211 4261 nisi
1226 4196 1416 4262 ordinarius

246 4319 287 4364 ex
297 4305 391 4384 justa
406 4313 509 4366 causa
524 4302 607 4367 tales
622 4302 897 4369 denuntiationes
911 4306 1090 4370 remiserit.

322 4489 362 4538 lit.
380 4486 455 4548 Quis,
469 4490 497 4539 et
510 4501 543 4540 ex
557 4501 613 4553 qua
627 4502 713 4542 causa
726 4469 889 4554 dispensare
901 4491 989 4555 possit
1003 4491 1033 4544 in
1046 4489 1333 4544 denuntiadonibusi
1405 4455 1408 4462 ⁴

285 4631 383 4718 Resp.
409 4633 437 4694 t.
459 4632 538 4700 Jure
556 4651 645 4700 novo
664 4635 775 4718 (Trid,
791 4637 813 4699 l.
829 4637 870 4718 c.)
887 4637 1088 4714 ordinarius,
1106 4638 1154 4701 uti
1173 4642 1225 4706 est
1239 4637 1417 4724 episcopus
