3388 5582
369 569 453 618 sunus
474 571 662 622 nrosronrca
684 567 817 620 uacuam
841 570 877 616 lc
899 559 1151 619 nanninmronas.
1217 627 1222 636 ¹
1295 559 1354 622 653

172 789 204 842 ll.
224 815 254 828 —
268 789 407 844 Littera
422 793 613 858 apostolico
631 793 835 846 smotlsslml
849 792 886 843 ln
898 790 1029 843 clarino
1043 791 1158 844 ¹Patris
1172 794 1207 844 st
1221 793 1354 844 Domini

203 871 311 924 nostri
320 873 456 926 nomint
472 873 535 936 Pii,
552 875 668 927 divina
685 873 902 926 Providentia
919 873 1020 938 Papae
1038 871 1093 934 1x,
1103 873 1354 938 super-vicariis

202 953 451 1086 ezgitntntleagibus
462 969 592 1008 noanon
608 955 724 1009 electis
738 958 774 1007 st
787 953 969 1006 nominatis
982 953 1026 1006 ad
1037 954 1134 1007 sodes
1148 955 1354 1021 episcopales

207 1177 278 1235 Pius
291 1179 457 1252 episcopua,
470 1195 575 1240 aarum
588 1195 742 1240 aemorum
761 1181 821 1252 liei,
833 1179 872 1240 ud
883 1185 1060 1254 perpetuom
1076 1179 1121 1237 rei
1130 1181 1315 1239 memoriam.

207 1307 359 1364 Romanus
374 1307 522 1378 Pontifex,
537 1322 591 1380 pro
603 1323 728 1367 munere
741 1308 800 1366 sibi
816 1307 962 1366 divinitus
972 1306 1081 1365 collato
1103 1306 1226 1380 regendi
1241 1319 1276 1364 ac
1296 1321 1351 1380 gu·

171 1391 317 1454 bernandi
331 1397 503 1456 universnm
519 1397 628 1456 Christi
640 1396 815 1467 Ecclesiam,
834 1410 894 1454 non
910 1396 1008 1454 solnm
1026 1399 1076 1454 SS.
1092 1410 1241 1454 canonum
1254 1396 1352 1454 obser-

170 1483 302 1542 vantiam
318 1498 436 1560 urgere.
452 1485 505 1546 sed
523 1487 611 1545 etiam
631 1487 754 1546 illorum
769 1491 883 1545 certum
898 1493 927 1544 et
941 1485 1147 1544 authenticum
1164 1499 1290 1544 sensum
1304 1487 1352 1544 de-

171 1573 283 1632 clarare
299 1577 420 1652 satagit,
431 1577 458 1636 si
472 1578 594 1650 quando
609 1577 765 1652 quidpiam
779 1575 978 1634 dubitationis
991 1576 1022 1633 in
1037 1575 1139 1650 aliquo
1151 1582 1298 1645 occurrat,
1313 1591 1351 1634 ne

169 1660 297 1723 diversis
312 1665 610 1739 interpretationibus
622 1666 748 1724 matoria
761 1666 939 1739 prebeatur,
954 1670 1045 1738 atquc
1057 1663 1126 1724 inde
1139 1664 1350 1724 ecclesiastica

169 1749 337 1826 disciplina
352 1755 454 1814 unitas
469 1761 637 1830 rumpatur,
657 1770 725 1815 eum
741 1770 852 1830 magno
867 1754 1064 1814 ecclesiastici
1086 1754 1244 1828 regiminis
1261 1754 1350 1812 detri-

169 1847 280 1900 mento.

205 1935 281 1991 Sane
292 1934 380 2007 juxta
394 1935 549 2010 antiquam
564 1935 706 1996 Ecclesia
722 1934 927 2009 disciplinam,
943 1933 1013 1993 seda
1028 1932 1191 2006 episcopali
1214 1939 1348 2005 vacante,

168 2019 309 2081 dioecesis
329 2022 552 2084 administratio
570 2025 608 2084 ad
629 2024 794 2097 capitulum
814 2023 949 2083 ecclesia
968 2020 1146 2082 cathedralis
1167 2021 1347 2092 devolutam

168 2113 247 2185 quod
264 2113 336 2172 olim
350 2129 404 2188 per
427 2129 460 2174 se
481 2115 584 2189 ipsum
605 2113 770 2185 dioecesim,
794 2119 855 2172 toto
870 2119 1003 2187 tempore
1022 2126 1083 2185 quo
1107 2111 1195 2171 sedes
1213 2112 1347 2180 vacabat,

168 2200 379 2263 administrare
392 2211 519 2278 poterat,
533 2206 579 2263 vel
601 2206 654 2264 uni
670 2209 722 2264 aut
743 2203 881 2279 pluribus
901 2204 1057 2264 diaecesim
1081 2201 1348 2262 administrandam

168 2291 365 2364 committere,
387 2293 480 2353 libera
498 2295 593 2354 eidem
615 2295 719 2354 relicta
742 2301 889 2368 potestate
911 2294 1069 2367 deputatos
1091 2292 1222 2365 eligendi
1245 2291 1348 2364 eisque

167 2381 334 2457 delegatam
343 2384 596 2456 jurisdictionem,
616 2387 679 2445 sive
693 2385 793 2458 quoad
813 2397 915 2453 usum,
938 2383 1002 2442 sive
1024 2382 1124 2456 quoad
1142 2387 1262 2454 tompus
1282 2395 1347 2440 arc·

168 2470 248 2529 tandi
265 2479 294 2530 et
303 2475 545 2550 constringendi.

202 2565 238 2620 at
256 2576 327 2640 uero
348 2566 472 2624 concilii
486 2565 653 2624 Tridentini
674 2568 778 2624 Patres
792 2564 1063 2623 animadvertentes
1083 2562 1262 2637 grauissima
1280 2577 1347 2635 qum

167 2653 340 2713 oriebantur
353 2655 545 2730 incommoda
555 2671 591 2714 ex
605 2655 866 2714 administratione
883 2655 1011 2712 viduata
1026 2653 1160 2711 ecelesiae
1176 2654 1266 2712 caetui
1282 2669 1347 2726 per-

167 2757 310 2802 sonarum
325 2745 437 2804 diuersi
453 2747 513 2804 iere
533 2745 648 2820 ingenii
670 2745 851 2814 concredita,
871 2744 909 2802 ad
930 2759 965 2802 aa
985 2743 1106 2800 vitanda
1124 2744 1275 2816 sapienter
1298 2745 1347 2801 de-

166 2838 323 2890 creverunt
340 2851 347 2890 :
363 2840 397 2890 ut
413 2857 427 2886 a
438 2834 617 2908 capitulum,
633 2835 705 2892 sede
713 2837 847 2902 vacante,
864 2831 1023 2890 allicialem
1037 2845 1091 2889 seu
1104 2831 1258 2901 vicariurn,
1269 2832 1347 2914 inira

166 2928 233 2980 octo
248 2921 313 2981 dies
326 2929 531 2994 postmortem
545 2923 690 2998 episcopi,
705 2923 900 2992 constituere,
918 2921 964 2979 vel
978 2921 1155 2980 existentem
1169 2921 1346 2980 confirmare

167 3011 290 3069 omnino
307 3015 453 3084 teneatur,
475 3015 527 3086 qui
552 3013 657 3072 saltem
679 3014 709 3072 in
729 3013 797 3086 jure
820 3012 967 3072 canonico
989 3011 1029 3070 sit
1047 3011 1161 3080 doctor,
1184 3011 1230 3070 vel
1254 3011 1345 3072 licen·

166 3099 267 3170 tiatus,
283 3102 329 3159 uel
341 3102 416 3162 alias
429 3110 576 3177 quantum
588 3103 651 3162 lteri
667 3103 777 3177 poterit
800 3103 938 3161 idoneus.
960 3101 988 3159 Si
1009 3115 1099 3160 secus
1121 3101 1232 3159 laetum
1255 3101 1346 3160 fuerit

166 3191 202 3248 ad
218 3193 480 3266 metropolitanum
494 3194 648 3266 deputatio
663 3192 836 3267 hujusmodi
850 3192 1036 3262 devolvatur,
1051 3195 1079 3249 et
1095 3189 1122 3248 si
1137 3190 1264 3249 ecclesia
1278 3190 1345 3262 ipsa

166 3282 395 3354 metropolitana
410 3285 510 3354 luerit,
527 3290 580 3343 aut
593 3290 741 3356 exempta,
753 3282 991 3356 capitulumque,
1009 3285 1041 3338 ut
1060 3280 1227 3352 prefertur,
1249 3279 1344 3354 negli-

166 3385 241 3445 gens
256 3372 356 3442 luerit,
372 3379 445 3432 tunc
460 3373 615 3447 antiquior
628 3373 791 3446 episcopus
803 3387 840 3430 ex
850 3370 1053 3446 suffraganeis
1063 3369 1343 3444 inmetropolitana,

165 3467 194 3518 et
208 3462 404 3536 propinquior
419 3465 581 3538 episcopus
596 3463 628 3522 in
644 3469 791 3537 exempta,
802 3462 947 3522 vicarium
959 3461 1057 3534 possit
1070 3460 1310 3534 constituerem.
1328 3481 1342 3514 a

201 3553 378 3625 liujusmodi
387 3569 456 3612 vero
468 3553 622 3613 decretum
632 3554 712 3612 varie
728 3552 914 3626 interpretati
926 3556 1000 3610 suut
1010 3549 1116 3622 privati
1130 3547 1343 3608 canonicarum

165 3657 263 3702 rerum
281 3642 453 3716 scriptores.
478 3643 606 3714 Quidam
619 3643 700 3704 enim
719 3647 905 3701 censuerunt
924 3655 1013 3713 posse
1030 3639 1194 3712 capitulum
1216 3637 1246 3696 in
1271 3653 1342 3696 oon·

165 3734 319 3792 stituendo
334 3735 445 3794 vicario
457 3736 587 3809 aliquam
603 3733 827 3807 jurisdictionis
838 3737 950 3804 partem
965 3729 1023 3788 sibi
1037 3742 1203 3798 reseruare3
1223 3727 1274 3786 alii
1291 3742 1343 3800 pu-

163 3825 303 3880 taverunt
316 3823 362 3882 ias
378 3838 446 3882 esse
470 3823 601 3896 capitulo
617 3821 653 3882 ad
668 3827 782 3880 certum
803 3825 923 3892 tempus
939 3817 1084 3876 vicarium
1102 3816 1263 3888 deputaro;
1286 3831 1342 3876 nec

163 3909 324 3970 defuerunt
338 3913 389 3983 qui
404 3911 538 3972 arbitrati
553 3917 627 3972 snnt
637 3913 725 3970 lieere
736 3908 868 3981 capitulo
882 3907 1025 3965 vicarium
1040 3921 1094 3979 pro
1105 3905 1227 3964 arbitrio
1246 3921 1341 3964 remo·

163 4015 232 4060 vere
247 4009 276 4060 et
290 4002 382 4060 alium
397 4003 591 4063 substituere.

199 4095 363 4152 Recensitae
373 4094 552 4167 scriptorum
564 4090 916 4152 sententiaanounullis
928 4087 1068 4163 capitulis
1076 4085 1340 4159 libenterexcepte

163 4189 237 4240 sunt
252 4201 258 4240 :
275 4198 336 4258 quo
350 4183 461 4241 iactum
477 4189 524 4242 est
538 4189 571 4241 ut
585 4183 616 4240 in
628 4181 685 4241 hac
700 4197 731 4239 re
745 4187 806 4240 tam
821 4178 924 4252 magni
936 4175 1078 4234 momenti
1093 4174 1261 4248 discipline
1272 4175 1337 4233 uni·

163 4274 298 4332 termites
320 4273 514 4343 dedomata
531 4272 737 4330 tridentinum
752 4271 906 4336 decretum
928 4272 1061 4339 optatum
1075 4265 1164 4323 irnem
1180 4266 1266 4337 plene
1279 4279 1338 4322 non

162 4363 332 4436 attingeret.
357 4361 499 4431 Quamvis
520 4367 620 4419 autern
642 4361 693 4418 SS.
714 4357 801 4417 Urbis
815 4354 1071 4429 congregationes
1091 4353 1145 4410 iras
1164 4350 1338 4422 sententias,

162 4451 228 4510 suis
239 4453 396 4525 responsis
411 4450 441 4509 in
453 4448 576 4510 casibus
591 4446 830 4516 occurrentibus,
842 4445 956 4520 pluries
967 4441 1200 4516 reprobaverint,
1212 4443 1252 4500 ita
1262 4448 1339 4500 utex

161 4555 265 4600 eorum
281 4541 439 4613 responsis
452 4541 609 4600 manifeste
622 4543 764 4612 appareat
778 4550 845 4612 qua
860 4535 951 4593 tuerit
960 4547 1046 4592 mens
1058 4536 1179 4591 Patrum
1192 4531 1337 4590 Tridenti-

194 4737 225 4800 (t)
243 4733 313 4786 Sese.
327 4735 368 4798 al,
383 4748 440 4799 cap.
458 4737 495 4794 ra,
512 4734 543 4784 de
561 4734 700 4799 liesomnot.
