3500 5552
574 491 661 538 arasa
680 491 809 547 omarus
826 489 1047 540 pecuarium.
1342 475 1398 540 ool

225 625 305 690 pam
316 607 463 674 dimissis
473 609 1188 695 residuae.Saq11iturquodillareintegralio
1199 610 1401 674 innoeentiae

226 714 446 800 baptismalis,
465 735 540 800 quae
555 717 735 783 exhibetur
749 723 788 782 ut
801 717 944 782 effeetus
957 715 1178 798 indulgentiae
1194 717 1353 782 tertianis
1367 723 1402 782 et

226 824 434 906 ebordigeris
444 825 673 903 ireneisoania
691 829 754 891 ele.
771 843 953 902 eoncessae,
966 825 1050 890 nihil
1064 829 1117 890 est
1129 823 1220 890 aliud
1235 843 1338 909 quem
1352 826 1403 890 in-

229 931 404 1016 dulgentie
416 933 579 1016 plenaria,
596 953 672 1018 quae
688 951 828 1001 omnem
842 951 980 1018 poenam
1003 933 1228 1017 temporalem
1247 934 1400 1010 remittit,

225 1044 298 1124 jam
308 1041 428 1108 delatis
439 1060 502 1124 per
514 1041 752 1124 poenitentiam
760 1041 919 1106 omnibus
928 1041 1086 1126 pereatis.
1099 1041 1209 1120 Quare
1218 1041 1404 1107 baeoverbe

229 1150 372 1216 obseura
388 1150 430 1215 da
449 1151 715 1233 reintegratione
735 1149 940 1216 innoeentiae
960 1149 1171 1234 baptismalis
1188 1151 1329 1216 luerunt
1348 1149 1405 1216 de·

95 1294 100 1304 ·
227 1257 297 1326 leta
309 1260 346 1324 in
355 1259 720 1344 novelormule,jussu
729 1259 900 1328 Pontiflois
908 1259 1030 1325 Leonis
1038 1258 1121 1338 lllll,
1135 1263 1291 1326 redentor
1302 1259 1404 1344 (leae)

230 1367 331 1434 edite.

269 1476 299 1560 d)
311 1475 534 1560 Indulgentiae
545 1465 859 1562 plenariaeetlao'tus
871 1478 1106 1544 estremittaro
1117 1494 1255 1543 omnam
1266 1495 1405 1562 poenam

230 1584 379 1651 debilem
391 1585 428 1649 in
441 1585 516 1651 loro
529 1585 601 1664 Dei,
619 1605 681 1652 seu
703 1604 843 1652 omnem
862 1602 1002 1672 poenam
1023 1585 1176 1652 relietum
1196 1604 1240 1652 ex
1257 1587 1406 1670 peooetis

229 1693 388 1770 dimissis,
406 1692 450 1759 ad
468 1712 571 1778 quem
589 1693 851 1777 persolvendam
871 1695 907 1760 in
925 1694 990 1761 boo
1008 1693 1139 1759 mundo
1155 1693 1211 1760 vel
1229 1695 1266 1758 in
1281 1710 1408 1778 purge-

230 1801 316 1868 torio
341 1801 446 1867 homo
469 1805 523 1867 est
540 1801 710 1884 obligatus
730 1821 751 1869 a
768 1801 903 1885 iustitia
925 1801 985 1866 Dei
1011 1821 1019 1865 ε
1043 1801 1235 1867 eommunis
1259 1805 1295 1866 et
1314 1805 1407 1868 oerla

230 1909 400 1976 sententie
420 1909 513 1991 (Vide
535 1909 638 1986 Fere,
659 1910 718 1974 loc.
741 1912 809 1990 cit,
831 1928 862 1975 a.
885 1911 919 1984 9,
941 1929 972 1994 q.
995 1909 1057 1992 lo).
1083 1907 1225 1988 Temen,
1245 1915 1285 1974 ut
1306 1927 1408 1992 supra

231 2017 358 2084 dietum
379 2021 442 2094 111,
464 2017 677 2100 indulgentie
694 2015 847 2101 plenarie
867 2034 938 2083 non
963 2035 1108 2102 semper,
1134 2018 1204 2082 imo
1222 2017 1406 2093 rarissime,

230 2125 383 2209 plenario
399 2125 502 2191 modo
517 2127 712 2212 aequiritur.

271 2233 297 2314 c)
312 2232 459 2300 Effectus
474 2233 696 2316 indulgentiae
709 2237 825 2318 potest
837 2234 961 2316 saepius
977 2233 1135 2310 obtineri,
1145 2233 1173 2297 si
1188 2235 1313 2318 saepius
1321 2251 1408 2318 opus

232 2340 424 2426 injunotum
441 2348 635 2425 peragetur.
659 2341 786 2408 Tamen
807 2343 843 2408 in
863 2343 928 2407 hoe
949 2341 1042 2408 nulla
1063 2342 1135 2408 deri
1159 2347 1274 2426 potest
1290 2343 1410 2425 regula

232 2449 412 2531 generalis,
427 2453 461 2515 11
475 2449 540 2516 illae
553 2449 682 2533 regulae
697 2469 782 2534 quae
792 2449 931 2516 uadunt
942 2450 1152 2534 antiquiores
1166 2450 1231 2514 DD.
1242 2468 1312 2516 non
1323 2466 1410 2515 sem·

231 2577 293 2642 per
316 2559 525 2626 oonoordent
543 2577 622 2624 enm
643 2558 927 2624 declarationibus
942 2559 975 2624 S.
997 2558 1119 2640 Gongr.
1141 2558 1294 2641 lndulg.;
1318 2559 1409 2624 unda

234 2666 394 2732 standum
423 2671 475 2731 est
496 2665 698 2750 specialibus
721 2665 787 2731 illis
809 2665 1104 2732 declarationibus.
1135 2665 1330 2732 Notandum
1357 2672 1411 2732 eat

237 2775 342 2838 etiem
369 2773 461 2857 quod
484 2791 553 2838 uno
577 2773 766 2857 eodemque
786 2791 889 2856 opere
912 2775 1089 2857 nequeunt
1106 2773 1221 2857 plures
1242 2779 1278 2838 et
1294 2773 1411 2840 divisa

233 2881 454 2964 indulgentiae
475 2881 632 2958 obtineri,
649 2881 715 2946 nisi
728 2881 845 2946 forsan
860 2880 926 2945 illae
946 2886 1063 2947 esseni
1077 2899 1139 2965 per
1152 2881 1294 2947 modum
1308 2882 1411 2947 unius

233 2987 327 3070 (Vide
339 2988 443 3066 Fere,
462 2990 482 3053 t.
501 3008 540 3066 c.,
556 3008 590 3054 n.
606 2989 669 3072 28).
1205 2977 1206 2984 ἵ

274 3097 309 3179 ol)
322 3097 440 3174 Quoad
455 3097 772 3180 interpretationem
786 3098 1028 3182 reseriplomm
1041 3099 1164 3183 quibus
1178 3097 1414 3165 conceduntur

234 3203 467 3286 indulgentiae,
497 3204 605 3270 videri
628 3210 774 3288 possunt
797 3206 924 3287 regula
946 3210 1047 3272 antea
1071 3206 1201 3272 tradita
1223 3206 1337 3290 quoad
1360 3225 1413 3270 re-

237 3311 361 3395 scripta
379 3316 413 3376 et
428 3311 568 3378 indulte.

691 3433 708 3506 ἓ
722 3435 756 3492 V.
772 3433 812 3492 De
822 3433 957 3506 julitae.

265 3603 286 3654 l.
302 3604 341 3656 [11
352 3600 463 3656 Jubllal
479 3602 581 3682 natura
596 3603 625 3655 al
638 3601 673 3654 de
687 3601 897 3656 oondltlonibus
913 3602 948 3655 ad
964 3601 1032 3656 illud
1049 3601 1217 3657 lucrandum
1231 3601 1382 3668 requlelllr.

278 3751 310 3834 α)
325 3749 516 3828 lubilaeum,
535 3750 723 3816 siodiotum
738 3751 921 3835 aquodam
939 3769 1023 3816 vore
1044 3751 1213 3828 bebraioa,
1231 3756 1283 3817 est
1304 3749 1414 3817 indul-

237 3858 518 3942 gentieplenarie
538 3847 735 3927 solemniori
755 3860 858 3925 modo
882 3859 1108 3943 promulgata,
1128 3845 1208 3926 oum
1227 3859 1414 3944 privilegiis

238 3967 393 4044 annexis,
408 3987 470 4034 seu
483 3985 562 4032 aum
571 3967 789 4033 facultatibus
802 3967 890 4033 eirea
904 3967 1154 4034 absolutionem
1173 3987 1194 4034 e
1214 3967 1362 4050 peoeatis
1381 3971 1416 4030 et

237 4074 392 4139 sensuris
413 4075 606 4151 reservatis,
629 4093 668 4140 ue
696 4075 784 4140 eirea
812 4075 1117 4140 eommutetionem
1144 4079 1314 4139 votorum.
1339 4072 1415 4138 llaec

211 4213 216 4230 ·
238 4181 417 4264 privilegia
432 4187 679 4248 enumerantur
694 4182 730 4246 in
745 4180 838 4247 bulla
850 4181 1055 4247 indictionis.
1073 4179 1171 4246 Solus
1186 4179 1341 4246 Pontifex
1353 4179 1415 4245 Ro-

239 4307 362 4368 manus
377 4295 491 4376 potest
503 4291 690 4358 concedere
703 4290 892 4374 jubilaeum,
918 4294 956 4355 ut
974 4295 1108 4357 constet
1129 4309 1172 4356 ex
1196 4307 1299 4371 supro
1319 4287 1415 4353 dietis

241 4396 282 4463 de
296 4398 456 4466 leoullate
467 4398 653 4481 elargiendi
668 4397 908 4479 indulgentias.

279 4502 459 4571 lubilaeum
478 4506 640 4571 dividitur
653 4505 689 4570 in
709 4505 825 4586 majus
844 4523 905 4572 seu
919 4505 1141 4582 ordinarium,
1160 4505 1251 4589 quod
1272 4504 1417 4571 ooeurrit

243 4613 336 4676 omni
360 4632 450 4680 enno
473 4616 641 4697 vigesimo
664 4613 795 4697 quinto,
821 4619 856 4677 et
875 4614 988 4678 minus
1011 4632 1072 4678 seu
1094 4615 1415 4691 extraordinarium,

404 4743 448 4788 ru.
1105 4745 1107 4750 ·
1218 4726 1258 4788 36
1389 4725 1392 4732 '
