3418 5566
515 644 602 691 menn
622 643 750 700 ournrus
771 639 992 688 recensemur.
1287 619 1346 685 etr

174 765 394 834 exeommuni
404 767 583 843 sententie,
595 765 750 849 iniquum
760 765 835 845 ejus
846 757 1256 842 aggressoremoeeidere,
1265 775 1351 842 prae-

174 877 292 940 sertim
309 875 337 940 si
355 873 487 957 justitia
509 877 567 954 eut
581 871 690 954 pietas
716 869 820 936 talem
840 867 1075 932 defensionem
1095 867 1219 947 exigat,
1242 871 1281 929 ut
1295 884 1353 949 pa-

174 985 245 1061 tris,
258 986 386 1060 uxoris,
402 983 601 1058 liberorum,
626 979 813 1046 dummodo
833 982 990 1042 servetur
1001 975 1225 1041 moderamen
1245 976 1353 1040 ineuf-

172 1097 260 1176 patae
274 1092 400 1157 tutelae.
413 1091 550 1156 Sedhoo
563 1090 717 1175 procedit
725 1090 827 1154 etiam
838 1085 974 1171 quando
987 1085 1141 1149 extranei
1152 1085 1352 1150 innoeentes
1376 1083 1378 1088 ’

171 1200 244 1264 vim
264 1199 432 1282 ejusmodi
445 1198 629 1282 patiuntur.
647 1197 744 1261 Ratio
772 1201 835 1272 est,
865 1195 944 1278 quia
961 1198 1055 1256 reeta
1074 1191 1220 1258 charitas
1249 1190 1354 1256 dietat

173 1309 414 1392 utproximum
426 1308 644 1374 innocentem
653 1305 838 1371 liberemus
848 1305 890 1369 ab
903 1304 1031 1385 inJueto
1039 1319 1253 1383 aggressore,
1265 1301 1353 1366 siout

173 1417 411 1499 nosmetipsos.
426 1413 651 1482 Confirmatur
665 1433 709 1478 ex
732 1409 891 1495 exemplo
911 1410 1034 1494 Moysis
1057 1409 1251 1492 AEgyptium
1267 1409 1353 1474 oeei-

174 1523 285 1590 dentis
300 1530 440 1608 propter
454 1525 690 1590 defensionem
704 1521 849 1586 Hebraei.

212 1633 245 1696 3⁰
259 1631 342 1698 ilino
354 1632 446 1698 licita
460 1637 512 1698 est
527 1623 650 1697 eooisio
665 1631 761 1709 furis,
780 1631 809 1693 si
824 1631 853 1694 is
866 1647 1050 1712 aggressor
1066 1629 1120 1705 sit,
1133 1646 1203 1692 non
1218 1633 1353 1694 tantum

173 1739 354 1817 bonorum,
368 1739 429 1806 sed
441 1741 566 1804 etrite
579 1759 587 1816 ;
604 1738 664 1802 sed
681 1743 816 1820 oportet
826 1755 964 1820 semper
979 1754 1116 1800 servare
1130 1735 1354 1800 moderamen

174 1847 353 1931 inculpatae
368 1847 499 1924 tutelae3
516 1865 597 1910 nam
613 1847 649 1910 in
664 1845 722 1910 tati
734 1863 827 1921 oesu,
844 1849 897 1909 est
912 1843 1066 1908 defensio
1082 1844 1275 1910 necessaria
1292 1863 1354 1928 pro

174 1956 409 2023 conservanda
419 1957 490 2022 vita
500 1960 534 2020 et
547 1955 657 2032 bonis,
675 1959 709 2020 et
722 1954 800 2020 ideo
816 1959 868 2019 est
881 1953 982 2019 lieita.
1262 1945 1264 1952 '

215 2063 383 2149 Sequitur,
401 2061 491 2148 quod
507 2064 536 2126 si
548 2063 605 2127 fur
622 2066 810 2127 nocturnus
835 2062 964 2146 absque
978 2061 1128 2145 periculo
1150 2061 1225 2144 oapi
1245 2065 1280 2125 et
1300 2079 1356 2124 ex·

174 2171 253 2256 pelli
266 2176 425 2256 nequeat,
439 2171 518 2237 lieet
529 2189 609 2235 eum
623 2169 787 2246 occidere,
811 2169 892 2254 quia
905 2175 1008 2234 noctu
1027 2187 1097 2233 non
1115 2167 1212 2233 faeile
1232 2167 1356 2232 dimer-

174 2281 277 2357 nitur,
297 2299 340 2346 an
356 2281 431 2364 quis
446 2281 561 2346 veniat
576 2279 826 2354 adimendum,
840 2297 884 2343 an
900 2276 944 2343 ad
960 2277 1205 2342 occidendum:
1220 2281 1355 2356 eonstat

176 2385 295 2466 Exod,
310 2409 386 2465 xxn,
404 2393 439 2455 et
447 2391 525 2472 jure
550 2389 726 2464 eanonieo,
742 2406 815 2470 eap.
832 2385 1043 2468 Perfodfens.

213 2497 256 2560 At
272 2499 384 2564 furem
404 2497 565 2563 diurnum
579 2516 649 2562 non
660 2496 741 2563 lieet
755 2495 920 2573 occidere,
936 2495 1002 2560 nisi
1016 2496 1046 2559 is
1061 2494 1165 2560 armis
1185 2512 1222 2560 se
1239 2494 1355 2560 defen-

112 2673 114 2678 ,
175 2604 241 2680 dat,
259 2609 360 2692 atque
374 2607 491 2674 itabat
504 2623 688 2688 aggressor
699 2606 791 2670 vitea.

214 2713 246 2798 b)
253 2714 302 2779 De
313 2715 466 2778 invasore
476 2714 639 2778 bonorum
653 2715 814 2796 fortune.
831 2714 862 2776 1ο
878 2713 912 2776 Si
925 2713 980 2776 fur
993 2729 1067 2776 rem
1082 2712 1178 2795 parvi
1189 2713 1356 2777 momenti

175 2823 318 2897 auferat,
335 2819 499 2886 nonlicet
514 2839 595 2885 eum
612 2820 776 2896 oeeidere,
794 2839 872 2886 eum
887 2819 963 2884 talis
977 2837 1032 2884 ree
1046 2820 1089 2883 sit
1111 2819 1252 2901 indigna
1266 2820 1358 2902 quod

173 2934 313 3014 propter
332 2928 424 2995 illam
438 2931 509 2995 vita
521 2930 653 2995 homini
672 2929 826 3006 foliatum
854 2931 944 2995 unde
965 2929 1078 2994 innoc.
1097 2928 1140 2992 iil
1156 2933 1359 3013 sequentem

173 3037 443 3122 propositionem
455 3037 632 3102 damnavit
647 3057 654 3100 :
670 3062 685 3096 «
696 3037 911 3119 Regulariter
925 3037 1078 3104 oooidere
1089 3055 1231 3120 possum
1245 3039 1358 3102 furem

173 3149 312 3231 propter
326 3145 623 3209 conservationem
637 3145 739 3208 unius
755 3145 860 3209 aurei.
876 3171 892 3204 »

212 3252 245 3316 2⁰
260 3251 294 3316 si
305 3269 360 3316 res
375 3252 492 3332 magni
507 3251 676 3316 momenti
695 3245 879 3326 auferatur,
897 3257 932 3316 et
946 3251 1048 3316 aliter
1059 3253 1115 3317 via
1126 3253 1214 3335 juris
1228 3271 1297 3318 non
1313 3254 1357 3317 eit

174 3342 425 3444 recuperabitis,
449 3363 550 3443 juxta
575 3361 849 3426 communiorem
861 3361 1078 3436 sententiam,
1103 3360 1221 3426 liceret
1243 3363 1356 3425 furem

175 3468 339 3546 ooeidere,
363 3489 396 3535 v.
416 3487 449 3551 g.
477 3468 691 3554 explodendo
716 3469 869 3553 eolopum
891 3475 1010 3534 eontra
1031 3469 1128 3532 illum
1151 3470 1352 3551 fugientem.
1380 3533 1384 3546 ,

176 3576 275 3644 Ratio
292 3584 354 3653 est,
372 3578 451 3662 quia
464 3578 555 3642 bona
568 3577 713 3642 fortunae
729 3581 810 3642 sunt
830 3578 1022 3643 necessaria
1036 3577 1240 3643 adminicula
1256 3577 1352 3655 vitam

175 3685 203 3749 si
219 3702 300 3766 ergo
316 3690 396 3749 sunt
404 3685 544 3750 maximi
560 3685 737 3762 momenti,
756 3689 793 3748 ut
809 3685 1022 3768 supponitur,
1040 3689 1119 3748 sunt
1130 3684 1259 3750 advitae
1274 3703 1353 3750 eon·

111 3791 113 3798 ’
175 3792 403 3859 servationem
417 3793 620 3858 necessarie.
635 3792 698 3868 Qui
715 3797 832 3856 tenent
855 3791 998 3857 alteram
1015 3793 1233 3869 sententiam,
1258 3791 1351 3857 illam

174 3902 330 3984 probant,
349 3901 428 3985 quia
439 3901 510 3966 vita
523 3899 672 3966 hominis
689 3904 741 3965 est
754 3900 885 3965 bonum
899 3899 1002 3982 longe
1018 3900 1175 3984 superius
1192 3902 1351 3967 omnibus

176 4008 277 4072 bonis
290 4009 448 4074 fortunae.

214 4116 241 4198 e)
251 4115 421 4197 injustum
435 4133 674 4198 aggressorem
689 4117 876 4202 pudicitiae,
894 4117 922 4180 si
932 4116 1061 4207 femina
1072 4115 1171 4182 aliter
1185 4115 1350 4200 repellere

174 4240 245 4286 non
261 4226 373 4306 potest
385 4242 496 4307 neque
511 4225 642 4304 fugere,
659 4222 749 4290 lieite
763 4225 894 4302 oceidit,
909 4227 1010 4308 juxta
1029 4225 1352 4291 communiorem-et

175 4330 436 4414 probabiliorem
450 4333 673 4408 sententiam3
690 4351 770 4398 nam
784 4333 961 4416 virginitas
977 4337 1029 4398 est
1039 4350 1205 4414 magnum
1219 4335 1350 4398 bonum

174 4439 323 4516 femina,
349 4437 440 4522 quod
464 4428 571 4504 semel
595 4441 760 4505 amissum
778 4459 848 4507 non
872 4440 980 4516 redit,
1004 4445 1056 4505 est
1078 4440 1208 4505 bonum
1237 4443 1350 4524 majus

175 4548 335 4612 omnibus
349 4546 448 4612 bonis
468 4549 624 4611 ronunae.
636 4547 734 4628 Ergo.
756 4549 820 4625 Qui
829 4553 948 4613 tenent
968 4547 1111 4612 aiteram
1131 4547 1347 4626 sententiam,

175 4654 299 4719 doeent
311 4653 491 4719 mulierem
503 4654 537 4718 vi
551 4651 750 4736 aggressam
764 4662 799 4721 et
813 4657 892 4721 totis
903 4656 1032 4720 viribus
1046 4654 1264 4720 resistentem
1277 4673 1348 4721 non

175 4781 325 4844 peceare,
342 4767 377 4827 et
389 4761 467 4827 ideo
481 4760 691 4846 pudicitiam,
704 4781 779 4846 quae
793 4762 962 4830 estvirtus
976 4761 1110 4838 animae,
1128 4779 1198 4827 non
1214 4780 1348 4846 possea
