3500 5552
523 521 610 566 crura
630 521 760 574 ournrus
782 519 1003 566 prenarratur.
1296 501 1357 566 575

180 636 221 700 de
240 637 316 702 Vita
330 645 363 700 et
381 637 509 702 honest.
533 639 621 716 alen,
638 639 769 704 clericis
785 639 842 723 qui
867 645 1207 722 contrapraeceptum
1222 655 1356 703 comam

179 745 345 810 nutriunt.

217 853 250 917 Ψ
270 854 321 918 hd
339 873 520 920 censuram
539 858 780 922 incurrendam
799 857 982 941 requiritur
999 861 1094 921 aetus
1114 860 1286 920 externus.
1309 837 1358 921 lta

177 963 369 1028 communis
384 967 554 1030 sententia
572 967 838 1052 contrapaucos,
856 967 913 1051 qui
929 967 1085 1050 nituntur
1100 970 1173 1040 tum
1190 963 1292 1029 Glem.
1311 964 1353 1040 l',

179 1071 365 1149 deHaeret„
378 1073 436 1137 ubi
447 1075 786 1152 excommunicantur
795 1075 1015 1158 inquisitores
1024 1073 1080 1156 qui
1088 1073 1167 1138 odio
1177 1072 1356 1137 velamore

179 1179 268 1246 ducti
284 1180 410 1264 aliquid
425 1188 544 1248 contra
559 1201 660 1248 suum
674 1202 802 1248 munus
817 1183 1193 1257 omittuntveliaciunt‚
1208 1186 1282 1245 tum
1294 1181 1357 1245 hac

176 1288 309 1354 ratione
324 1290 416 1373 quod
430 1289 577 1358 Ecclesia
590 1292 768 1375 praemiare
782 1297 896 1376 potest
909 1297 1005 1358 actus
1018 1293 1180 1367 internos,
1198 1309 1231 1354 v.
1246 1307 1279 1370 g.
1296 1307 1359 1372 per

177 1395 417 1478 indulgentias.
444 1398 541 1464 Ratio
563 1400 682 1483 primae
711 1407 746 1465 et
766 1402 958 1466 communis
981 1399 1158 1464 sententiae
1188 1402 1250 1474 est,
1276 1397 1356 1481 quia

177 1511 329 1589 potestas
342 1506 579 1583 ecclesiastica,
595 1525 675 1572 cum
689 1507 838 1573 resideat
850 1508 940 1592 apud
954 1508 1122 1583 homines,
1144 1523 1214 1570 non
1225 1504 1357 1588 Judicat

178 1613 219 1676 de
237 1614 380 1679 internis
399 1615 455 1696 (ex
479 1635 553 1680 can.
567 1617 597 1692 ἢ,
622 1638 652 1701 q.
674 1617 716 1697 3),
741 1635 816 1702 quae
835 1636 906 1682 non
929 1616 1132 1682 caduntsuh
1157 1631 1297 1680 sensum
1321 1618 1357 1676 et

176 1723 408 1803 cognitionem
420 1723 616 1790 humanam.
634 1723 674 1788 Et
687 1726 751 1790 hoc
766 1743 888 1790 verum
903 1730 965 1800 est,
983 1725 1086 1790 etiam
1110 1722 1223 1807 quoad
1234 1739 1371 1786 censu·

177 1847 250 1894 ram
272 1828 378 1894 latam
402 1849 463 1914 per
484 1831 626 1896 modum
648 1831 745 1914 legis,
772 1834 852 1916 quia
868 1833 909 1897 de
925 1833 979 1898 his
995 1837 1109 1916 potest
1122 1823 1356 1910 homo'legem

176 1939 264 2001 serre
291 1937 333 2002 de
357 1939 480 2021 quihus
501 1945 615 2022 potest
636 1940 800 2022 judicare.
825 1941 897 2006 lmo
919 1941 1104 2024 requiritur
1122 1945 1160 2003 ut
1177 1943 1355 2022 peccatum

178 2046 221 2109 sit
247 2065 374 2128 grave,
407 2047 442 2110 iu
475 2049 605 2112 ratione
639 2053 734 2114 actus
770 2050 913 2113 externi.
945 2047 994 2114 lta
1026 2066 1158 2112 comm„
1179 2033 1279 2124 sent,
1311 2044 1360 2110 oh'

178 2155 334 2220 eamdem
352 2157 537 2233 rationem;
560 2161 701 2222 externa
720 2158 812 2221 enim
831 2156 957 2222 directe
980 2156 1173 2221 considerat
1194 2153 1352 2218 Ecclesia.

216 2263 248 2326 3⁰
263 2264 366 2329 hctus
375 2265 503 2349 peccati
518 2264 618 2329 debet
632 2284 707 2330 esse
718 2265 753 2329 in
765 2283 828 2330 suo
838 2283 965 2346 genere
977 2266 1147 2348 perfectus
1160 2268 1195 2328 et
1204 2281 1355 2326 consum-

176 2379 300 2448 matus,
317 2373 382 2436 uisi
403 2391 563 2455 expresse
585 2373 677 2438 aliud
691 2373 902 2457 exprimatur
916 2373 951 2436 in
964 2371 1051 2454 lege.
1076 2371 1193 2456 ltaque
1209 2388 1355 2436 censura
1433 2381 1436 2387 “

177 2481 338 2563 imposita
351 2483 645 2547 contrafacientes
658 2501 728 2548 non
743 2481 1002 2566 comprehendit
1013 2480 1243 2556 consulentes,
1258 2498 1355 2544 man-

178 2589 308 2666 dantes,
330 2607 408 2654 cum
427 2590 639 2664 mandantes,
660 2595 722 2655 etc.
744 2591 879 2674 proprie
903 2608 972 2655 non
990 2589 1131 2653 veniant
1146 2588 1285 2653 nomine
1309 2589 1356 2653 ta·

177 2697 307 2786 cientis.
322 2697 378 2760 Ex.
398 2717 406 2761 :
426 2698 472 2762 sic
491 2699 880 2763 excommunicationem
891 2697 1139 2762 homicidarum
1155 2716 1225 2761 non
1243 2698 1353 2762 incur-

177 2810 258 2869 runt
272 2804 500 2882 consulentes,
523 2805 737 2880 mandantes,
761 2805 831 2868 imo
850 2823 915 2869 nec
929 2803 1150 2869 vulnerantes
1171 2804 1350 2878 lethaliter,

178 2913 206 2976 si
229 2930 322 2977 mors
349 2931 420 2977 non
438 2917 611 2995 sequatur.
628 2912 725 2978 Ratio
745 2918 807 2990 est,
826 2911 905 2994 quia
927 2909 985 2975 lex
999 2909 1143 2994 poenalis
1164 2917 1216 2976 est
1230 2911 1353 2976 strictae

177 3021 476 3102 interpretationis.

217 3128 249 3191 4ο
266 3127 417 3194 Tandem
431 3147 570 3194 neeesse
588 3135 640 3194 ast
656 3134 693 3193 ut
707 3113 796 3194 adsit
808 3127 1032 3206 contumacia,
1051 3147 1174 3212 nempe
1196 3135 1235 3193 ut
1249 3128 1354 3194 telin

179 3253 287 3320 quens
302 3238 386 3302 sciat
400 3256 502 3302 suum
519 3243 634 3303 actum
646 3237 855 3321 prohibitum
875 3257 950 3302 esse
964 3239 1006 3302 ab
1017 3236 1163 3302 Ecclesia
1188 3239 1251 3302 suh
1275 3256 1353 3302 cen·

179 3365 268 3412 sura.
285 3347 335 3412 lta
349 3365 479 3412 omnes.
498 3346 594 3412 Ratio
610 3352 673 3422 est,
689 3347 768 3430 quia
781 3365 927 3410 censura
939 3345 1086 3411 intendit
1100 3345 1220 3428 punire
1237 3351 1354 3411 contu-

178 3455 323 3520 maciam
345 3459 464 3520 contra
485 3450 641 3518 Ecclesiae
657 3454 905 3531 auctoritatem,
923 3458 958 3518 et
973 3455 1163 3518 absterrere
1181 3459 1353 3536 apeccato

177 3559 434 3628 committendo.

218 3673 327 3749 Quare
341 3675 383 3738 oh
393 3679 571 3759 peccatum
582 3693 675 3740 mere
682 3673 892 3760 preteritum
903 3671 1001 3754 eujus
1010 3669 1224 3736 contumacia
1230 3674 1351 3746 cessat,

177 3797 323 3847 censura
343 3783 424 3847 ferri
438 3802 508 3848 non
522 3789 647 3867 potest,
665 3789 703 3848 ut
716 3787 851 3848 constat
866 3800 908 3846 ex
922 3797 954 3846 c:
968 3781 1018 3858 lo,
1037 3779 1077 3844 48
1089 3780 1123 3844 h.
1142 3786 1165 3843 t.
1188 3785 1222 3844 et
1241 3781 1261 3843 a
1276 3778 1351 3844 eod.

176 3891 212 3954 iu
228 3891 272 3967 6⁰;
288 3909 369 3956 nam
383 3911 528 3957 censura
541 3892 649 3956 fertur
660 3911 722 3976 per
736 3909 773 3956 se
785 3890 828 3955 ad
840 3888 1065 3970 frangendam
1078 3888 1328 3954 contumaciam
1345 3907 1352 3950 ε

178 3999 238 4064 sed
261 4001 333 4064 haec
348 4000 561 4066 contumacia
585 4018 655 4065 non
676 4005 727 4064 est
750 4000 786 4062 in
810 4003 949 4081 peccato
969 4014 1063 4061 mere
1085 3996 1269 4080 praeterito,
1293 4013 1354 4059 seu

177 4107 313 4190 physice
339 4108 433 4172 etin
459 4126 495 4172 se
523 4113 625 4192 atque
652 4105 827 4172 moraliter
855 4113 889 4170 et
916 4107 952 4170 in
980 4105 1051 4169 suis
1074 4104 1250 4169 effectibus
1270 4121 1355 4186 prae·

177 4218 288 4282 terito.

218 4325 248 4408 b)
261 4325 377 4390 Causae
387 4330 590 4392 excusantes
605 4326 647 4391 ab
654 4313 858 4392 incarnanda
871 4344 1016 4392 censura
1033 4347 1039 4388 :
1057 4324 1250 4391 Generatim
1263 4322 1355 4406 quid·

177 4433 258 4517 quid
275 4441 415 4499 excusat
429 4453 450 4499 a
463 4440 601 4518 peccato
617 4433 763 4510 mortali,
781 4439 921 4500 excusat
934 4435 1037 4500 etiam
1052 4453 1073 4498 a
1088 4432 1184 4515 gravi
1199 4449 1353 4506 censura,

177 4547 331 4626 utsupra
344 4543 472 4607 dictum
487 4547 549 4608 est.
567 4541 695 4626 ltaque,
713 4542 748 4606 in
764 4543 886 4628 specie,
904 4543 1055 4607 materiae
1070 4541 1231 4624 paruitas,
1247 4539 1356 4622 impo-

177 4651 284 4716 tentia
300 4650 412 4734 legem
434 4652 607 4735 implendi,
635 4652 785 4717 deiectus
805 4651 1025 4718 advertentiae
1042 4655 1076 4714 et
1089 4647 1352 4724 deliberationis,
