<?xml version="1.0" encoding="UTF-8"?>
<!DOCTYPE html PUBLIC "-//W3C//DTD XHTML 1.0 Transitional//EN"
    "http://www.w3.org/TR/xhtml1/DTD/xhtml1-transitional.dtd">
<html xmlns="http://www.w3.org/1999/xhtml" xml:lang="en" lang="en">
 <head>
  <title>
</title>
<meta http-equiv="Content-Type" content="text/html;charset=utf-8" />
  <meta name='ocr-system' content='tesseract 3.04.00' />
  <meta name='ocr-capabilities' content='ocr_page ocr_carea ocr_par ocr_line ocrx_word'/>
</head>
<body>
  <div class='ocr_page' id='page_1' title='image "./juscanonicumjux01grangoog/juscanonicumjux01grangoog_0643.png"; bbox 0 0 3388 5582; ppageno 0'>
   <div class='ocr_carea' id='block_1_1' title="bbox 404 461 1384 526">
    <p class='ocr_par' dir='ltr' id='par_1_1' title="bbox 404 461 1384 526">
     <span class='ocr_line' id='line_1_1' title="bbox 404 461 1384 526; baseline 0 -2"><span class='ocrx_word' id='word_1_1' title='bbox 404 480 488 524; x_wconf 81' lang='lat' dir='ltr'>senis</span> <span class='ocrx_word' id='word_1_2' title='bbox 509 479 696 526; x_wconf 78' lang='lat' dir='ltr'>nrosrotrcm</span> <span class='ocrx_word' id='word_1_3' title='bbox 717 480 852 526; x_wconf 78' lang='lat' dir='ltr'>neonem</span> <span class='ocrx_word' id='word_1_4' title='bbox 875 481 911 526; x_wconf 84' lang='lat' dir='ltr'>ne</span> <span class='ocrx_word' id='word_1_5' title='bbox 933 479 1185 526; x_wconf 79' lang='lat' dir='ltr'>neumenrrenes.</span> <span class='ocrx_word' id='word_1_6' title='bbox 1325 461 1384 524; x_wconf 82' lang='lat'>633</span> 
     </span>
    </p>
   </div>
   <div class='ocr_carea' id='block_1_2' title="bbox 204 598 1386 945">
    <p class='ocr_par' dir='ltr' id='par_1_2' title="bbox 204 598 1385 773">
     <span class='ocr_line' id='line_1_2' title="bbox 204 598 1385 673; baseline 0.003 -19"><span class='ocrx_word' id='word_1_7' title='bbox 204 598 339 658; x_wconf 87' lang='lat' dir='ltr'>veritntis</span> <span class='ocrx_word' id='word_1_8' title='bbox 359 598 504 668; x_wconf 75' lang='lat' dir='ltr'>dicende,</span> <span class='ocrx_word' id='word_1_9' title='bbox 519 598 600 670; x_wconf 90' lang='lat' dir='ltr'>quod</span> <span class='ocrx_word' id='word_1_10' title='bbox 615 599 755 671; x_wconf 79' lang='lat' dir='ltr'>praestitit</span> <span class='ocrx_word' id='word_1_11' title='bbox 773 599 859 658; x_wconf 86' lang='lat' dir='ltr'>tactis</span> <span class='ocrx_word' id='word_1_12' title='bbox 875 602 924 657; x_wconf 80' lang='lat' dir='ltr'>ss.</span> <span class='ocrx_word' id='word_1_13' title='bbox 948 600 998 656; x_wconf 88' lang='lat' dir='ltr'>tlel</span> <span class='ocrx_word' id='word_1_14' title='bbox 1016 598 1186 673; x_wconf 78' lang='lat' dir='ltr'>Evangeliis</span> <span class='ocrx_word' id='word_1_15' title='bbox 1199 599 1275 673; x_wconf 78' lang='lat' dir='ltr'>(qeae</span> <span class='ocrx_word' id='word_1_16' title='bbox 1292 613 1385 658; x_wconf 84' lang='lat' dir='ltr'>meae</span> 
     </span>
     <span class='ocr_line' id='line_1_3' title="bbox 206 688 1304 773; baseline -0.006 -23"><span class='ocrx_word' id='word_1_17' title='bbox 206 698 330 766; x_wconf 77' lang='lat' dir='ltr'>tangere</span> <span class='ocrx_word' id='word_1_18' title='bbox 340 688 455 763; x_wconf 68' lang='lat' dir='ltr'>sudet),</span> <span class='ocrx_word' id='word_1_19' title='bbox 471 689 613 760; x_wconf 79' lang='lat' dir='ltr'>exposuit</span> <span class='ocrx_word' id='word_1_20' title='bbox 623 693 713 761; x_wconf 90' lang='lat' dir='ltr'>prout</span> <span class='ocrx_word' id='word_1_21' title='bbox 726 689 813 759; x_wconf 83' lang='lat' dir='ltr'>inira,</span> <span class='ocrx_word' id='word_1_22' title='bbox 830 689 968 748; x_wconf 84' lang='lat' dir='ltr'>uidelicet</span> <span class='ocrx_word' id='word_1_23' title='bbox 988 708 996 745; x_wconf 72' lang='grc' dir='ltr'><strong>ε</strong></span> <span class='ocrx_word' id='word_1_24' title='bbox 1301 762 1304 773; x_wconf 33' lang='lat'>‚</span> 
     </span>
    </p>

    <p class='ocr_par' dir='ltr' id='par_1_3' title="bbox 206 777 1386 945">
     <span class='ocr_line' id='line_1_4' title="bbox 242 777 1386 852; baseline 0 -14"><span class='ocrx_word' id='word_1_25' title='bbox 242 781 294 838; x_wconf 88' lang='lat' dir='ltr'>Hic</span> <span class='ocrx_word' id='word_1_26' title='bbox 308 792 439 852; x_wconf 88' lang='lat' dir='ltr'>persone</span> <span class='ocrx_word' id='word_1_27' title='bbox 452 777 635 836; x_wconf 88' lang='lat' dir='ltr'>denuntians</span> <span class='ocrx_word' id='word_1_28' title='bbox 649 779 811 837; x_wconf 83' lang='lat' dir='ltr'>vernaculo</span> <span class='ocrx_word' id='word_1_29' title='bbox 827 793 965 838; x_wconf 84' lang='lat' dir='ltr'><strong>sermone</strong></span> <span class='ocrx_word' id='word_1_30' title='bbox 985 778 1136 837; x_wconf 84' lang='lat' dir='ltr'>declarare</span> <span class='ocrx_word' id='word_1_31' title='bbox 1155 777 1243 836; x_wconf 92' lang='lat' dir='ltr'>debet</span> <span class='ocrx_word' id='word_1_32' title='bbox 1260 793 1292 838; x_wconf 91' lang='lat' dir='ltr'>sc</span> <span class='ocrx_word' id='word_1_33' title='bbox 1308 779 1386 838; x_wconf 88' lang='lat' dir='ltr'>scire</span> 
     </span>
     <span class='ocr_line' id='line_1_5' title="bbox 206 869 1386 945; baseline 0.001 -14"><span class='ocrx_word' id='word_1_34' title='bbox 206 873 359 932; x_wconf 88' lang='lat' dir='ltr'>obtentam</span> <span class='ocrx_word' id='word_1_35' title='bbox 386 886 455 929; x_wconf 88' lang='lat' dir='ltr'>esse</span> <span class='ocrx_word' id='word_1_36' title='bbox 478 869 516 928; x_wconf 89' lang='lat' dir='ltr'>ab</span> <span class='ocrx_word' id='word_1_37' title='bbox 539 871 690 930; x_wconf 90' lang='lat' dir='ltr'>ordinario</span> <span class='ocrx_word' id='word_1_38' title='bbox 711 871 769 930; x_wconf 93' lang='lat' dir='ltr'>leci</span> <span class='ocrx_word' id='word_1_39' title='bbox 791 871 962 932; x_wconf 75' lang='lat' dir='ltr'>facultatem</span> <span class='ocrx_word' id='word_1_40' title='bbox 983 871 1144 944; x_wconf 89' lang='lat' dir='ltr'>reeipiendi</span> <span class='ocrx_word' id='word_1_41' title='bbox 1166 871 1280 945; x_wconf 79' lang='lat' dir='ltr'>absque</span> <span class='ocrx_word' id='word_1_42' title='bbox 1296 872 1386 932; x_wconf 90' lang='lat' dir='ltr'>inter-</span> 
     </span>
    </p>
   </div>
   <div class='ocr_carea' id='block_1_3' title="bbox 151 961 1411 4712">
    <p class='ocr_par' dir='ltr' id='par_1_4' title="bbox 151 961 1391 2288">
     <span class='ocr_line' id='line_1_6' title="bbox 205 961 1385 1034; baseline -0.003 -12"><span class='ocrx_word' id='word_1_43' title='bbox 205 969 297 1022; x_wconf 83' lang='lat' dir='ltr'>reutn</span> <span class='ocrx_word' id='word_1_44' title='bbox 314 961 423 1020; x_wconf 92' lang='lat' dir='ltr'>notarii</span> <span class='ocrx_word' id='word_1_45' title='bbox 439 961 519 1034; x_wconf 95' lang='lat' dir='ltr'>quod</span> <span class='ocrx_word' id='word_1_46' title='bbox 539 961 576 1018; x_wconf 87' lang='lat' dir='ltr'>ed</span> <span class='ocrx_word' id='word_1_47' title='bbox 587 975 673 1018; x_wconf 91' lang='lat' dir='ltr'>suam</span> <span class='ocrx_word' id='word_1_48' title='bbox 682 962 898 1020; x_wconf 88' lang='lat' dir='ltr'>conscientiam</span> <span class='ocrx_word' id='word_1_49' title='bbox 910 963 1130 1020; x_wconf 83' lang='lat' dir='ltr'>exonerandam</span> <span class='ocrx_word' id='word_1_50' title='bbox 1142 961 1385 1034; x_wconf 80' lang='lat' dir='ltr'>exposituraest,</span> 
     </span>
     <span class='ocr_line' id='line_1_7' title="bbox 206 1041 1385 1127; baseline -0.002 -16"><span class='ocrx_word' id='word_1_51' title='bbox 206 1057 362 1127; x_wconf 76' lang='lat' dir='ltr'>propterea</span> <span class='ocrx_word' id='word_1_52' title='bbox 377 1051 449 1124; x_wconf 89' lang='lat' dir='ltr'>quia</span> <span class='ocrx_word' id='word_1_53' title='bbox 460 1050 554 1124; x_wconf 83' lang='lat' dir='ltr'>jnstis</span> <span class='ocrx_word' id='word_1_54' title='bbox 568 1050 604 1108; x_wconf 90' lang='lat' dir='ltr'>de</span> <span class='ocrx_word' id='word_1_55' title='bbox 620 1051 734 1119; x_wconf 86' lang='lat' dir='ltr'>causis,</span> <span class='ocrx_word' id='word_1_56' title='bbox 750 1041 845 1110; x_wconf 86' lang='lat' dir='ltr'>eidem</span> <span class='ocrx_word' id='word_1_57' title='bbox 863 1055 937 1110; x_wconf 90' lang='lat' dir='ltr'>Rmo</span> <span class='ocrx_word' id='word_1_58' title='bbox 951 1051 1077 1109; x_wconf 88' lang='lat' dir='ltr'>antistiti</span> <span class='ocrx_word' id='word_1_59' title='bbox 1094 1065 1127 1108; x_wconf 92' lang='lat' dir='ltr'>se</span> <span class='ocrx_word' id='word_1_60' title='bbox 1143 1051 1250 1108; x_wconf 76' lang='lat' dir='ltr'>sistere</span> <span class='ocrx_word' id='word_1_61' title='bbox 1265 1051 1385 1124; x_wconf 91' lang='lat' dir='ltr'>nequit:</span> 
     </span>
     <span class='ocr_line' id='line_1_8' title="bbox 205 1139 1386 1214; baseline -0.002 -14"><span class='ocrx_word' id='word_1_62' title='bbox 205 1141 312 1200; x_wconf 92' lang='lat' dir='ltr'>deinde</span> <span class='ocrx_word' id='word_1_63' title='bbox 329 1155 449 1198; x_wconf 88' lang='lat' dir='ltr'>narrare</span> <span class='ocrx_word' id='word_1_64' title='bbox 463 1140 608 1198; x_wconf 91' lang='lat' dir='ltr'>continuo</span> <span class='ocrx_word' id='word_1_65' title='bbox 623 1139 710 1208; x_wconf 88' lang='lat' dir='ltr'>debet</span> <span class='ocrx_word' id='word_1_66' title='bbox 726 1155 793 1214; x_wconf 82' lang='lat' dir='ltr'>qum</span> <span class='ocrx_word' id='word_1_67' title='bbox 804 1142 839 1199; x_wconf 86' lang='lat' dir='ltr'>ud</span> <span class='ocrx_word' id='word_1_68' title='bbox 856 1141 1085 1200; x_wconf 75' lang='lat' dir='ltr'>sollicitationes</span> <span class='ocrx_word' id='word_1_69' title='bbox 1102 1141 1128 1199; x_wconf 92' lang='lat' dir='ltr'>ei</span> <span class='ocrx_word' id='word_1_70' title='bbox 1145 1141 1239 1200; x_wconf 86' lang='lat' dir='ltr'>lectas</span> <span class='ocrx_word' id='word_1_71' title='bbox 1248 1142 1386 1211; x_wconf 84' lang='lat' dir='ltr'>attinent,</span> 
     </span>
     <span class='ocr_line' id='line_1_9' title="bbox 206 1229 1385 1301; baseline -0.002 -12"><span class='ocrx_word' id='word_1_72' title='bbox 206 1245 261 1289; x_wconf 89' lang='lat' dir='ltr'>seu</span> <span class='ocrx_word' id='word_1_73' title='bbox 271 1230 362 1288; x_wconf 84' lang='lat' dir='ltr'>rerba</span> <span class='ocrx_word' id='word_1_74' title='bbox 372 1229 494 1296; x_wconf 85' lang='lat' dir='ltr'>luerint,</span> <span class='ocrx_word' id='word_1_75' title='bbox 511 1243 564 1286; x_wconf 90' lang='lat' dir='ltr'>seu</span> <span class='ocrx_word' id='word_1_76' title='bbox 580 1229 701 1301; x_wconf 84' lang='lat' dir='ltr'>scripta,</span> <span class='ocrx_word' id='word_1_77' title='bbox 732 1245 787 1288; x_wconf 90' lang='lat' dir='ltr'>seu</span> <span class='ocrx_word' id='word_1_78' title='bbox 798 1236 896 1299; x_wconf 89' lang='lat' dir='ltr'>actus,</span> <span class='ocrx_word' id='word_1_79' title='bbox 910 1237 1049 1290; x_wconf 86' lang='lat' dir='ltr'>accurate</span> <span class='ocrx_word' id='word_1_80' title='bbox 1059 1231 1259 1290; x_wconf 88' lang='lat' dir='ltr'>describendo</span> <span class='ocrx_word' id='word_1_81' title='bbox 1275 1229 1385 1298; x_wconf 91' lang='lat' dir='ltr'>locum,</span> 
     </span>
     <span class='ocr_line' id='line_1_10' title="bbox 206 1318 1387 1398; baseline 0.002 -20"><span class='ocrx_word' id='word_1_82' title='bbox 206 1327 336 1394; x_wconf 88' lang='lat' dir='ltr'>tempus,</span> <span class='ocrx_word' id='word_1_83' title='bbox 352 1318 552 1388; x_wconf 84' lang='lat' dir='ltr'>occasionem,</span> <span class='ocrx_word' id='word_1_84' title='bbox 569 1319 649 1379; x_wconf 90' lang='lat' dir='ltr'>vices</span> <span class='ocrx_word' id='word_1_85' title='bbox 660 1327 689 1378; x_wconf 88' lang='lat' dir='ltr'>et</span> <span class='ocrx_word' id='word_1_86' title='bbox 704 1321 825 1395; x_wconf 90' lang='lat' dir='ltr'>singula</span> <span class='ocrx_word' id='word_1_87' title='bbox 844 1323 996 1398; x_wconf 81' lang='lat' dir='ltr'>adjuncta,</span> <span class='ocrx_word' id='word_1_88' title='bbox 1019 1337 1136 1381; x_wconf 89' lang='lat' dir='ltr'>necnon</span> <span class='ocrx_word' id='word_1_89' title='bbox 1157 1329 1258 1380; x_wconf 91' lang='lat' dir='ltr'>utrum</span> <span class='ocrx_word' id='word_1_90' title='bbox 1272 1322 1303 1380; x_wconf 93' lang='lat' dir='ltr'>in</span> <span class='ocrx_word' id='word_1_91' title='bbox 1319 1329 1387 1380; x_wconf 89' lang='lat' dir='ltr'>actu</span> 
     </span>
     <span class='ocr_line' id='line_1_11' title="bbox 151 1406 1387 1488; baseline 0.001 -22"><span class='ocrx_word' id='word_1_92' title='bbox 151 1466 156 1480; x_wconf 78' lang='grc'>,</span> <span class='ocrx_word' id='word_1_93' title='bbox 205 1407 421 1476; x_wconf 83' lang='lat' dir='ltr'>consessionis,</span> <span class='ocrx_word' id='word_1_94' title='bbox 437 1423 474 1466; x_wconf 86' lang='lat' dir='ltr'>an</span> <span class='ocrx_word' id='word_1_95' title='bbox 489 1409 573 1481; x_wconf 89' lang='lat' dir='ltr'>prius</span> <span class='ocrx_word' id='word_1_96' title='bbox 589 1409 632 1466; x_wconf 87' lang='lat' dir='ltr'>vel</span> <span class='ocrx_word' id='word_1_97' title='bbox 649 1417 718 1482; x_wconf 89' lang='lat' dir='ltr'>post</span> <span class='ocrx_word' id='word_1_98' title='bbox 733 1411 978 1470; x_wconf 81' lang='lat' dir='ltr'>sacramentalem</span> <span class='ocrx_word' id='word_1_99' title='bbox 994 1406 1218 1488; x_wconf 80' lang='lat' dir='ltr'>absolutionem</span> <span class='ocrx_word' id='word_1_100' title='bbox 1234 1425 1267 1470; x_wconf 90' lang='lat' dir='ltr'>en</span> <span class='ocrx_word' id='word_1_101' title='bbox 1281 1425 1387 1469; x_wconf 89' lang='lat' dir='ltr'>evene-</span> 
     </span>
     <span class='ocr_line' id='line_1_12' title="bbox 207 1497 1387 1575; baseline -0.001 -18"><span class='ocrx_word' id='word_1_102' title='bbox 207 1499 280 1568; x_wconf 88' lang='lat' dir='ltr'>rint;</span> <span class='ocrx_word' id='word_1_103' title='bbox 298 1498 452 1557; x_wconf 88' lang='lat' dir='ltr'>nominare</span> <span class='ocrx_word' id='word_1_104' title='bbox 471 1497 557 1555; x_wconf 88' lang='lat' dir='ltr'>debet</span> <span class='ocrx_word' id='word_1_105' title='bbox 581 1497 833 1559; x_wconf 81' lang='lat' dir='ltr'>confessionalem</span> <span class='ocrx_word' id='word_1_106' title='bbox 858 1501 959 1560; x_wconf 88' lang='lat' dir='ltr'>sedem</span> <span class='ocrx_word' id='word_1_107' title='bbox 986 1507 1014 1559; x_wconf 91' lang='lat' dir='ltr'>et</span> <span class='ocrx_word' id='word_1_108' title='bbox 1038 1501 1138 1575; x_wconf 90' lang='lat' dir='ltr'>ipsum</span> <span class='ocrx_word' id='word_1_109' title='bbox 1167 1501 1387 1562; x_wconf 79' lang='lat' dir='ltr'>confessarium</span> 
     </span>
     <span class='ocr_line' id='line_1_13' title="bbox 206 1585 1389 1664; baseline -0.001 -18"><span class='ocrx_word' id='word_1_110' title='bbox 206 1585 428 1656; x_wconf 84' lang='lat' dir='ltr'>sollicitantem,</span> <span class='ocrx_word' id='word_1_111' title='bbox 443 1593 472 1644; x_wconf 90' lang='lat' dir='ltr'>et</span> <span class='ocrx_word' id='word_1_112' title='bbox 491 1593 641 1660; x_wconf 84' lang='lat' dir='ltr'>quotenus</span> <span class='ocrx_word' id='word_1_113' title='bbox 656 1588 748 1663; x_wconf 76' lang='lat' dir='ltr'>buius</span> <span class='ocrx_word' id='word_1_114' title='bbox 771 1604 880 1654; x_wconf 88' lang='lat' dir='ltr'>nomen</span> <span class='ocrx_word' id='word_1_115' title='bbox 898 1596 928 1648; x_wconf 88' lang='lat' dir='ltr'>et</span> <span class='ocrx_word' id='word_1_116' title='bbox 950 1605 1119 1664; x_wconf 82' lang='lat' dir='ltr'>cognomen</span> <span class='ocrx_word' id='word_1_117' title='bbox 1132 1596 1182 1648; x_wconf 92' lang='lat' dir='ltr'>aut</span> <span class='ocrx_word' id='word_1_118' title='bbox 1204 1590 1323 1664; x_wconf 83' lang='lat' dir='ltr'>ignoret</span> <span class='ocrx_word' id='word_1_119' title='bbox 1336 1595 1389 1646; x_wconf 90' lang='lat' dir='ltr'>aut</span> 
     </span>
     <span class='ocr_line' id='line_1_14' title="bbox 206 1674 1388 1751; baseline 0 -17"><span class='ocrx_word' id='word_1_120' title='bbox 206 1675 298 1734; x_wconf 88' lang='lat' dir='ltr'>oblite</span> <span class='ocrx_word' id='word_1_121' title='bbox 309 1675 407 1745; x_wconf 88' lang='lat' dir='ltr'>luerit,</span> <span class='ocrx_word' id='word_1_122' title='bbox 421 1674 569 1734; x_wconf 83' lang='lat' dir='ltr'>describet</span> <span class='ocrx_word' id='word_1_123' title='bbox 585 1683 723 1734; x_wconf 88' lang='lat' dir='ltr'>accurate</span> <span class='ocrx_word' id='word_1_124' title='bbox 745 1677 827 1736; x_wconf 91' lang='lat' dir='ltr'>illius</span> <span class='ocrx_word' id='word_1_125' title='bbox 845 1693 1016 1751; x_wconf 87' lang='lat' dir='ltr'>personam,</span> <span class='ocrx_word' id='word_1_126' title='bbox 1030 1691 1135 1736; x_wconf 85' lang='lat' dir='ltr'>ornnes</span> <span class='ocrx_word' id='word_1_127' title='bbox 1156 1677 1297 1736; x_wconf 91' lang='lat' dir='ltr'>distinete</span> <span class='ocrx_word' id='word_1_128' title='bbox 1316 1678 1388 1736; x_wconf 84' lang='lat' dir='ltr'>che-</span> 
     </span>
     <span class='ocr_line' id='line_1_15' title="bbox 207 1765 1388 1842; baseline 0 -18"><span class='ocrx_word' id='word_1_129' title='bbox 207 1765 544 1834; x_wconf 88' lang='lat' dir='ltr'>1·acteresnotando‚lta</span> <span class='ocrx_word' id='word_1_130' title='bbox 559 1772 591 1824; x_wconf 93' lang='lat' dir='ltr'>ut</span> <span class='ocrx_word' id='word_1_131' title='bbox 605 1766 655 1824; x_wconf 89' lang='lat' dir='ltr'>ille</span> <span class='ocrx_word' id='word_1_132' title='bbox 667 1768 843 1841; x_wconf 82' lang='lat' dir='ltr'>recognosci</span> <span class='ocrx_word' id='word_1_133' title='bbox 860 1767 966 1840; x_wconf 82' lang='lat' dir='ltr'>possit.</span> <span class='ocrx_word' id='word_1_134' title='bbox 983 1767 1206 1826; x_wconf 75' lang='lat' dir='ltr'>Animaduertat</span> <span class='ocrx_word' id='word_1_135' title='bbox 1219 1767 1388 1842; x_wconf 77' lang='lat' dir='ltr'>delegatus,</span> 
     </span>
     <span class='ocr_line' id='line_1_16' title="bbox 209 1858 1387 1932; baseline 0.002 -16"><span class='ocrx_word' id='word_1_136' title='bbox 209 1873 270 1916; x_wconf 92' lang='lat' dir='ltr'>non</span> <span class='ocrx_word' id='word_1_137' title='bbox 289 1873 358 1916; x_wconf 88' lang='lat' dir='ltr'>esse</span> <span class='ocrx_word' id='word_1_138' title='bbox 379 1858 623 1932; x_wconf 87' lang='lat' dir='ltr'>interrogandam</span> <span class='ocrx_word' id='word_1_139' title='bbox 646 1873 807 1931; x_wconf 86' lang='lat' dir='ltr'>personam</span> <span class='ocrx_word' id='word_1_140' title='bbox 820 1859 1065 1928; x_wconf 84' lang='lat' dir='ltr'>denuntiantem,</span> <span class='ocrx_word' id='word_1_141' title='bbox 1082 1865 1182 1917; x_wconf 93' lang='lat' dir='ltr'>utrum</span> <span class='ocrx_word' id='word_1_142' title='bbox 1203 1873 1387 1918; x_wconf 90' lang='lat' dir='ltr'>consensum</span> 
     </span>
     <span class='ocr_line' id='line_1_17' title="bbox 209 1947 1389 2022; baseline 0.002 -16"><span class='ocrx_word' id='word_1_143' title='bbox 209 1949 247 2006; x_wconf 88' lang='lat' dir='ltr'>ed</span> <span class='ocrx_word' id='word_1_144' title='bbox 266 1955 365 2006; x_wconf 86' lang='lat' dir='ltr'>actum</span> <span class='ocrx_word' id='word_1_145' title='bbox 383 1954 498 2020; x_wconf 86' lang='lat' dir='ltr'>turpem</span> <span class='ocrx_word' id='word_1_146' title='bbox 522 1962 713 2022; x_wconf 90' lang='lat' dir='ltr'>quocumque</span> <span class='ocrx_word' id='word_1_147' title='bbox 738 1949 827 2007; x_wconf 93' lang='lat' dir='ltr'>modo</span> <span class='ocrx_word' id='word_1_148' title='bbox 849 1947 1021 2021; x_wconf 78' lang='lat' dir='ltr'>praestiterit</span> <span class='ocrx_word' id='word_1_149' title='bbox 1041 1950 1085 2006; x_wconf 88' lang='lat' dir='ltr'>vel</span> <span class='ocrx_word' id='word_1_150' title='bbox 1107 1948 1301 2018; x_wconf 85' lang='lat' dir='ltr'>recusaverit,</span> <span class='ocrx_word' id='word_1_151' title='bbox 1320 1965 1389 2008; x_wconf 87' lang='lat' dir='ltr'>curu</span> 
     </span>
     <span class='ocr_line' id='line_1_18' title="bbox 209 2036 1391 2111; baseline 0.002 -17"><span class='ocrx_word' id='word_1_152' title='bbox 209 2037 277 2111; x_wconf 89' lang='lat' dir='ltr'>ipsa</span> <span class='ocrx_word' id='word_1_153' title='bbox 291 2037 326 2094; x_wconf 87' lang='lat' dir='ltr'>ad</span> <span class='ocrx_word' id='word_1_154' title='bbox 344 2049 417 2094; x_wconf 91' lang='lat' dir='ltr'>suos</span> <span class='ocrx_word' id='word_1_155' title='bbox 430 2036 563 2094; x_wconf 86' lang='lat' dir='ltr'>delectus</span> <span class='ocrx_word' id='word_1_156' title='bbox 579 2036 895 2096; x_wconf 66' lang='lat' dir='ltr'>manifestandos&#39;non</span> <span class='ocrx_word' id='word_1_157' title='bbox 911 2040 1055 2094; x_wconf 87' lang='lat' dir='ltr'>teneatur.</span> <span class='ocrx_word' id='word_1_158' title='bbox 1067 2037 1153 2094; x_wconf 89' lang='lat' dir='ltr'>Risce</span> <span class='ocrx_word' id='word_1_159' title='bbox 1169 2037 1291 2110; x_wconf 87' lang='lat' dir='ltr'>scriptis</span> <span class='ocrx_word' id='word_1_160' title='bbox 1302 2045 1391 2110; x_wconf 91' lang='lat' dir='ltr'>prout</span> 
     </span>
     <span class='ocr_line' id='line_1_19' title="bbox 210 2125 1389 2200; baseline -0.003 -15"><span class='ocrx_word' id='word_1_161' title='bbox 210 2131 380 2196; x_wconf 85' lang='lat' dir='ltr'>narrantur,</span> <span class='ocrx_word' id='word_1_162' title='bbox 395 2125 550 2200; x_wconf 87' lang='lat' dir='ltr'>delegatus</span> <span class='ocrx_word' id='word_1_163' title='bbox 572 2139 639 2198; x_wconf 82' lang='lat' dir='ltr'>quae</span> <span class='ocrx_word' id='word_1_164' title='bbox 655 2131 835 2198; x_wconf 91' lang='lat' dir='ltr'>sequuntur,</span> <span class='ocrx_word' id='word_1_165' title='bbox 861 2139 958 2198; x_wconf 91' lang='lat' dir='ltr'>neque</span> <span class='ocrx_word' id='word_1_166' title='bbox 982 2125 1061 2183; x_wconf 91' lang='lat' dir='ltr'>eliud</span> <span class='ocrx_word' id='word_1_167' title='bbox 1080 2130 1223 2198; x_wconf 80' lang='lat' dir='ltr'>preterea</span> <span class='ocrx_word' id='word_1_168' title='bbox 1235 2125 1389 2197; x_wconf 84' lang='lat' dir='ltr'>quidpiam</span> 
     </span>
     <span class='ocr_line' id='line_1_20' title="bbox 212 2215 354 2288; baseline -0.014 -14"><span class='ocrx_word' id='word_1_169' title='bbox 212 2215 354 2288; x_wconf 85' lang='lat' dir='ltr'>requiret.</span> 
     </span>
    </p>

    <p class='ocr_par' dir='ltr' id='par_1_5' title="bbox 207 2302 1391 2554">
     <span class='ocr_line' id='line_1_21' title="bbox 246 2302 1390 2380; baseline -0.001 -17"><span class='ocrx_word' id='word_1_170' title='bbox 246 2309 455 2380; x_wconf 84' lang='lat' dir='ltr'>Interrogata:</span> <span class='ocrx_word' id='word_1_171' title='bbox 479 2308 523 2363; x_wconf 88' lang='lat' dir='ltr'>llo</span> <span class='ocrx_word' id='word_1_172' title='bbox 543 2305 620 2363; x_wconf 89' lang='lat' dir='ltr'>sciat</span> <span class='ocrx_word' id='word_1_173' title='bbox 639 2305 685 2362; x_wconf 89' lang='lat' dir='ltr'>vel</span> <span class='ocrx_word' id='word_1_174' title='bbox 709 2305 768 2364; x_wconf 91' lang='lat' dir='ltr'>dici</span> <span class='ocrx_word' id='word_1_175' title='bbox 791 2305 930 2375; x_wconf 89' lang='lat' dir='ltr'>audierit,</span> <span class='ocrx_word' id='word_1_176' title='bbox 949 2305 1062 2363; x_wconf 90' lang='lat' dir='ltr'>dietum</span> <span class='ocrx_word' id='word_1_177' title='bbox 1084 2309 1118 2362; x_wconf 90' lang='lat' dir='ltr'>N.</span> <span class='ocrx_word' id='word_1_178' title='bbox 1139 2307 1172 2362; x_wconf 87' lang='lat' dir='ltr'>tt.</span> <span class='ocrx_word' id='word_1_179' title='bbox 1197 2302 1390 2376; x_wconf 75' lang='lat' dir='ltr'>(nonencorte</span> 
     </span>
     <span class='ocr_line' id='line_1_22' title="bbox 207 2393 1391 2470; baseline -0.003 -16"><span class='ocrx_word' id='word_1_180' title='bbox 207 2393 377 2470; x_wconf 80' lang='lat' dir='ltr'>perronem)</span> <span class='ocrx_word' id='word_1_181' title='bbox 392 2393 612 2453; x_wconf 81' lang='lat' dir='ltr'>confessarium</span> <span class='ocrx_word' id='word_1_182' title='bbox 628 2394 808 2454; x_wconf 87' lang='lat' dir='ltr'>sollicitasse</span> <span class='ocrx_word' id='word_1_183' title='bbox 823 2395 899 2452; x_wconf 86' lang='lat' dir='ltr'>alias</span> <span class='ocrx_word' id='word_1_184' title='bbox 911 2395 1092 2467; x_wconf 81' lang='lat' dir='ltr'>prenitentes</span> <span class='ocrx_word' id='word_1_185' title='bbox 1103 2394 1139 2451; x_wconf 88' lang='lat' dir='ltr'>ad</span> <span class='ocrx_word' id='word_1_186' title='bbox 1153 2393 1261 2466; x_wconf 88' lang='lat' dir='ltr'>turpia,</span> <span class='ocrx_word' id='word_1_187' title='bbox 1280 2397 1309 2450; x_wconf 93' lang='lat' dir='ltr'>et</span> <span class='ocrx_word' id='word_1_188' title='bbox 1320 2407 1391 2464; x_wconf 89' lang='lat' dir='ltr'>qua·</span> 
     </span>
     <span class='ocr_line' id='line_1_23' title="bbox 209 2485 397 2554; baseline -0.005 -12"><span class='ocrx_word' id='word_1_189' title='bbox 209 2485 397 2554; x_wconf 76' lang='lat' dir='ltr'>tenesmo?</span> 
     </span>
    </p>

    <p class='ocr_par' dir='ltr' id='par_1_6' title="bbox 210 2572 1391 2740">
     <span class='ocr_line' id='line_1_24' title="bbox 247 2572 1391 2650; baseline -0.002 -16"><span class='ocrx_word' id='word_1_190' title='bbox 247 2575 412 2650; x_wconf 82' lang='lat' dir='ltr'>Respondit</span> <span class='ocrx_word' id='word_1_191' title='bbox 436 2575 566 2647; x_wconf 81' lang='lat' dir='ltr'>(Notabit</span> <span class='ocrx_word' id='word_1_192' title='bbox 577 2575 848 2648; x_wconf 78' lang='lat' dir='ltr'>responsionem,et</span> <span class='ocrx_word' id='word_1_193' title='bbox 859 2574 888 2632; x_wconf 85' lang='lat' dir='ltr'>ei</span> <span class='ocrx_word' id='word_1_194' title='bbox 899 2572 1270 2646; x_wconf 72' lang='lat' dir='ltr'>becasfirmattooruertt</span> <span class='ocrx_word' id='word_1_195' title='bbox 1283 2589 1391 2632; x_wconf 76' lang='lat' dir='ltr'>nomene</span> 
     </span>
     <span class='ocr_line' id='line_1_25' title="bbox 210 2663 1389 2740; baseline -0.003 -14"><span class='ocrx_word' id='word_1_196' title='bbox 210 2674 240 2726; x_wconf 89' lang='lat' dir='ltr'>et</span> <span class='ocrx_word' id='word_1_197' title='bbox 255 2681 415 2740; x_wconf 73' lang='lat' dir='ltr'>cognonen</span> <span class='ocrx_word' id='word_1_198' title='bbox 432 2679 632 2738; x_wconf 82' lang='lat' dir='ltr'>personarum</span> <span class='ocrx_word' id='word_1_199' title='bbox 646 2665 879 2723; x_wconf 78' lang='lat' dir='ltr'>sollicitatorem</span> <span class='ocrx_word' id='word_1_200' title='bbox 893 2663 1039 2735; x_wconf 80' lang='lat' dir='ltr'>erquiret,</span> <span class='ocrx_word' id='word_1_201' title='bbox 1055 2668 1084 2719; x_wconf 93' lang='lat' dir='ltr'>et</span> <span class='ocrx_word' id='word_1_202' title='bbox 1098 2676 1221 2720; x_wconf 84' lang='lat' dir='ltr'>caecam</span> <span class='ocrx_word' id='word_1_203' title='bbox 1235 2664 1389 2736; x_wconf 77' lang='lat' dir='ltr'>scientie).</span> 
     </span>
    </p>

    <p class='ocr_par' dir='ltr' id='par_1_7' title="bbox 213 2751 1411 2918">
     <span class='ocr_line' id='line_1_26' title="bbox 247 2751 1411 2830; baseline -0.003 -16"><span class='ocrx_word' id='word_1_204' title='bbox 247 2761 431 2830; x_wconf 85' lang='lat' dir='ltr'>interrogata</span> <span class='ocrx_word' id='word_1_205' title='bbox 444 2756 480 2814; x_wconf 91' lang='lat' dir='ltr'>de</span> <span class='ocrx_word' id='word_1_206' title='bbox 498 2755 579 2812; x_wconf 84' lang='lat' dir='ltr'>fama</span> <span class='ocrx_word' id='word_1_207' title='bbox 591 2754 756 2826; x_wconf 82' lang='lat' dir='ltr'>supradicti</span> <span class='ocrx_word' id='word_1_208' title='bbox 771 2751 949 2811; x_wconf 87' lang='lat' dir='ltr'>contesserit</span> <span class='ocrx_word' id='word_1_209' title='bbox 968 2755 1000 2810; x_wconf 93' lang='grc' dir='ltr'>Ν.</span> <span class='ocrx_word' id='word_1_210' title='bbox 1016 2755 1049 2808; x_wconf 94' lang='grc' dir='ltr'>Ν.</span> <span class='ocrx_word' id='word_1_211' title='bbox 1066 2759 1126 2809; x_wconf 85' lang='lat' dir='ltr'>tem</span> <span class='ocrx_word' id='word_1_212' title='bbox 1143 2751 1229 2823; x_wconf 82' lang='lat' dir='ltr'>apudl</span> <span class='ocrx_word' id='word_1_213' title='bbox 1242 2767 1287 2824; x_wconf 92' lang='lat' dir='ltr'>se,</span> <span class='ocrx_word' id='word_1_214' title='bbox 1301 2768 1391 2826; x_wconf 86' lang='lat' dir='ltr'>quam</span> <span class='ocrx_word' id='word_1_215' title='bbox 1409 2805 1411 2810; x_wconf 93' lang='lat'>.</span> 
     </span>
     <span class='ocr_line' id='line_1_27' title="bbox 213 2846 690 2918; baseline -0.008 -14"><span class='ocrx_word' id='word_1_216' title='bbox 213 2846 292 2918; x_wconf 86' lang='lat' dir='ltr'>apud</span> <span class='ocrx_word' id='word_1_217' title='bbox 310 2846 397 2912; x_wconf 90' lang='lat' dir='ltr'>alios,</span> <span class='ocrx_word' id='word_1_218' title='bbox 412 2849 441 2902; x_wconf 90' lang='lat' dir='ltr'>et</span> <span class='ocrx_word' id='word_1_219' title='bbox 454 2849 615 2916; x_wconf 87' lang='lat' dir='ltr'>quatenus,</span> <span class='ocrx_word' id='word_1_220' title='bbox 633 2849 690 2901; x_wconf 90' lang='lat' dir='ltr'>etc.</span> 
     </span>
    </p>

    <p class='ocr_par' dir='ltr' id='par_1_8' title="bbox 249 2932 845 3006">
     <span class='ocr_line' id='line_1_28' title="bbox 249 2932 845 3006; baseline -0.003 -14"><span class='ocrx_word' id='word_1_221' title='bbox 249 2934 413 3006; x_wconf 85' lang='lat' dir='ltr'>Respondit</span> <span class='ocrx_word' id='word_1_222' title='bbox 429 2933 664 3006; x_wconf 79' lang='lat' dir='ltr'>(Responsionem</span> <span class='ocrx_word' id='word_1_223' title='bbox 676 2932 845 3006; x_wconf 75' lang='lat' dir='ltr'>exscribet).</span> 
     </span>
    </p>

    <p class='ocr_par' dir='ltr' id='par_1_9' title="bbox 214 3021 1392 3186">
     <span class='ocr_line' id='line_1_29' title="bbox 249 3021 1392 3097; baseline 0 -17"><span class='ocrx_word' id='word_1_224' title='bbox 249 3027 457 3097; x_wconf 86' lang='lat' dir='ltr'>interrogata:</span> <span class='ocrx_word' id='word_1_225' title='bbox 474 3027 517 3081; x_wconf 82' lang='lat' dir='ltr'>An</span> <span class='ocrx_word' id='word_1_226' title='bbox 534 3023 602 3082; x_wconf 94' lang='lat' dir='ltr'>odio</span> <span class='ocrx_word' id='word_1_227' title='bbox 616 3024 661 3082; x_wconf 88' lang='lat' dir='ltr'>vel</span> <span class='ocrx_word' id='word_1_228' title='bbox 675 3037 777 3082; x_wconf 89' lang='lat' dir='ltr'>amere</span> <span class='ocrx_word' id='word_1_229' title='bbox 792 3023 915 3095; x_wconf 83' lang='lat' dir='ltr'>praeleta</span> <span class='ocrx_word' id='word_1_230' title='bbox 934 3021 1119 3095; x_wconf 89' lang='lat' dir='ltr'>deposuerit,</span> <span class='ocrx_word' id='word_1_231' title='bbox 1141 3026 1171 3079; x_wconf 94' lang='lat' dir='ltr'>et</span> <span class='ocrx_word' id='word_1_232' title='bbox 1184 3035 1275 3094; x_wconf 90' lang='lat' dir='ltr'>super</span> <span class='ocrx_word' id='word_1_233' title='bbox 1292 3021 1392 3080; x_wconf 92' lang='lat' dir='ltr'>inimi-</span> 
     </span>
     <span class='ocr_line' id='line_1_30' title="bbox 214 3110 1060 3186; baseline -0.005 -15"><span class='ocrx_word' id='word_1_234' title='bbox 214 3113 295 3184; x_wconf 88' lang='lat' dir='ltr'>citie,</span> <span class='ocrx_word' id='word_1_235' title='bbox 310 3110 438 3185; x_wconf 90' lang='lat' dir='ltr'>aliisque</span> <span class='ocrx_word' id='word_1_236' title='bbox 453 3112 654 3186; x_wconf 89' lang='lat' dir='ltr'>generalibus,</span> <span class='ocrx_word' id='word_1_237' title='bbox 670 3118 738 3182; x_wconf 84' lang='lat' dir='ltr'>etc,</span> <span class='ocrx_word' id='word_1_238' title='bbox 757 3117 786 3168; x_wconf 89' lang='lat' dir='ltr'>et</span> <span class='ocrx_word' id='word_1_239' title='bbox 801 3117 961 3185; x_wconf 90' lang='lat' dir='ltr'>qnatenus,</span> <span class='ocrx_word' id='word_1_240' title='bbox 978 3111 1060 3168; x_wconf 80' lang='lat' dir='ltr'>etc?</span> 
     </span>
    </p>

    <p class='ocr_par' dir='ltr' id='par_1_10' title="bbox 215 3199 1393 3454">
     <span class='ocr_line' id='line_1_31' title="bbox 251 3199 1393 3274; baseline -0.001 -15"><span class='ocrx_word' id='word_1_241' title='bbox 251 3201 430 3274; x_wconf 81' lang='lat' dir='ltr'>Respondit:</span> <span class='ocrx_word' id='word_1_242' title='bbox 441 3204 540 3260; x_wconf 88' lang='lat' dir='ltr'>Recte.</span> <span class='ocrx_word' id='word_1_243' title='bbox 550 3201 593 3274; x_wconf 82' lang='lat' dir='ltr'>(Si</span> <span class='ocrx_word' id='word_1_244' title='bbox 605 3201 644 3260; x_wconf 88' lang='lat' dir='ltr'>cd</span> <span class='ocrx_word' id='word_1_245' title='bbox 655 3203 810 3274; x_wconf 84' lang='lat' dir='ltr'>propriam</span> <span class='ocrx_word' id='word_1_246' title='bbox 818 3201 1032 3259; x_wconf 83' lang='lat' dir='ltr'>conscientiam</span> <span class='ocrx_word' id='word_1_247' title='bbox 1043 3199 1267 3258; x_wconf 78' lang='lat' dir='ltr'>exonerandam</span> <span class='ocrx_word' id='word_1_248' title='bbox 1279 3199 1393 3258; x_wconf 66' lang='lat' dir='ltr'>meren-</span> 
     </span>
     <span class='ocr_line' id='line_1_32' title="bbox 215 3289 1392 3363; baseline -0.002 -13"><span class='ocrx_word' id='word_1_249' title='bbox 215 3291 313 3350; x_wconf 83' lang='lat' dir='ltr'>ciecee</span> <span class='ocrx_word' id='word_1_250' title='bbox 327 3306 359 3349; x_wconf 85' lang='lat' dir='ltr'>re</span> <span class='ocrx_word' id='word_1_251' title='bbox 371 3291 457 3350; x_wconf 87' lang='lat' dir='ltr'>dicet.</span> <span class='ocrx_word' id='word_1_252' title='bbox 474 3293 507 3350; x_wconf 89' lang='lat' dir='ltr'>Si</span> <span class='ocrx_word' id='word_1_253' title='bbox 521 3307 539 3350; x_wconf 88' lang='lat' dir='ltr'>o</span> <span class='ocrx_word' id='word_1_254' title='bbox 551 3291 763 3352; x_wconf 82' lang='lat' dir='ltr'>sollicitatione</span> <span class='ocrx_word' id='word_1_255' title='bbox 771 3289 840 3363; x_wconf 85' lang='lat' dir='ltr'>plac</span> <span class='ocrx_word' id='word_1_256' title='bbox 853 3305 913 3349; x_wconf 85' lang='lat' dir='ltr'>uno</span> <span class='ocrx_word' id='word_1_257' title='bbox 923 3303 1025 3348; x_wconf 81' lang='lat' dir='ltr'>mense</span> <span class='ocrx_word' id='word_1_258' title='bbox 1033 3298 1144 3363; x_wconf 77' lang='lat' dir='ltr'>preter</span> <span class='ocrx_word' id='word_1_259' title='bbox 1154 3289 1272 3362; x_wconf 71' lang='lat' dir='ltr'>mptum</span> <span class='ocrx_word' id='word_1_260' title='bbox 1287 3289 1392 3362; x_wconf 71' lang='lat' dir='ltr'>fuerit,</span> 
     </span>
     <span class='ocr_line' id='line_1_33' title="bbox 215 3379 634 3454; baseline -0.005 -14"><span class='ocrx_word' id='word_1_261' title='bbox 215 3382 275 3440; x_wconf 86' lang='lat' dir='ltr'>erit</span> <span class='ocrx_word' id='word_1_262' title='bbox 289 3382 381 3440; x_wconf 85' lang='lat' dir='ltr'>etiem</span> <span class='ocrx_word' id='word_1_263' title='bbox 396 3379 634 3454; x_wconf 80' lang='lat' dir='ltr'>interrogando).</span> 
     </span>
    </p>

    <p class='ocr_par' dir='ltr' id='par_1_11' title="bbox 217 3469 1394 3630">
     <span class='ocr_line' id='line_1_34' title="bbox 252 3469 1394 3546; baseline -0.001 -18"><span class='ocrx_word' id='word_1_264' title='bbox 252 3474 456 3546; x_wconf 84' lang='lat' dir='ltr'>interrogata:</span> <span class='ocrx_word' id='word_1_265' title='bbox 475 3474 534 3530; x_wconf 85' lang='lat' dir='ltr'>Cur</span> <span class='ocrx_word' id='word_1_266' title='bbox 554 3471 658 3529; x_wconf 84' lang='lat' dir='ltr'>tandiu</span> <span class='ocrx_word' id='word_1_267' title='bbox 673 3471 823 3530; x_wconf 84' lang='lat' dir='ltr'>distulerit</span> <span class='ocrx_word' id='word_1_268' title='bbox 835 3471 959 3542; x_wconf 80' lang='lat' dir='ltr'>prelata</span> <span class='ocrx_word' id='word_1_269' title='bbox 981 3469 1160 3530; x_wconf 88' lang='lat' dir='ltr'>denuntiare</span> <span class='ocrx_word' id='word_1_270' title='bbox 1174 3471 1294 3546; x_wconf 90' lang='lat' dir='ltr'>proprio</span> <span class='ocrx_word' id='word_1_271' title='bbox 1315 3469 1394 3529; x_wconf 91' lang='lat' dir='ltr'>ordi-</span> 
     </span>
     <span class='ocr_line' id='line_1_35' title="bbox 217 3561 886 3630; baseline -0.001 -13"><span class='ocrx_word' id='word_1_272' title='bbox 217 3561 312 3630; x_wconf 82' lang='lat' dir='ltr'>nario,</span> <span class='ocrx_word' id='word_1_273' title='bbox 322 3565 353 3619; x_wconf 89' lang='lat' dir='ltr'>et</span> <span class='ocrx_word' id='word_1_274' title='bbox 366 3561 583 3619; x_wconf 88' lang='lat' dir='ltr'>conscientiam</span> <span class='ocrx_word' id='word_1_275' title='bbox 599 3575 685 3618; x_wconf 86' lang='lat' dir='ltr'>suam</span> <span class='ocrx_word' id='word_1_276' title='bbox 702 3561 886 3618; x_wconf 80' lang='lat' dir='ltr'>exonerare?</span> 
     </span>
    </p>

    <p class='ocr_par' dir='ltr' id='par_1_12' title="bbox 254 3651 806 3726">
     <span class='ocr_line' id='line_1_36' title="bbox 254 3651 806 3726; baseline -0.005 -17"><span class='ocrx_word' id='word_1_277' title='bbox 254 3652 420 3724; x_wconf 89' lang='lat' dir='ltr'>Respondit</span> <span class='ocrx_word' id='word_1_278' title='bbox 433 3651 561 3720; x_wconf 76' lang='lat' dir='ltr'>(Notodt&#39;t</span> <span class='ocrx_word' id='word_1_279' title='bbox 573 3651 806 3726; x_wconf 78' lang='lat' dir='ltr'>repensionem).</span> 
     </span>
    </p>

    <p class='ocr_par' dir='ltr' id='par_1_13' title="bbox 251 3739 746 3801">
     <span class='ocr_line' id='line_1_37' title="bbox 251 3739 746 3801; baseline 0 -1"><span class='ocrx_word' id='word_1_280' title='bbox 251 3743 344 3801; x_wconf 82' lang='lat' dir='ltr'>Actus</span> <span class='ocrx_word' id='word_1_281' title='bbox 355 3739 517 3800; x_wconf 78' lang='lat' dir='ltr'>claudetur</span> <span class='ocrx_word' id='word_1_282' title='bbox 531 3741 589 3800; x_wconf 85' lang='lat' dir='ltr'>bac</span> <span class='ocrx_word' id='word_1_283' title='bbox 602 3743 721 3801; x_wconf 82' lang='lat' dir='ltr'>ratione</span> <span class='ocrx_word' id='word_1_284' title='bbox 736 3759 746 3800; x_wconf 92' lang='lat'>.·</span> 
     </span>
    </p>

    <p class='ocr_par' dir='ltr' id='par_1_14' title="bbox 209 3828 1398 4350">
     <span class='ocr_line' id='line_1_38' title="bbox 253 3828 1396 3907; baseline 0.002 -19"><span class='ocrx_word' id='word_1_285' title='bbox 253 3829 369 3900; x_wconf 84' lang='lat' dir='ltr'>Quibus</span> <span class='ocrx_word' id='word_1_286' title='bbox 379 3828 491 3888; x_wconf 87' lang='lat' dir='ltr'>habitis</span> <span class='ocrx_word' id='word_1_287' title='bbox 506 3837 535 3888; x_wconf 91' lang='lat' dir='ltr'>et</span> <span class='ocrx_word' id='word_1_288' title='bbox 549 3832 720 3904; x_wconf 86' lang='lat' dir='ltr'>acceptatis,</span> <span class='ocrx_word' id='word_1_289' title='bbox 737 3837 806 3898; x_wconf 72' lang='lat' dir='ltr'>etc..</span> <span class='ocrx_word' id='word_1_290' title='bbox 821 3831 969 3890; x_wconf 89' lang='lat' dir='ltr'>dimissus</span> <span class='ocrx_word' id='word_1_291' title='bbox 984 3830 1040 3905; x_wconf 88' lang='lat' dir='ltr'>(vel</span> <span class='ocrx_word' id='word_1_292' title='bbox 1055 3831 1193 3904; x_wconf 78' lang='lat' dir='ltr'>dimissa)</span> <span class='ocrx_word' id='word_1_293' title='bbox 1209 3832 1266 3891; x_wconf 86' lang='lat' dir='ltr'>luit</span> <span class='ocrx_word' id='word_1_294' title='bbox 1277 3833 1396 3907; x_wconf 80' lang='lat' dir='ltr'>juretus</span> 
     </span>
     <span class='ocr_line' id='line_1_39' title="bbox 216 3920 1397 3996; baseline 0.003 -20"><span class='ocrx_word' id='word_1_295' title='bbox 216 3920 272 3990; x_wconf 80' lang='lat' dir='ltr'>(vel</span> <span class='ocrx_word' id='word_1_296' title='bbox 289 3920 402 3993; x_wconf 85' lang='lat' dir='ltr'>jurate)</span> <span class='ocrx_word' id='word_1_297' title='bbox 420 3920 456 3978; x_wconf 93' lang='lat' dir='ltr'>de</span> <span class='ocrx_word' id='word_1_298' title='bbox 472 3921 592 3979; x_wconf 89' lang='lat' dir='ltr'>silentio</span> <span class='ocrx_word' id='word_1_299' title='bbox 608 3921 754 3980; x_wconf 87' lang='lat' dir='ltr'>seruando</span> <span class='ocrx_word' id='word_1_300' title='bbox 767 3922 803 3978; x_wconf 90' lang='lat' dir='ltr'>nd</span> <span class='ocrx_word' id='word_1_301' title='bbox 819 3935 930 3979; x_wconf 87' lang='lat' dir='ltr'>novum</span> <span class='ocrx_word' id='word_1_302' title='bbox 952 3928 1065 3980; x_wconf 49' lang='lat' dir='ltr'>‘tactum</span> <span class='ocrx_word' id='word_1_303' title='bbox 1086 3925 1136 3980; x_wconf 91' lang='lat' dir='ltr'>SS.</span> <span class='ocrx_word' id='word_1_304' title='bbox 1155 3923 1205 3980; x_wconf 84' lang='lat' dir='ltr'>[lei</span> <span class='ocrx_word' id='word_1_305' title='bbox 1222 3923 1397 3996; x_wconf 81' lang='lat' dir='ltr'>Evangelio·</span> 
     </span>
     <span class='ocr_line' id='line_1_40' title="bbox 219 4009 1398 4085; baseline 0.003 -19"><span class='ocrx_word' id='word_1_306' title='bbox 219 4024 285 4067; x_wconf 92' lang='lat' dir='ltr'>rum</span> <span class='ocrx_word' id='word_1_307' title='bbox 303 4010 406 4083; x_wconf 84' lang='lat' dir='ltr'>(super</span> <span class='ocrx_word' id='word_1_308' title='bbox 420 4011 615 4084; x_wconf 77' lang='lat' dir='ltr'>Euangeltam</span> <span class='ocrx_word' id='word_1_309' title='bbox 627 4012 736 4070; x_wconf 86' lang='lat' dir='ltr'>iterum</span> <span class='ocrx_word' id='word_1_310' title='bbox 746 4011 889 4082; x_wconf 82' lang='lat' dir='ltr'>jurabit),</span> <span class='ocrx_word' id='word_1_311' title='bbox 903 4018 933 4069; x_wconf 90' lang='lat' dir='ltr'>et</span> <span class='ocrx_word' id='word_1_312' title='bbox 948 4012 978 4068; x_wconf 89' lang='lat' dir='ltr'>lu</span> <span class='ocrx_word' id='word_1_313' title='bbox 993 4009 1251 4070; x_wconf 92' lang='lat' dir='ltr'>c&#39;ontlrmationem</span> <span class='ocrx_word' id='word_1_314' title='bbox 1266 4014 1398 4085; x_wconf 75' lang='lat' dir='ltr'>praemis-</span> 
     </span>
     <span class='ocr_line' id='line_1_41' title="bbox 217 4099 1397 4174; baseline 0 -16"><span class='ocrx_word' id='word_1_315' title='bbox 217 4113 321 4158; x_wconf 88' lang='lat' dir='ltr'>sorum</span> <span class='ocrx_word' id='word_1_316' title='bbox 336 4114 367 4158; x_wconf 92' lang='lat' dir='ltr'>se</span> <span class='ocrx_word' id='word_1_317' title='bbox 384 4099 575 4171; x_wconf 86' lang='lat' dir='ltr'>subscripsit,</span> <span class='ocrx_word' id='word_1_318' title='bbox 587 4101 626 4170; x_wconf 88' lang='lat' dir='ltr'>(et</span> <span class='ocrx_word' id='word_1_319' title='bbox 639 4100 668 4157; x_wconf 84' lang='lat' dir='ltr'>si</span> <span class='ocrx_word' id='word_1_320' title='bbox 680 4101 811 4158; x_wconf 82' lang='lat' dir='ltr'>scribere</span> <span class='ocrx_word' id='word_1_321' title='bbox 833 4101 959 4174; x_wconf 85' lang='lat' dir='ltr'>nesciat)</span> <span class='ocrx_word' id='word_1_322' title='bbox 976 4107 1006 4158; x_wconf 91' lang='lat' dir='ltr'>et</span> <span class='ocrx_word' id='word_1_323' title='bbox 1026 4115 1094 4158; x_wconf 89' lang='lat' dir='ltr'>cnm</span> <span class='ocrx_word' id='word_1_324' title='bbox 1111 4100 1243 4158; x_wconf 86' lang='lat' dir='ltr'>seribere</span> <span class='ocrx_word' id='word_1_325' title='bbox 1258 4101 1397 4170; x_wconf 88' lang='lat' dir='ltr'>nesciret,</span> 
     </span>
     <span class='ocr_line' id='line_1_42' title="bbox 209 4188 1398 4263; baseline 0.003 -19"><span class='ocrx_word' id='word_1_326' title='bbox 209 4193 308 4261; x_wconf 88' lang='lat' dir='ltr'>prout</span> <span class='ocrx_word' id='word_1_327' title='bbox 329 4188 472 4256; x_wconf 90' lang='lat' dir='ltr'>asseruit,</span> <span class='ocrx_word' id='word_1_328' title='bbox 485 4188 555 4247; x_wconf 85' lang='lat' dir='ltr'>lecit</span> <span class='ocrx_word' id='word_1_329' title='bbox 570 4189 691 4262; x_wconf 88' lang='lat' dir='ltr'>signum</span> <span class='ocrx_word' id='word_1_330' title='bbox 709 4191 818 4247; x_wconf 90' lang='lat' dir='ltr'>crucis.</span> <span class='ocrx_word' id='word_1_331' title='bbox 836 4191 951 4263; x_wconf 77' lang='lat' dir='ltr'>(Craris</span> <span class='ocrx_word' id='word_1_332' title='bbox 965 4191 1084 4263; x_wconf 77' lang='lat' dir='ltr'>ciperem</span> <span class='ocrx_word' id='word_1_333' title='bbox 1099 4189 1214 4248; x_wconf 77' lang='lat' dir='ltr'>commo</span> <span class='ocrx_word' id='word_1_334' title='bbox 1228 4189 1398 4261; x_wconf 75' lang='lat' dir='ltr'>[emendetur</span> 
     </span>
     <span class='ocr_line' id='line_1_43' title="bbox 218 4274 441 4350; baseline 0.004 -16"><span class='ocrx_word' id='word_1_335' title='bbox 218 4274 256 4334; x_wconf 83' lang='lat' dir='ltr'>ab</span> <span class='ocrx_word' id='word_1_336' title='bbox 270 4291 306 4335; x_wconf 86' lang='lat' dir='ltr'>ee</span> <span class='ocrx_word' id='word_1_337' title='bbox 321 4279 441 4350; x_wconf 77' lang='lat' dir='ltr'>culpet.)</span> 
     </span>
    </p>

    <p class='ocr_par' dir='ltr' id='par_1_15' title="bbox 219 4367 1398 4531">
     <span class='ocr_line' id='line_1_44' title="bbox 255 4367 1398 4443; baseline 0.003 -20"><span class='ocrx_word' id='word_1_338' title='bbox 255 4369 419 4438; x_wconf 87' lang='lat' dir='ltr'>Postquam</span> <span class='ocrx_word' id='word_1_339' title='bbox 438 4367 621 4427; x_wconf 87' lang='lat' dir='ltr'>denuntians</span> <span class='ocrx_word' id='word_1_340' title='bbox 645 4384 678 4427; x_wconf 88' lang='lat' dir='ltr'>se</span> <span class='ocrx_word' id='word_1_341' title='bbox 701 4367 925 4440; x_wconf 90' lang='lat' dir='ltr'>subscripserit,</span> <span class='ocrx_word' id='word_1_342' title='bbox 949 4377 1000 4426; x_wconf 88' lang='lat' dir='ltr'>aut</span> <span class='ocrx_word' id='word_1_343' title='bbox 1023 4369 1122 4426; x_wconf 89' lang='lat' dir='ltr'>crucis</span> <span class='ocrx_word' id='word_1_344' title='bbox 1145 4369 1268 4443; x_wconf 89' lang='lat' dir='ltr'>signum</span> <span class='ocrx_word' id='word_1_345' title='bbox 1284 4369 1398 4435; x_wconf 86' lang='lat' dir='ltr'>fecerit,</span> 
     </span>
     <span class='ocr_line' id='line_1_45' title="bbox 219 4455 797 4531; baseline 0.005 -18"><span class='ocrx_word' id='word_1_346' title='bbox 219 4455 392 4516; x_wconf 89' lang='lat' dir='ltr'>subscribet</span> <span class='ocrx_word' id='word_1_347' title='bbox 405 4472 438 4516; x_wconf 89' lang='lat' dir='ltr'>se</span> <span class='ocrx_word' id='word_1_348' title='bbox 449 4458 605 4531; x_wconf 88' lang='lat' dir='ltr'>delegatus</span> <span class='ocrx_word' id='word_1_349' title='bbox 616 4459 673 4517; x_wconf 91' lang='lat' dir='ltr'>boc</span> <span class='ocrx_word' id='word_1_350' title='bbox 689 4458 777 4517; x_wconf 91' lang='lat' dir='ltr'>modo</span> <span class='ocrx_word' id='word_1_351' title='bbox 790 4477 797 4516; x_wconf 77' lang='grc' dir='ltr'><strong><em>ε</em></strong></span> 
     </span>
    </p>

    <p class='ocr_par' dir='ltr' id='par_1_16' title="bbox 221 4547 1401 4712">
     <span class='ocr_line' id='line_1_46' title="bbox 253 4547 1401 4622; baseline 0.003 -18"><span class='ocrx_word' id='word_1_352' title='bbox 253 4549 326 4604; x_wconf 80' lang='lat' dir='ltr'>Acta</span> <span class='ocrx_word' id='word_1_353' title='bbox 341 4553 412 4605; x_wconf 91' lang='lat' dir='ltr'>sunt</span> <span class='ocrx_word' id='word_1_354' title='bbox 427 4548 491 4606; x_wconf 81' lang='lat' dir='ltr'>brec</span> <span class='ocrx_word' id='word_1_355' title='bbox 503 4561 554 4620; x_wconf 92' lang='lat' dir='ltr'>per</span> <span class='ocrx_word' id='word_1_356' title='bbox 569 4561 616 4604; x_wconf 82' lang='lat' dir='ltr'>nne</span> <span class='ocrx_word' id='word_1_357' title='bbox 629 4551 661 4606; x_wconf 93' lang='grc' dir='ltr'>Ν.</span> <span class='ocrx_word' id='word_1_358' title='bbox 678 4551 710 4605; x_wconf 96' lang='grc' dir='ltr'>Ν.</span> <span class='ocrx_word' id='word_1_359' title='bbox 727 4548 764 4606; x_wconf 88' lang='lat' dir='ltr'>ab</span> <span class='ocrx_word' id='word_1_360' title='bbox 777 4547 862 4606; x_wconf 92' lang='lat' dir='ltr'>lllmo</span> <span class='ocrx_word' id='word_1_361' title='bbox 876 4556 905 4606; x_wconf 88' lang='lat' dir='ltr'>et</span> <span class='ocrx_word' id='word_1_362' title='bbox 920 4551 994 4606; x_wconf 93' lang='lat' dir='ltr'>Rmo</span> <span class='ocrx_word' id='word_1_363' title='bbox 1006 4549 1141 4608; x_wconf 91' lang='lat' dir='ltr'>antistite</span> <span class='ocrx_word' id='word_1_364' title='bbox 1156 4552 1189 4607; x_wconf 90' lang='grc' dir='ltr'>Ν.</span> <span class='ocrx_word' id='word_1_365' title='bbox 1205 4552 1251 4620; x_wconf 87' lang='grc' dir='ltr'>Ν.,</span> <span class='ocrx_word' id='word_1_366' title='bbox 1262 4555 1294 4607; x_wconf 93' lang='lat' dir='ltr'>ut</span> <span class='ocrx_word' id='word_1_367' title='bbox 1308 4563 1401 4622; x_wconf 87' lang='lat' dir='ltr'>supra</span> 
     </span>
     <span class='ocr_line' id='line_1_47' title="bbox 221 4635 586 4712; baseline 0.005 -18"><span class='ocrx_word' id='word_1_368' title='bbox 221 4635 391 4709; x_wconf 86' lang='lat' dir='ltr'>specialiter</span> <span class='ocrx_word' id='word_1_369' title='bbox 404 4637 586 4712; x_wconf 86' lang='lat' dir='ltr'>delegatum.</span> 
     </span>
    </p>
   </div>
   <div class='ocr_carea' id='block_1_4' title="bbox 0 0 1715 5582">
    <p class='ocr_par' dir='ltr' id='par_1_17' title="bbox 0 0 1715 5582">
     <span class='ocr_line' id='line_1_48' title="bbox 0 0 1715 5582; baseline 0 0"><span class='ocrx_word' id='word_1_370' title='bbox 0 0 1715 5582; x_wconf 95' lang='lat' dir='ltr'> </span> 
     </span>
    </p>
   </div>
  </div>
 </body>
</html>
