3508 5568
540 622 788 678 niernuusnrus
811 623 1030 672 nrcnrrsmuu.
1336 609 1371 674 91

191 743 362 827 ‘Opposita
377 743 557 821 sententia,
575 742 700 808 docens
713 763 777 810 nec
791 745 1015 828 impuberem,
1034 762 1097 809 nec
1111 750 1206 810 metu
1220 750 1376 812 coactum

202 851 342 933 obligari
358 852 401 916 ad
412 851 670 929 continentiam,
686 871 756 918 non
769 853 906 921 videtur
919 853 1162 936 improbabilis.
1177 853 1211 918 Si
1226 874 1308 920 vero
1324 873 1377 920 or-

202 959 330 1024 dinatio
344 961 432 1026 facta
448 963 500 1024 est
513 959 659 1042 pervim
679 959 881 1035 absolutam,
902 979 973 1026 non
995 961 1096 1038 valet,
1119 965 1153 1026 et
1170 979 1308 1047 conseq.
1334 981 1377 1028 ex

202 1067 260 1135 illa
274 1087 344 1132 uon
363 1069 470 1133 oritur
485 1068 646 1150 obligatio
662 1070 881 1135 continentiae
896 1070 937 1151 (c.
954 1071 983 1146 3,
1001 1070 1043 1134 de
1058 1071 1254 1154 Baptismo).

242 1176 340 1260 Resp.
357 1176 387 1240 1.
402 1176 563 1253 Quamvis
575 1178 781 1260 conjugatus
795 1177 998 1258 regulariter
1011 1196 1076 1242 nec
1090 1179 1133 1243 ad
1142 1178 1288 1262 primam
1303 1183 1379 1244 ton-

202 1302 317 1349 suram
336 1284 380 1348 sit
393 1284 624 1350 admittendus
636 1284 675 1367 (c.
693 1285 754 1349 1111.
768 1286 808 1350 de
825 1285 975 1369 Tempor.
993 1286 1079 1367 ord,
1097 1287 1132 1350 in
1147 1287 1202 1369 6⁰),
1220 1287 1247 1350 si
1264 1291 1378 1352 tamen

207 1395 310 1458 sacris
331 1393 506 1458 ordinibus
525 1395 694 1472 initietur,
718 1412 824 1460 uxore
846 1395 952 1460 inscia
985 1395 1042 1460 vel
1064 1395 1187 1472 invita,
1211 1395 1378 1461 ordinatio

204 1501 342 1586 quidem
361 1502 466 1578 valen
489 1502 549 1567 sed
564 1502 631 1586 ille,
651 1504 693 1568 ab
719 1522 827 1569 uxore
850 1508 1044 1580 revocatus,
1070 1509 1207 1569 tenetur
1228 1505 1380 1568 debiturn

201 1609 362 1685 reddere;
390 1628 460 1674 non
490 1615 605 1675 tamen
629 1615 746 1694 petere
775 1615 899 1695 potest,
925 1612 1082 1676 obstante
1107 1617 1187 1676 voto
1215 1611 1379 1676 castitatis

203 1719 284 1799 (arg.
307 1735 378 1801 cap.
400 1719 431 1794 3,
450 1717 491 1782 de
516 1718 670 1784 Convers.
693 1720 891 1803 conjacet),
914 1719 980 1783 nisi
999 1719 1191 1801 legitimum
1212 1724 1247 1784 et
1264 1737 1380 1804 perpe-

203 1828 301 1888 tuum
323 1823 412 1890 inter
438 1842 497 1890 eos
520 1825 704 1890 divortium
726 1827 854 1891 factum
879 1826 1023 1890 fnisset:
1046 1845 1114 1910 quo
1135 1845 1217 1892 casu
1238 1828 1380 1892 maritus

202 1933 367 1999 innocens
382 1935 486 1998 sacris
500 1934 624 2000 initiari
635 1939 758 2019 potest.
774 1935 875 2010 Uxor,
894 1953 961 2018 qua
974 1935 1221 2011 consentiente,
1238 1931 1380 2000 maritus

84 2125 85 2128 Ἴ
204 2059 317 2107 sacros
332 2042 470 2107 ordines
493 2041 653 2126 suscepit,
671 2047 807 2106 tenetur
830 2043 986 2108 emittere
1007 2049 1128 2108 votum
1146 2043 1378 2120 continentiae,

204 2153 239 2214 et
267 2151 295 2212 si
321 2152 479 2233 suspecta
501 2154 555 2213 est
580 2149 620 2214 de
645 2149 901 2226 incontinentia,
930 2149 1132 2231 religionem
1153 2151 1317 2236 profiteri,
1343 2155 1381 2214 ut

204 2257 273 2321 dixi
297 2257 347 2320 tit.
373 2258 415 2321 de
439 2257 594 2322 Conuers.
618 2258 752 2342 eonjuq.
777 2257 908 2322 Mortuo
930 2258 1055 2322 marito
1072 2257 1197 2323 clerico
1220 2258 1256 2322 in
1277 2258 1381 2322 sacris

204 2366 405 2441 constituto,
436 2382 524 2428 uxor
550 2368 724 2448 superstes
753 2365 939 2448 impeditur
962 2385 982 2430 a
1006 2365 1240 2430 contrahendo
1268 2367 1382 2430 matri-

204 2473 331 2547 monio,
353 2474 396 2538 ob
416 2473 645 2538 reverentiam
665 2490 750 2536 sacr.
771 2472 930 2538 ordinum
950 2474 1035 2554 (can.
1053 2473 1092 2537 111
1113 2477 1148 2538 et
1168 2492 1251 2557 seq.,
1276 2473 1307 2538 d.
1328 2475 1379 2548 28,

195 2569 279 2646 ‘can
308 2580 357 2656 11,
385 2579 416 2643 d.
442 2579 504 2662 31].
527 2581 561 2644 si
585 2584 702 2646 tamen
727 2597 917 2646 consensus
944 2580 1035 2645 illius
1063 2583 1099 2647 in
1132 2581 1382 2647 ordinationem

205 2689 318 2754 mariti
332 2690 377 2767 vi,
394 2689 484 2766 dolo,
508 2695 567 2754 aut
582 2695 676 2755 metu
693 2691 788 2772 gravi
809 2695 963 2756 extortus
991 2696 1053 2768 est,
1079 2710 1149 2756 non
1172 2691 1299 2774 ligatur
1317 2692 1382 2756 hoc

206 2799 467 2882 impedimento,
482 2817 526 2863 ne
542 2799 664 2866 delicto
679 2799 791 2866 alieno
805 2804 1050 2883 praegravetur.

222 2987 253 3038 ll.
267 2985 309 3037 An
321 2983 458 3048 professio
469 2937 602 3050 religiosa
615 2984 750 3118 solemntis
764 2983 880 3128 dlrpmat
893 2985 1110 3038 matrimonium
1128 2984 1365 3051 contrahendum,

341 3073 342 3076 ’
700 3077 715 3118 e
741 3076 797 3130 quo
824 3069 896 3118 ure?

247 3213 346 3298 Resp.
367 3213 410 3278 ad
425 3214 454 3276 1.
478 3213 688 3278 Afssrmative
703 3233 709 3275 :
726 3214 773 3279 ita
787 3214 1008 3279 conformiter
1027 3213 1175 3296 antiquis
1196 3213 1383 3279 canonibus

210 3321 272 3386 sub
289 3321 506 3386 anathemate
528 3320 681 3386 delinivit
695 3321 856 3399 Trident,
873 3339 957 3387 sess.
973 3322 1023 3398 al,
1047 3340 1121 3386 can.
1143 3321 1178 3396 9;
1204 3339 1285 3384 nam
1308 3340 1385 3405 pro·

209 3429 312 3495 fessio
329 3429 488 3512 religiosa
502 3433 555 3494 est
565 3428 737 3512 spirituale
748 3430 924 3494 vinculum
937 3447 1017 3495 cunr
1033 3429 1163 3494 Christo
1179 3433 1214 3494 et
1229 3429 1385 3514 quadam

209 3556 302 3603 mors
321 3537 444 3616 civilis3
466 3555 548 3620 ergo
574 3555 644 3604 non
666 3533 814 3604 admittit
834 3537 1108 3616 matrimonium,
1130 3536 1317 3603 dummodo
1342 3539 1385 3603 sit
1497 3577 1500 3586 ι

183 3679 184 3684 1
210 3646 332 3712 valida.

251 3756 349 3840 Resp.
368 3756 410 3824 ad
424 3747 454 3819 f,
478 3747 645 3821 Profes'sio
665 3755 828 3821 solemnis
844 3754 1004 3837 religiosa
1019 3757 1098 3838 jure
1120 3753 1266 3819 naturali
1288 3757 1323 3820 et
1336 3753 1385 3819 di-

213 3864 294 3930 vino
308 3863 435 3928 dirimit
445 3864 702 3930 matrimonium
714 3862 997 3941 contrahendum,
1014 3868 1049 3928 et
1058 3881 1195 3947 conseq.
1211 3881 1280 3928 non
1288 3880 1384 3928 mero

209 3976 287 4057 jure
315 3973 539 4038 ecclesiastico
563 3973 628 4054 (l):
652 3972 699 4036 itu
719 3976 838 4037 contra
858 3971 1038 4056 plerosque
1067 3970 1133 4035 RR.
1165 3975 1283 4035 tenent
1307 3988 1386 4035 curn

212 4083 244 4147 S.
261 4084 299 4146 1).
319 4083 365 4166 (in
378 4083 409 4161 l,
428 4082 459 4146 d.
480 4083 530 4158 38,
551 4102 581 4167 q.
599 4083 628 4160 1,
645 4099 675 4146 a.
690 4082 720 4157 3,
736 4101 768 4165 q.
784 4081 814 4157 3,
831 4080 866 4144 iu
883 4079 996 4164 Corp.)
1013 4079 1131 4161 magni
1151 4079 1300 4144 nominis
1317 4077 1383 4141 DI).

212 4192 348 4274 allegati
361 4210 382 4256 a
396 4191 554 4280 samber,
570 4191 627 4256 lib.
645 4190 711 4267 Vll,
728 4191 769 4256 de
783 4189 900 4269 Matr,
922 4189 1005 4272 disp.
1023 4189 1074 4267 16,
1089 4207 1123 4252 n.
1139 4187 1170 4265 3,
1192 4187 1249 4251 ubi
1269 4187 1387 4251 ductor

213 4300 276 4365 iste
292 4300 517 4366 solidissimus
531 4300 687 4366 eamdem
704 4298 910 4364 sententiam
928 4303 1033 4374 tenet,
1057 4295 1276 4362 conformiter
1295 4311 1387 4360 sum-

213 4409 340 4474 mario:
356 4409 556 4491 proponitur
570 4407 893 4473 sententiaauctoris
903 4405 947 4488 (n.
958 4406 999 4488 3),
1013 4404 1170 4470 licetnon
1180 4421 1282 4468 nemo
1293 4401 1387 4466 iliam

248 4597 281 4664 (l)
300 4601 337 4650 De
359 4598 466 4664 bugella
488 4599 634 4664 oppositum
656 4599 813 4650 sententium
833 4599 998 4664 propugnat;
1016 4597 1083 4647 ratio
1103 4595 1236 4660 precipua
1256 4592 1387 4658 estquod

216 4679 307 4726 votum
322 4675 422 4728 editum
432 4675 460 4726 iu
475 4675 638 4740 professione
650 4675 773 4739 religiosa
785 4674 811 4725 id
819 4688 875 4725 non
889 4672 978 4736 eflicit,
990 4674 1051 4744 quic
1063 4676 1101 4724 esf
1112 4675 1207 4747 uotum,
1217 4670 1265 4723 sed
1275 4669 1337 4750 putu
1350 4672 1388 4732 esf

217 4749 327 4804 solemne
333 4767 344 4818 ‚·
355 4765 432 4808 secus
447 4751 526 4809 etiam
541 4755 602 4810 vota
613 4749 743 4825 simplicis
756 4749 783 4810 id
795 4751 960 4824 prestarent,
