3482 5560
362 591 424 660 sel
821 611 872 660 rus
894 613 1073 662 carcerem.

399 734 508 788 verum
524 742 591 802 quae
605 727 781 788 auctoritate
798 730 850 788 lici
865 730 901 789 de
915 730 1067 804 conjugiis
1087 729 1207 788 decreta
1226 732 1256 788 et
1270 727 1434 788 constituta
1454 729 1537 796 sunt,

363 837 398 879 ea
421 819 525 878 nuncii
542 817 712 877 divinarum
726 818 828 894 legum
846 819 973 894 apostoli
993 820 1114 893 plenius
1132 824 1163 878 ot
1182 818 1369 878 enucleatius
1387 817 1538 878 memoria

364 912 531 984 litterisque
547 909 751 984 prodiderunt.
761 912 899 970 lamrero
911 911 1058 984 apostolis
1073 910 1227 985 magistris
1247 915 1369 982 accepta
1385 906 1540 966 reserenda

365 1005 437 1058 sunt
451 1014 518 1072 qua
531 999 631 1058 saucii
642 1000 748 1058 Patres
757 1001 864 1070 uestri,
881 1000 1008 1060 comedia
1021 1006 1051 1060 et
1063 999 1246 1060 umumrctr's
1259 997 1399 1058 Eremia
1416 996 1539 1058 traditio

363 1104 481 1164 semper
491 1087 656 1148 muleram
670 1088 718 1162 (t),
734 1089 878 1148 nimirum
892 1089 1042 1150 Christum
1057 1089 1219 1149 Dominum
1234 1088 1273 1148 ad
1294 1085 1475 1148 sacramenti
1494 1085 1539 1144 di-

365 1179 509 1252 guitetem
519 1178 655 1236 erexisse
670 1177 912 1249 matrimonium
929 1178 1081 1251 simulque
1091 1177 1229 1238 cllccisse
1250 1184 1283 1235 ut
1304 1177 1461 1252 conjuges,
1479 1190 1540 1234 cm·

365 1265 433 1325 lesti
448 1268 545 1342 gretia
559 1282 649 1340 quam
665 1269 772 1326 merita
784 1268 851 1341 ejus
864 1273 1045 1342 pepererunt
1064 1267 1142 1340 septi
1154 1281 1190 1326 ec
1210 1268 1329 1336 muniti,
1352 1265 1541 1326 sanctitatem

365 1356 397 1414 in
410 1356 478 1429 ipso
490 1356 632 1432 conjugio
643 1357 890 1430 adipiscerentur,
910 1363 999 1432 atque
1015 1358 1048 1416 in
1058 1371 1104 1426 eo,
1119 1355 1156 1416 ad
1170 1356 1321 1430 exemplar
1335 1356 1455 1431 mystici
1470 1370 1540 1416 con-

366 1445 451 1504 nubii
462 1445 512 1506 sui
523 1462 593 1506 cum
603 1447 739 1507 Ecclesia
751 1449 826 1507 mire
838 1449 1037 1518 conformato,
1047 1451 1076 1506 et
1089 1460 1222 1506 amorem
1233 1448 1285 1520 qui
1294 1452 1341 1506 est
1351 1452 1465 1507 natura
1473 1461 1543 1506 con·

367 1542 531 1596 sentaueus
542 1537 705 1610 perfecisse
719 1538 768 1610 (i),
783 1543 814 1596 et
825 1537 881 1596 riri
896 1553 932 1597 ac
943 1536 1080 1596 mulieris
1101 1535 1289 1595 individuam
1309 1541 1416 1610 suapte
1435 1541 1544 1594 natura

367 1629 541 1688 societatem
555 1628 664 1686 divinae
679 1629 832 1688 charitalis
846 1629 969 1688 vinculo
983 1627 1112 1690 validius
1125 1627 1332 1702 coniunxisse.
1349 1627 1421 1696 Viri,
1430 1624 1542 1686 Paulus

368 1718 467 1791 iuquit
481 1718 518 1778 ad
539 1719 695 1792 Ephesios,
719 1719 835 1794 diligite
855 1723 1208 1790 remurmuremus
1228 1725 1258 1779 et
1279 1716 1418 1778 Christus
1438 1715 1544 1774 diteed

367 1808 532 1896 Ecclesiam
545 1813 574 1867 et
589 1807 721 1882 seipsam
734 1807 861 1869 tradidit
873 1825 931 1884 prq
941 1825 989 1882 ea,
1003 1817 1038 1872 ut
1050 1812 1135 1872 dmm
1158 1809 1396 1882 sanctificaret...
1420 1806 1483 1866 l'iri
1495 1805 1544 1864 de·

370 1897 437 1958 beet
450 1898 574 1974 diligere
585 1912 695 1958 umores
709 1913 781 1958 suas
796 1905 831 1959 at
844 1915 969 1974 corpora
978 1917 1070 1962 sua...
1084 1917 1171 1962 meme
1185 1901 1266 1960 eumn
1279 1911 1412 1973 amquam
1423 1909 1545 1956 camum

369 2003 457 2048 suam
480 1987 546 2048 odio
566 1986 692 2058 balium
712 1988 765 2048 eed
785 1991 884 2050 nutrit
905 1997 935 2052 et
953 1992 1034 2064 fouet
1051 2009 1128 2063 eam,
1147 1992 1226 2051 sicut
1248 1993 1277 2048 et
1296 1987 1436 2048 cbristus
1449 1985 1546 2044 Eccle

369 2077 457 2146 emm,
480 2075 552 2150 quia
574 2075 709 2136 menbra
726 2093 831 2138 sumus
844 2081 978 2154 emporis
997 2084 1074 2154 ejus,
1090 2081 1126 2140 de
1140 2093 1232 2140 carae
1247 2077 1314 2150 ejece
1328 2082 1358 2136 et
1379 2074 1416 2134 de
1429 2073 1545 2132 mribus

370 2167 447 2238 ejus.
462 2167 587 2239 Propter
600 2165 656 2226 boc
668 2167 817 2243 relinquet
830 2168 918 2229 borao
929 2175 1048 2244 patrem
1068 2177 1098 2232 et
1119 2175 1249 2230 matrmn
1271 2181 1370 2234 mmm,
1393 2170 1423 2223 et
1444 2161 1544 2222 adbe-

370 2254 449 2316 rebit
462 2257 553 2316 mom
570 2270 644 2326 erae,
666 2264 696 2317 et
708 2264 799 2318 eruut
816 2258 875 2318 duo
903 2261 936 2318 ic
960 2273 1052 2318 came
1074 2275 1147 2320 aaa.
1167 2259 1397 2318 Sacramentum
1410 2253 1466 2312 boc
1482 2267 1545 2314 ma·

371 2359 464 2418 cuum
481 2350 526 2404 est
543 2362 553 2404 :
578 2360 629 2419 epa
650 2353 753 2406 autem
774 2347 838 2407 duco
857 2349 890 2408 iu
912 2348 1032 2409 Cbristo
1046 2355 1076 2409 et
1091 2351 1125 2408 ia
1140 2347 1273 2408 Ecclesia
1286 2345 1336 2418 (3).
1353 2375 1387 2384 -
1405 2341 1548 2401 Similiter

372 2433 518 2506 apostolis
539 2435 715 2494 auctoribus
736 2435 899 2495 didicimus
923 2436 1081 2506 unitatem,
1108 2441 1342 2510 perpetuamque
1366 2431 1547 2500 firmitatem,

374 2535 442 2593 quea
463 2519 500 2580 eb
521 2521 590 2595 ipse
612 2523 822 2596 requirebatur
832 2526 1006 2596 nuptiarum
1029 2525 1158 2600 origine,
1175 2528 1310 2583 sanctam
1331 2535 1399 2580 esse
1421 2524 1451 2579 et
1465 2519 1548 2578 nullo

375 2616 507 2684 tempore
521 2611 691 2672 violabilem
704 2613 1005 2687 curistumjossisse.
1022 2616 1064 2674 lis
1079 2615 1131 2690 qui
1143 2613 1335 2674 reatrimcnio
1350 2611 1453 2685 juncti
1465 2615 1547 2678 saut,

375 2701 453 2760 idem
470 2702 581 2762 Paulus
595 2703 646 2772 ait,
660 2705 801 2777 precipio
822 2720 884 2764 aaa
906 2721 970 2782 ego,
991 2706 1044 2766 sed
1065 2707 1391 2776 declamemus
1411 2704 1476 2763 vire
1491 2717 1550 2762 nom

374 2789 540 2862 demuma·
554 2791 673 2866 quodsi
690 2783 872 2864 discesserit,
886 2809 1009 2856 mamre
1019 2797 1188 2868 innuptam,
1203 2801 1257 2856 aut
1269 2795 1336 2854 uiro
1350 2809 1404 2854 stae
1418 2792 1549 2852 reconci-

376 2879 448 2938 liari
458 2878 508 2953 (l).
524 2883 559 2938 Et
570 2897 678 2942 rursus
695 2903 702 2940 :
719 2883 827 2944 lluimr
839 2885 967 2960 altipeta
980 2893 1027 2947 est
1046 2887 1115 2960 legi,
1132 2892 1244 2962 macuta
1259 2891 1390 2958 deripere
1413 2883 1461 2942 m'r
1484 2881 1550 2953 ejas

376 2969 469 3041 uiuil,·
487 2970 566 3045 quod
580 2973 610 3030 si
627 2971 785 3032 dormierit
805 2975 854 3034 uir
875 2976 953 3048 ejus,
970 2975 1099 3036 liberata
1111 2981 1157 3036 eei
1174 2976 1222 3048 (li).
1239 2974 1326 3034 llisce
1341 2973 1436 3049 igitur
1448 2972 1550 3031 causis

377 3061 603 3120 matrimonium
617 3063 732 3122 exstitit
742 3072 970 3125 sacramentum
981 3079 1124 3140 maguum
1142 3065 1197 3138 (lt),
1219 3063 1395 3124 bonerabiie
1407 3063 1440 3120 iu
1456 3059 1550 3120 omri

378 3151 489 3224 busli),
505 3150 600 3224 pium,
619 3157 749 3224 castum,
772 3169 872 3214 rerum
894 3155 1109 3214 altissimarum
1129 3154 1261 3229 imagine
1281 3159 1311 3212 et
1331 3151 1550 3227 significatione

378 3239 554 3299 verendum.

414 3334 514 3405 Neque
529 3331 567 3392 iis
582 3331 728 3392 duntaxat
738 3349 806 3408 qum
817 3341 1050 3396 commemorata
1063 3340 1136 3395 sunt
1154 3333 1318 3394 christiana
1330 3333 1396 3406 ejus
1412 3329 1551 3405 perlectio
1648 3333 1653 3346 ·

379 3421 588 3496 absolutioque
603 3423 785 3486 continetur.
800 3430 873 3486 llam
884 3426 1109 3500 primoquidem
1118 3424 1245 3498 nuptiali
1256 3422 1391 3483 societati
1401 3421 1551 3480 excelsius

379 3511 522 3584 quiddam
536 3517 565 3570 et
579 3513 713 3574 nobilius
726 3518 914 3590 propositum
927 3523 982 3587 est,
994 3531 1084 3590 quam
1094 3515 1316 3587 antealuisset;
1331 3529 1367 3572 ce
1381 3511 1461 3571 enirn
1472 3525 1553 3584 spee-
1578 3541 1583 3550 ·

381 3606 443 3660 tere
454 3603 601 3675 jussaesl
614 3620 674 3664 non
691 3607 779 3666 modo
793 3607 831 3665 ad
847 3607 1074 3682 propagandum
1084 3620 1183 3680 genus
1197 3605 1374 3672 humanum,
1388 3602 1441 3662 sed
1459 3601 1496 3661 ad
1509 3601 1553 3659 in·
1649 3665 1652 3670 ,

382 3693 583 3766 generandam
597 3695 738 3754 Ecclesia
752 3696 897 3766 sobolem,
919 3699 997 3758 ciues
1010 3702 1185 3756 sauctorum
1198 3701 1228 3755 et
1241 3694 1415 3754 domesticas
1432 3693 1485 3753 liei
1500 3691 1551 3764 (8);

382 3787 417 3840 ut
435 3783 577 3842 nimirum
589 3785 717 3858 populus
732 3787 773 3845 ad
786 3787 851 3846 ueri
861 3787 915 3846 bei
927 3793 957 3846 et
970 3787 1137 3848 Saloutaria
1153 3785 1252 3845 nostri
1266 3783 1382 3845 curari
1399 3781 1512 3842 αιὶιιιηι
1526 3784 1554 3838 et

383 3870 558 3945 redipicnem
584 3881 798 3946 procrearetur
810 3882 901 3951 atque
922 3875 1102 3936 educaretur
1122 3877 1170 3947 (9).
1199 3905 1234 3916 -
1261 3873 1399 3933 secundo
1413 3871 1480 3931 loco
1499 3885 1555 3931 sua

385 3961 505 4036 utrique
519 3963 683 4040 conjugum
701 3972 775 4024 sont
787 3967 887 4026 officie
896 3967 1029 4044 delinita,¹
1042 3971 1102 4025 'sua
1113 3967 1182 4040 jura
1197 3965 1312 4040 integre
1327 3963 1486 4036 descripte.
1497 3965 1555 4020 Eos

386 4053 501 4112 scilicet
524 4055 609 4128 ipsos
623 4071 748 4116 neeesse
760 4063 807 4116 est
821 4059 866 4118 sic
881 4073 947 4118 essa
961 4059 1063 4117 auimo
1078 4071 1196 4130 semper
1215 4055 1350 4124 allectos,
1374 4058 1408 4112 ut
1424 4065 1555 4111 amorem

386 4143 560 4216 marimum,
575 4153 762 4206 constantem
778 4148 877 4220 tidem,
893 4149 990 4210 solers
1005 4148 1222 4222 assiduumque
1237 4144 1409 4219 presidium
1420 4142 1504 4202 alteri
1516 4141 1558 4199 al·

387 4235 482 4291 terum
496 4233 603 4294 debere
618 4236 797 4312 intelligant.
815 4269 848 4282 -
863 4240 914 4298 Vir
925 4244 971 4299 est
985 4239 1106 4298 familie
1123 4239 1276 4311 princeps,
1298 4241 1329 4294 ct
1348 4238 1439 4308 caput
1452 4231 1557 4292 mulie·

387 4319 447 4390 rim
463 4336 530 4395 qum
545 4329 656 4398 mmen,
670 4328 824 4400 qula-caro
839 4336 886 4390 est
906 4331 943 4390 de
962 4344 1053 4388 carne
1071 4329 1154 4388 illius
1173 4334 1203 4387 et
1219 4343 1255 4386 os
1278 4327 1316 4386 de
1335 4324 1460 4384 ossibus
1480 4323 1556 4397 ejus,

388 4409 566 4484 subjiciatur
580 4423 740 4492 pereatque
755 4418 819 4477 riro
833 4419 865 4478 in
881 4433 994 4478 morem
1010 4433 1070 4476 uon
1086 4417 1212 4488 ancilla,
1228 4415 1281 4476 secl
1295 4415 1405 4485 sociae;
1430 4418 1464 4472 ut
1477 4410 1556 4470 scili·

420 4566 454 4630 (ll
469 4567 549 4628 Trid.‚
564 4583 629 4622 asse.
644 4572 729 4637 lllllv,
744 4574 772 4624 in
783 4588 824 4640 pr.
836 4601 866 4614 —
878 4576 910 4640 (2)
925 4575 1008 4639 Trid,
1022 4588 1087 4626 sees.
1100 4575 1185 4637 xlllV,
1199 4587 1257 4638 cap.
1273 4585 1293 4631 t,
1308 4571 1340 4621 de
1353 4571 1466 4634 itesam.
1480 4569 1556 4618 mab.

387 4663 417 4676 ··
430 4638 465 4700 (3)
476 4639 515 4691 Ad
526 4641 631 4706 Epirus..
644 4655 671 4708 V,
683 4647 713 4696 25
727 4649 753 4696 et
764 4639 819 4710 s'eq.
835 4673 866 4684 -
883 4646 918 4712 (l)
937 4648 948 4697 l
966 4645 1038 4710 Com,
1050 4659 1097 4710 vu,
1115 4649 1153 4710 tu,
1169 4649 1206 4696 ll.
1224 4670 1255 4683 -
1277 4645 1312 4706 (5)
1331 4641 1407 4702 thid..
1426 4653 1453 4702 r,
1472 4641 1511 4690 aa·
1526 4663 1557 4676 -

389 4709 425 4773 til
440 4709 479 4760 ld
493 4709 598 4776 neuen..
613 4725 639 4776 v,
654 4717 731 4768 tu—
745 4719 779 4782 (r)
792 4717 831 4769 aa
843 4717 1012 4785 uene.,.nu‚
1026 4721 1088 4768 t.-
1102 4717 1137 4784 (a)
1154 4717 1193 4768 au
1206 4715 1311 4784 epten..
1327 4725 1359 4776 rt,
1374 4715 1449 4764 ic.-
1462 4713 1496 4778 rr)
1511 4709 1558 4759 ce,

389 4779 458 4832 weh·
472 4781 559 4849 Rom-p
572 4797 630 4853 “Pa
644 4797 705 4841 Vm·
