<?xml version="1.0" encoding="UTF-8"?>
<!DOCTYPE html PUBLIC "-//W3C//DTD XHTML 1.0 Transitional//EN"
    "http://www.w3.org/TR/xhtml1/DTD/xhtml1-transitional.dtd">
<html xmlns="http://www.w3.org/1999/xhtml" xml:lang="en" lang="en">
 <head>
  <title>
</title>
<meta http-equiv="Content-Type" content="text/html;charset=utf-8" />
  <meta name='ocr-system' content='tesseract 3.04.00' />
  <meta name='ocr-capabilities' content='ocr_page ocr_carea ocr_par ocr_line ocrx_word'/>
</head>
<body>
  <div class='ocr_page' id='page_1' title='image "./juscanonicumjux01grangoog/juscanonicumjux01grangoog_0237.png"; bbox 0 0 3482 5560; ppageno 0'>
   <div class='ocr_carea' id='block_1_1' title="bbox 321 615 1335 688">
    <p class='ocr_par' dir='ltr' id='par_1_1' title="bbox 321 615 1335 688">
     <span class='ocr_line' id='line_1_1' title="bbox 321 615 1335 688; baseline -0.004 0"><span class='ocrx_word' id='word_1_1' title='bbox 321 635 405 688; x_wconf 77' lang='lat' dir='ltr'><strong>shuts</strong></span> <span class='ocrx_word' id='word_1_2' title='bbox 426 633 612 688; x_wconf 74' lang='lat' dir='ltr'><strong>crosnourcn</strong></span> <span class='ocrx_word' id='word_1_3' title='bbox 634 633 815 687; x_wconf 72' lang='lat' dir='ltr'><strong>mcuusnrr</strong></span> <span class='ocrx_word' id='word_1_4' title='bbox 837 638 924 686; x_wconf 77' lang='lat' dir='ltr'><strong>crncn</strong></span> <span class='ocrx_word' id='word_1_5' title='bbox 945 636 1166 686; x_wconf 78' lang='lat' dir='ltr'><strong>unrnrrrourou.</strong></span> <span class='ocrx_word' id='word_1_6' title='bbox 1277 615 1335 684; x_wconf 69' lang='lat' dir='ltr'><strong>hil</strong></span> 
     </span>
    </p>
   </div>
   <div class='ocr_carea' id='block_1_2' title="bbox 161 754 1339 1546">
    <p class='ocr_par' dir='ltr' id='par_1_2' title="bbox 161 754 1339 1546">
     <span class='ocr_line' id='line_1_2' title="bbox 165 754 1337 835; baseline -0.004 -16"><span class='ocrx_word' id='word_1_7' title='bbox 165 760 215 833; x_wconf 90' lang='lat' dir='ltr'><strong>sit,</strong></span> <span class='ocrx_word' id='word_1_8' title='bbox 243 761 290 820; x_wconf 84' lang='lat' dir='ltr'><strong>vel</strong></span> <span class='ocrx_word' id='word_1_9' title='bbox 316 760 354 820; x_wconf 90' lang='lat' dir='ltr'><strong>ab</strong></span> <span class='ocrx_word' id='word_1_10' title='bbox 382 760 459 835; x_wconf 91' lang='lat' dir='ltr'><strong>ipsis</strong></span> <span class='ocrx_word' id='word_1_11' title='bbox 486 759 610 832; x_wconf 84' lang='lat' dir='ltr'><strong>sponsis</strong></span> <span class='ocrx_word' id='word_1_12' title='bbox 633 757 763 832; x_wconf 84' lang='lat' dir='ltr'>parocho</span> <span class='ocrx_word' id='word_1_13' title='bbox 789 755 970 828; x_wconf 84' lang='lat' dir='ltr'><strong>notlllcatur,</strong></span> <span class='ocrx_word' id='word_1_14' title='bbox 997 755 1147 830; x_wconf 79' lang='lat' dir='ltr'><strong>parochus</strong></span> <span class='ocrx_word' id='word_1_15' title='bbox 1174 754 1245 814; x_wconf 87' lang='lat' dir='ltr'><strong>huic</strong></span> <span class='ocrx_word' id='word_1_16' title='bbox 1272 769 1337 814; x_wconf 89' lang='lat' dir='ltr'><strong>ma·</strong></span> 
     </span>
     <span class='ocr_line' id='line_1_3' title="bbox 163 843 1337 920; baseline -0.003 -14"><span class='ocrx_word' id='word_1_17' title='bbox 163 849 305 908; x_wconf 76' lang='lat' dir='ltr'><strong>arimonio</strong></span> <span class='ocrx_word' id='word_1_18' title='bbox 324 864 385 908; x_wconf 91' lang='lat' dir='ltr'><strong>non</strong></span> <span class='ocrx_word' id='word_1_19' title='bbox 404 849 548 919; x_wconf 87' lang='lat' dir='ltr'><strong>intererit,</strong></span> <span class='ocrx_word' id='word_1_20' title='bbox 564 847 624 906; x_wconf 90' lang='lat' dir='ltr'><strong>nlsl</strong></span> <span class='ocrx_word' id='word_1_21' title='bbox 648 847 787 918; x_wconf 70' lang='lat' dir='ltr'><strong>seruatis,</strong></span> <span class='ocrx_word' id='word_1_22' title='bbox 805 852 839 906; x_wconf 91' lang='lat' dir='ltr'><strong>ut</strong></span> <span class='ocrx_word' id='word_1_23' title='bbox 859 845 1050 920; x_wconf 78' lang='lat' dir='ltr'><strong>supponitur,</strong></span> <span class='ocrx_word' id='word_1_24' title='bbox 1072 843 1254 917; x_wconf 76' lang='lat' dir='ltr'><strong>ceteroquin</strong></span> <span class='ocrx_word' id='word_1_25' title='bbox 1274 857 1337 902; x_wconf 89' lang='lat' dir='ltr'><strong>ser·</strong></span> 
     </span>
     <span class='ocr_line' id='line_1_4' title="bbox 163 933 1337 1012; baseline -0.003 -17"><span class='ocrx_word' id='word_1_26' title='bbox 163 939 280 1003; x_wconf 78' lang='lat' dir='ltr'><strong>randis,</strong></span> <span class='ocrx_word' id='word_1_27' title='bbox 304 953 374 1012; x_wconf 89' lang='lat' dir='ltr'><strong>pars</strong></span> <span class='ocrx_word' id='word_1_28' title='bbox 387 937 532 998; x_wconf 86' lang='lat' dir='ltr'><strong>catholica</strong></span> <span class='ocrx_word' id='word_1_29' title='bbox 547 936 617 996; x_wconf 86' lang='lat' dir='ltr'><strong>lacti</strong></span> <span class='ocrx_word' id='word_1_30' title='bbox 634 937 795 1010; x_wconf 73' lang='lat' dir='ltr'><strong>penitens,</strong></span> <span class='ocrx_word' id='word_1_31' title='bbox 812 936 933 1010; x_wconf 85' lang='lat' dir='ltr'><strong>praeviis</strong></span> <span class='ocrx_word' id='word_1_32' title='bbox 949 935 1134 996; x_wconf 84' lang='lat' dir='ltr'><strong>salutaribus</strong></span> <span class='ocrx_word' id='word_1_33' title='bbox 1154 933 1337 1008; x_wconf 80' lang='lat' dir='ltr'><strong>ponitentiis</strong></span> 
     </span>
     <span class='ocr_line' id='line_1_5' title="bbox 161 1025 1338 1099; baseline -0.003 -14"><span class='ocrx_word' id='word_1_34' title='bbox 161 1027 381 1087; x_wconf 84' lang='lat' dir='ltr'><strong>ahsolutionem</strong></span> <span class='ocrx_word' id='word_1_35' title='bbox 396 1028 590 1087; x_wconf 88' lang='lat' dir='ltr'><strong>acontraotis</strong></span> <span class='ocrx_word' id='word_1_36' title='bbox 605 1027 744 1086; x_wconf 91' lang='lat' dir='ltr'><strong>censuris</strong></span> <span class='ocrx_word' id='word_1_37' title='bbox 765 1027 821 1086; x_wconf 87' lang='lat' dir='ltr'><strong>rite</strong></span> <span class='ocrx_word' id='word_1_38' title='bbox 843 1025 929 1099; x_wconf 90' lang='lat' dir='ltr'><strong>prius</strong></span> <span class='ocrx_word' id='word_1_39' title='bbox 944 1025 1117 1085; x_wconf 75' lang='lat' dir='ltr'><strong>obtinuerit.</strong></span> <span class='ocrx_word' id='word_1_40' title='bbox 1141 1025 1230 1084; x_wconf 88' lang='lat' dir='ltr'><strong>Sacra</strong></span> <span class='ocrx_word' id='word_1_41' title='bbox 1244 1025 1338 1099; x_wconf 80' lang='lat' dir='ltr'><strong>igitur</strong></span> 
     </span>
     <span class='ocr_line' id='line_1_6' title="bbox 163 1114 1338 1192; baseline -0.003 -17"><span class='ocrx_word' id='word_1_42' title='bbox 163 1117 361 1192; x_wconf 75' lang='lat' dir='ltr'><strong>Congregatio</strong></span> <span class='ocrx_word' id='word_1_43' title='bbox 378 1118 542 1192; x_wconf 80' lang='lat' dir='ltr'><strong>plurimum</strong></span> <span class='ocrx_word' id='word_1_44' title='bbox 561 1115 733 1176; x_wconf 76' lang='lat' dir='ltr'><strong>innomine</strong></span> <span class='ocrx_word' id='word_1_45' title='bbox 748 1115 873 1175; x_wconf 89' lang='lat' dir='ltr'><strong>conlidit</strong></span> <span class='ocrx_word' id='word_1_46' title='bbox 887 1121 926 1187; x_wconf 91' lang='lat' dir='ltr'><strong>te,</strong></span> <span class='ocrx_word' id='word_1_47' title='bbox 942 1114 1110 1189; x_wconf 75' lang='lat' dir='ltr'><strong>promissis</strong></span> <span class='ocrx_word' id='word_1_48' title='bbox 1124 1115 1286 1188; x_wconf 77' lang='lat' dir='ltr'><strong>prudentor</strong></span> <span class='ocrx_word' id='word_1_49' title='bbox 1302 1127 1338 1173; x_wconf 89' lang='lat' dir='ltr'><strong>ac</strong></span> 
     </span>
     <span class='ocr_line' id='line_1_7' title="bbox 164 1204 1337 1279; baseline -0.001 -16"><span class='ocrx_word' id='word_1_50' title='bbox 164 1205 287 1264; x_wconf 87' lang='lat' dir='ltr'><strong>tirmiter</strong></span> <span class='ocrx_word' id='word_1_51' title='bbox 297 1206 501 1279; x_wconf 76' lang='lat' dir='ltr'><strong>inhaerentem,</strong></span> <span class='ocrx_word' id='word_1_52' title='bbox 517 1205 692 1266; x_wconf 81' lang='lat' dir='ltr'><strong>effecturum</strong></span> <span class='ocrx_word' id='word_1_53' title='bbox 703 1210 737 1264; x_wconf 93' lang='lat' dir='ltr'><strong>ut</strong></span> <span class='ocrx_word' id='word_1_54' title='bbox 752 1204 933 1264; x_wconf 83' lang='lat' dir='ltr'><strong>inviolabilis</strong></span> <span class='ocrx_word' id='word_1_55' title='bbox 944 1205 1088 1265; x_wconf 82' lang='lat' dir='ltr'><strong>doctrine</strong></span> <span class='ocrx_word' id='word_1_56' title='bbox 1098 1210 1213 1264; x_wconf 86' lang='lat' dir='ltr'><strong>sartum</strong></span> <span class='ocrx_word' id='word_1_57' title='bbox 1226 1209 1337 1264; x_wconf 89' lang='lat' dir='ltr'><strong>tectum</strong></span> 
     </span>
     <span class='ocr_line' id='line_1_8' title="bbox 163 1291 1338 1369; baseline -0.001 -17"><span class='ocrx_word' id='word_1_58' title='bbox 163 1299 297 1354; x_wconf 84' lang='lat' dir='ltr'><strong>servetur</strong></span> <span class='ocrx_word' id='word_1_59' title='bbox 311 1295 492 1369; x_wconf 89' lang='lat' dir='ltr'><strong>depositum,</strong></span> <span class='ocrx_word' id='word_1_60' title='bbox 507 1293 723 1355; x_wconf 87' lang='lat' dir='ltr'><strong>catholicorum</strong></span> <span class='ocrx_word' id='word_1_61' title='bbox 736 1307 836 1352; x_wconf 89' lang='lat' dir='ltr'><strong>mores</strong></span> <span class='ocrx_word' id='word_1_62' title='bbox 851 1292 920 1352; x_wconf 89' lang='lat' dir='ltr'><strong>tidei</strong></span> <span class='ocrx_word' id='word_1_63' title='bbox 933 1293 1145 1365; x_wconf 85' lang='lat' dir='ltr'><strong>respondeant,</strong></span> <span class='ocrx_word' id='word_1_64' title='bbox 1162 1291 1272 1352; x_wconf 86' lang='lat' dir='ltr'><strong>damna</strong></span> <span class='ocrx_word' id='word_1_65' title='bbox 1284 1307 1338 1365; x_wconf 91' lang='lat' dir='ltr'><strong>ap·</strong></span> 
     </span>
     <span class='ocr_line' id='line_1_9' title="bbox 162 1377 1339 1455; baseline -0.001 -16"><span class='ocrx_word' id='word_1_66' title='bbox 162 1381 310 1455; x_wconf 89' lang='lat' dir='ltr'><strong>prehensa</strong></span> <span class='ocrx_word' id='word_1_67' title='bbox 327 1388 496 1455; x_wconf 75' lang='lat' dir='ltr'><strong>arceantur,</strong></span> <span class='ocrx_word' id='word_1_68' title='bbox 515 1389 545 1442; x_wconf 87' lang='lat' dir='ltr'><strong>et</strong></span> <span class='ocrx_word' id='word_1_69' title='bbox 565 1381 668 1442; x_wconf 89' lang='lat' dir='ltr'><strong>lideles</strong></span> <span class='ocrx_word' id='word_1_70' title='bbox 690 1377 828 1441; x_wconf 90' lang='lat' dir='ltr'><strong>doctrina</strong></span> <span class='ocrx_word' id='word_1_71' title='bbox 842 1386 873 1440; x_wconf 90' lang='lat' dir='ltr'><strong>et</strong></span> <span class='ocrx_word' id='word_1_72' title='bbox 889 1381 1026 1454; x_wconf 83' lang='lat' dir='ltr'><strong>exemplo</strong></span> <span class='ocrx_word' id='word_1_73' title='bbox 1041 1380 1182 1452; x_wconf 84' lang='lat' dir='ltr'><strong>roborati,</strong></span> <span class='ocrx_word' id='word_1_74' title='bbox 1197 1381 1339 1442; x_wconf 89' lang='lat' dir='ltr'><strong>incedant</strong></span> 
     </span>
     <span class='ocr_line' id='line_1_10' title="bbox 162 1472 504 1546; baseline 0.006 -16"><span class='ocrx_word' id='word_1_75' title='bbox 162 1485 214 1544; x_wconf 89' lang='lat' dir='ltr'><strong>per</strong></span> <span class='ocrx_word' id='word_1_76' title='bbox 231 1472 355 1532; x_wconf 81' lang='lat' dir='ltr'><strong>semitas</strong></span> <span class='ocrx_word' id='word_1_77' title='bbox 367 1472 504 1546; x_wconf 83' lang='lat' dir='ltr'><strong>justitie.</strong></span> 
     </span>
    </p>
   </div>
   <div class='ocr_carea' id='block_1_3' title="bbox 159 1653 1338 1790">
    <p class='ocr_par' dir='ltr' id='par_1_3' title="bbox 159 1653 1338 1790">
     <span class='ocr_line' id='line_1_11' title="bbox 159 1653 1338 1721; baseline 0 -13"><span class='ocrx_word' id='word_1_78' title='bbox 159 1655 203 1708; x_wconf 87' lang='lat'><strong>111.</strong></span> <span class='ocrx_word' id='word_1_79' title='bbox 224 1653 405 1710; x_wconf 63' lang='lat' dir='ltr'><strong>”metum</strong></span> <span class='ocrx_word' id='word_1_80' title='bbox 425 1655 459 1707; x_wconf 77' lang='grc' dir='ltr'><strong>Β.</strong></span> <span class='ocrx_word' id='word_1_81' title='bbox 479 1654 590 1710; x_wconf 78' lang='lat' dir='ltr'><strong>ornati</strong></span> <span class='ocrx_word' id='word_1_82' title='bbox 616 1655 657 1710; x_wconf 79' lang='lat' dir='ltr'><strong>de</strong></span> <span class='ocrx_word' id='word_1_83' title='bbox 683 1655 857 1710; x_wconf 75' lang='lat' dir='ltr'><strong>Benedicti</strong></span> <span class='ocrx_word' id='word_1_84' title='bbox 876 1655 954 1708; x_wconf 76' lang='lat' dir='ltr'><strong>nv</strong></span> <span class='ocrx_word' id='word_1_85' title='bbox 984 1653 1210 1708; x_wconf 70' lang='lat' dir='ltr'><strong>decusatim</strong></span> <span class='ocrx_word' id='word_1_86' title='bbox 1234 1667 1338 1721; x_wconf 75' lang='lat' dir='ltr'><strong>super</strong></span> 
     </span>
     <span class='ocr_line' id='line_1_12' title="bbox 294 1735 1205 1790; baseline 0 -2"><span class='ocrx_word' id='word_1_87' title='bbox 294 1737 519 1790; x_wconf 57' lang='lat' dir='ltr'><strong>mammonin</strong></span> <span class='ocrx_word' id='word_1_88' title='bbox 531 1737 768 1790; x_wconf 61' lang='lat' dir='ltr'><strong>memorum</strong></span> <span class='ocrx_word' id='word_1_89' title='bbox 782 1737 817 1790; x_wconf 79' lang='lat' dir='ltr'><strong>at</strong></span> <span class='ocrx_word' id='word_1_90' title='bbox 832 1735 950 1790; x_wconf 63' lang='lat' dir='ltr'><strong>minis</strong></span> <span class='ocrx_word' id='word_1_91' title='bbox 961 1735 999 1788; x_wconf 77' lang='lat' dir='ltr'><strong>ln</strong></span> <span class='ocrx_word' id='word_1_92' title='bbox 1013 1735 1205 1790; x_wconf 71' lang='lat' dir='ltr'><strong>nonnula.</strong></span> 
     </span>
    </p>
   </div>
   <div class='ocr_carea' id='block_1_4' title="bbox 161 1883 1340 3464">
    <p class='ocr_par' dir='ltr' id='par_1_4' title="bbox 161 1883 1340 3464">
     <span class='ocr_line' id='line_1_13' title="bbox 197 1883 1336 1959; baseline -0.001 -15"><span class='ocrx_word' id='word_1_93' title='bbox 197 1885 365 1959; x_wconf 82' lang='lat' dir='ltr'><strong>Episcopus</strong></span> <span class='ocrx_word' id='word_1_94' title='bbox 379 1885 582 1946; x_wconf 86' lang='lat' dir='ltr'><strong>llarlemcnsis</strong></span> <span class='ocrx_word' id='word_1_95' title='bbox 598 1886 629 1944; x_wconf 91' lang='lat' dir='ltr'><strong>in</strong></span> <span class='ocrx_word' id='word_1_96' title='bbox 644 1885 751 1946; x_wconf 89' lang='lat' dir='ltr'><strong>litteris</strong></span> <span class='ocrx_word' id='word_1_97' title='bbox 769 1898 845 1958; x_wconf 82' lang='lat' dir='ltr'><strong>ques</strong></span> <span class='ocrx_word' id='word_1_98' title='bbox 862 1886 899 1944; x_wconf 91' lang='lat' dir='ltr'><strong>ad</strong></span> <span class='ocrx_word' id='word_1_99' title='bbox 921 1885 1034 1956; x_wconf 80' lang='lat' dir='ltr'><strong>clarum</strong></span> <span class='ocrx_word' id='word_1_100' title='bbox 1049 1883 1131 1944; x_wconf 88' lang='lat' dir='ltr'><strong>dedit</strong></span> <span class='ocrx_word' id='word_1_101' title='bbox 1145 1883 1193 1942; x_wconf 88' lang='lat' dir='ltr'><strong>die</strong></span> <span class='ocrx_word' id='word_1_102' title='bbox 1207 1888 1237 1942; x_wconf 76' lang='lat' dir='ltr'><strong>dl</strong></span> <span class='ocrx_word' id='word_1_103' title='bbox 1255 1889 1336 1944; x_wconf 89' lang='lat' dir='ltr'><strong>octo·</strong></span> 
     </span>
     <span class='ocr_line' id='line_1_14' title="bbox 163 1973 1337 2050; baseline -0.001 -17"><span class='ocrx_word' id='word_1_104' title='bbox 163 1974 226 2034; x_wconf 91' lang='lat' dir='ltr'><strong>bris</strong></span> <span class='ocrx_word' id='word_1_105' title='bbox 240 1977 306 2033; x_wconf 79' lang='lat'>1859</span> <span class='ocrx_word' id='word_1_106' title='bbox 315 1975 414 2046; x_wconf 82' lang='lat' dir='ltr'><strong>refert,</strong></span> <span class='ocrx_word' id='word_1_107' title='bbox 430 1980 464 2034; x_wconf 91' lang='lat' dir='ltr'><strong>ut</strong></span> <span class='ocrx_word' id='word_1_108' title='bbox 477 1975 626 2049; x_wconf 87' lang='lat' dir='ltr'><strong>sequitur,</strong></span> <span class='ocrx_word' id='word_1_109' title='bbox 639 1989 671 2034; x_wconf 88' lang='lat' dir='ltr'><strong>se</strong></span> <span class='ocrx_word' id='word_1_110' title='bbox 683 1974 861 2050; x_wconf 74' lang='lat' dir='ltr'><strong>apostolicae</strong></span> <span class='ocrx_word' id='word_1_111' title='bbox 876 1974 950 2034; x_wconf 89' lang='lat' dir='ltr'><strong>Sede</strong></span> <span class='ocrx_word' id='word_1_112' title='bbox 965 1973 1161 2048; x_wconf 89' lang='lat' dir='ltr'><strong>proposuisse</strong></span> <span class='ocrx_word' id='word_1_113' title='bbox 1175 1973 1337 2050; x_wconf 83' lang='lat' dir='ltr'><strong>nonnullas</strong></span> 
     </span>
     <span class='ocr_line' id='line_1_15' title="bbox 163 2064 1338 2141; baseline -0.002 -17"><span class='ocrx_word' id='word_1_114' title='bbox 163 2065 348 2139; x_wconf 70' lang='lat' dir='ltr'><strong>questiones</strong></span> <span class='ocrx_word' id='word_1_115' title='bbox 374 2064 410 2124; x_wconf 93' lang='lat' dir='ltr'><strong>de</strong></span> <span class='ocrx_word' id='word_1_116' title='bbox 433 2065 632 2141; x_wconf 76' lang='lat' dir='ltr'><strong>intelligentia</strong></span> <span class='ocrx_word' id='word_1_117' title='bbox 654 2065 865 2125; x_wconf 85' lang='lat' dir='ltr'><strong>declarationis</strong></span> <span class='ocrx_word' id='word_1_118' title='bbox 889 2064 1101 2135; x_wconf 87' lang='lat' dir='ltr'><strong>Benedictinae,</strong></span> <span class='ocrx_word' id='word_1_119' title='bbox 1124 2070 1154 2122; x_wconf 90' lang='lat' dir='ltr'><strong>et</strong></span> <span class='ocrx_word' id='word_1_120' title='bbox 1174 2065 1338 2136; x_wconf 84' lang='lat' dir='ltr'><strong>expetitum</strong></span> 
     </span>
     <span class='ocr_line' id='line_1_16' title="bbox 162 2153 1339 2234; baseline -0.002 -21"><span class='ocrx_word' id='word_1_121' title='bbox 162 2155 316 2228; x_wconf 88' lang='lat' dir='ltr'><strong>accepisse</strong></span> <span class='ocrx_word' id='word_1_122' title='bbox 331 2168 513 2229; x_wconf 87' lang='lat' dir='ltr'><strong>responsum</strong></span> <span class='ocrx_word' id='word_1_123' title='bbox 534 2174 540 2212; x_wconf 94' lang='lat'><strong>:</strong></span> <span class='ocrx_word' id='word_1_124' title='bbox 558 2177 573 2208; x_wconf 90' lang='lat'>«</span> <span class='ocrx_word' id='word_1_125' title='bbox 589 2155 722 2214; x_wconf 85' lang='lat' dir='ltr'><strong>Primum</strong></span> <span class='ocrx_word' id='word_1_126' title='bbox 735 2155 872 2226; x_wconf 90' lang='lat' dir='ltr'><strong>dublum,</strong></span> <span class='ocrx_word' id='word_1_127' title='bbox 885 2155 1027 2226; x_wconf 73' lang='lat' dir='ltr'><strong>altelred</strong></span> <span class='ocrx_word' id='word_1_128' title='bbox 1040 2153 1232 2214; x_wconf 89' lang='lat' dir='ltr'><strong>matrimonia</strong></span> <span class='ocrx_word' id='word_1_129' title='bbox 1242 2153 1339 2234; x_wconf 81' lang='lat' dir='ltr'><strong>mixta</strong></span> 
     </span>
     <span class='ocr_line' id='line_1_17' title="bbox 161 2241 1339 2319; baseline 0.001 -20"><span class='ocrx_word' id='word_1_130' title='bbox 161 2242 335 2302; x_wconf 82' lang='lat' dir='ltr'><strong>volvebatur</strong></span> <span class='ocrx_word' id='word_1_131' title='bbox 352 2261 359 2301; x_wconf 75' lang='grc' dir='ltr'>ε</span> <span class='ocrx_word' id='word_1_132' title='bbox 380 2243 523 2302; x_wconf 88' lang='lat' dir='ltr'><strong>nimirum</strong></span> <span class='ocrx_word' id='word_1_133' title='bbox 539 2259 577 2302; x_wconf 90' lang='lat' dir='ltr'><strong>an</strong></span> <span class='ocrx_word' id='word_1_134' title='bbox 589 2259 643 2316; x_wconf 88' lang='lat' dir='ltr'><strong>pro</strong></span> <span class='ocrx_word' id='word_1_135' title='bbox 659 2241 858 2319; x_wconf 76' lang='lat' dir='ltr'><strong>intelligentia</strong></span> <span class='ocrx_word' id='word_1_136' title='bbox 872 2243 999 2304; x_wconf 87' lang='lat' dir='ltr'><strong>celebris</strong></span> <span class='ocrx_word' id='word_1_137' title='bbox 1015 2242 1228 2304; x_wconf 85' lang='lat' dir='ltr'><strong>declarationis</strong></span> <span class='ocrx_word' id='word_1_138' title='bbox 1248 2244 1339 2301; x_wconf 89' lang='lat' dir='ltr'><strong>Bene-</strong></span> 
     </span>
     <span class='ocr_line' id='line_1_18' title="bbox 162 2331 1336 2406; baseline -0.003 -16"><span class='ocrx_word' id='word_1_139' title='bbox 162 2332 232 2391; x_wconf 88' lang='lat' dir='ltr'><strong>dicti</strong></span> <span class='ocrx_word' id='word_1_140' title='bbox 247 2335 307 2392; x_wconf 90' lang='lat' dir='ltr'><strong>lllV</strong></span> <span class='ocrx_word' id='word_1_141' title='bbox 320 2347 375 2406; x_wconf 88' lang='lat' dir='ltr'><strong>pro</strong></span> <span class='ocrx_word' id='word_1_142' title='bbox 389 2331 545 2391; x_wconf 88' lang='lat' dir='ltr'><strong>llollandia</strong></span> <span class='ocrx_word' id='word_1_143' title='bbox 558 2333 769 2405; x_wconf 90' lang='lat' dir='ltr'><strong>comprehendi</strong></span> <span class='ocrx_word' id='word_1_144' title='bbox 782 2332 904 2405; x_wconf 86' lang='lat' dir='ltr'><strong>possint</strong></span> <span class='ocrx_word' id='word_1_145' title='bbox 921 2332 979 2392; x_wconf 91' lang='lat' dir='ltr'><strong>sub</strong></span> <span class='ocrx_word' id='word_1_146' title='bbox 995 2333 1116 2392; x_wconf 90' lang='lat' dir='ltr'><strong>nomina</strong></span> <span class='ocrx_word' id='word_1_147' title='bbox 1128 2331 1336 2390; x_wconf 77' lang='lat' dir='ltr'><strong>haereticorum</strong></span> 
     </span>
     <span class='ocr_line' id='line_1_19' title="bbox 162 2421 1339 2496; baseline -0.001 -18"><span class='ocrx_word' id='word_1_148' title='bbox 162 2421 296 2494; x_wconf 84' lang='lat' dir='ltr'><strong>quinque</strong></span> <span class='ocrx_word' id='word_1_149' title='bbox 311 2428 472 2494; x_wconf 87' lang='lat' dir='ltr'><strong>sequentes</strong></span> <span class='ocrx_word' id='word_1_150' title='bbox 483 2421 613 2481; x_wconf 85' lang='lat' dir='ltr'><strong>classes:</strong></span> <span class='ocrx_word' id='word_1_151' title='bbox 630 2427 656 2478; x_wconf 83' lang='lat' dir='ltr'><strong>t⁰</strong></span> <span class='ocrx_word' id='word_1_152' title='bbox 671 2421 714 2479; x_wconf 92' lang='lat' dir='ltr'><strong>illi</strong></span> <span class='ocrx_word' id='word_1_153' title='bbox 726 2421 778 2495; x_wconf 87' lang='lat' dir='ltr'><strong>qui</strong></span> <span class='ocrx_word' id='word_1_154' title='bbox 791 2422 935 2481; x_wconf 88' lang='lat' dir='ltr'><strong>catholice</strong></span> <span class='ocrx_word' id='word_1_155' title='bbox 948 2421 1252 2496; x_wconf 88' lang='lat' dir='ltr'><strong>baptizatiapueritie</strong></span> <span class='ocrx_word' id='word_1_156' title='bbox 1266 2434 1339 2478; x_wconf 92' lang='lat' dir='ltr'><strong>non-</strong></span> 
     </span>
     <span class='ocr_line' id='line_1_20' title="bbox 162 2510 1337 2585; baseline -0.002 -17"><span class='ocrx_word' id='word_1_157' title='bbox 162 2510 234 2568; x_wconf 90' lang='lat' dir='ltr'><strong>dum</strong></span> <span class='ocrx_word' id='word_1_158' title='bbox 251 2511 418 2584; x_wconf 84' lang='lat' dir='ltr'><strong>septennali</strong></span> <span class='ocrx_word' id='word_1_159' title='bbox 430 2511 460 2569; x_wconf 92' lang='lat' dir='ltr'><strong>iu</strong></span> <span class='ocrx_word' id='word_1_160' title='bbox 474 2510 768 2582; x_wconf 86' lang='lat' dir='ltr'><strong>haeresieducantur,</strong></span> <span class='ocrx_word' id='word_1_161' title='bbox 778 2525 813 2570; x_wconf 87' lang='lat' dir='ltr'><strong>ao</strong></span> <span class='ocrx_word' id='word_1_162' title='bbox 822 2511 961 2571; x_wconf 75' lang='lat' dir='ltr'><strong>heresim</strong></span> <span class='ocrx_word' id='word_1_163' title='bbox 971 2511 1161 2584; x_wconf 59' lang='lat' dir='ltr'><strong>profitentem</strong></span> <span class='ocrx_word' id='word_1_164' title='bbox 1177 2513 1206 2568; x_wconf 76' lang='lat'><strong>2⁰</strong></span> <span class='ocrx_word' id='word_1_165' title='bbox 1216 2510 1268 2585; x_wconf 87' lang='lat' dir='ltr'><strong>qui</strong></span> <span class='ocrx_word' id='word_1_166' title='bbox 1278 2524 1337 2569; x_wconf 90' lang='lat' dir='ltr'><strong>non</strong></span> 
     </span>
     <span class='ocr_line' id='line_1_21' title="bbox 163 2599 1339 2673; baseline 0 -15"><span class='ocrx_word' id='word_1_167' title='bbox 163 2603 222 2658; x_wconf 86' lang='lat' dir='ltr'><strong>tarn</strong></span> <span class='ocrx_word' id='word_1_168' title='bbox 237 2599 269 2658; x_wconf 91' lang='lat' dir='ltr'><strong>in</strong></span> <span class='ocrx_word' id='word_1_169' title='bbox 282 2599 390 2658; x_wconf 80' lang='lat' dir='ltr'><strong>haeresi</strong></span> <span class='ocrx_word' id='word_1_170' title='bbox 400 2615 491 2673; x_wconf 80' lang='lat' dir='ltr'><strong>quam</strong></span> <span class='ocrx_word' id='word_1_171' title='bbox 506 2600 543 2658; x_wconf 89' lang='lat' dir='ltr'><strong>ah</strong></span> <span class='ocrx_word' id='word_1_172' title='bbox 557 2600 706 2659; x_wconf 72' lang='lat' dir='ltr'><strong>hereticis</strong></span> <span class='ocrx_word' id='word_1_173' title='bbox 719 2601 897 2672; x_wconf 88' lang='lat' dir='ltr'><strong>educantur,</strong></span> <span class='ocrx_word' id='word_1_174' title='bbox 913 2601 997 2660; x_wconf 89' lang='lat' dir='ltr'><strong>nulla</strong></span> <span class='ocrx_word' id='word_1_175' title='bbox 1010 2601 1127 2660; x_wconf 88' lang='lat' dir='ltr'><strong>scillcet</strong></span> <span class='ocrx_word' id='word_1_176' title='bbox 1147 2601 1192 2658; x_wconf 89' lang='lat' dir='ltr'><strong>uel</strong></span> <span class='ocrx_word' id='word_1_177' title='bbox 1211 2601 1261 2658; x_wconf 85' lang='lat' dir='ltr'><strong>vix</strong></span> <span class='ocrx_word' id='word_1_178' title='bbox 1277 2599 1339 2658; x_wconf 87' lang='lat' dir='ltr'><strong>ullu</strong></span> 
     </span>
     <span class='ocr_line' id='line_1_22' title="bbox 161 2687 1337 2762; baseline 0 -18"><span class='ocrx_word' id='word_1_179' title='bbox 161 2687 308 2746; x_wconf 78' lang='lat' dir='ltr'><strong>haeretice</strong></span> <span class='ocrx_word' id='word_1_180' title='bbox 322 2687 464 2746; x_wconf 87' lang='lat' dir='ltr'><strong>doctrinae</strong></span> <span class='ocrx_word' id='word_1_181' title='bbox 479 2687 677 2746; x_wconf 89' lang='lat' dir='ltr'><strong>instructione</strong></span> <span class='ocrx_word' id='word_1_182' title='bbox 687 2694 819 2760; x_wconf 88' lang='lat' dir='ltr'><strong>accepta,</strong></span> <span class='ocrx_word' id='word_1_183' title='bbox 834 2693 863 2746; x_wconf 90' lang='lat' dir='ltr'><strong>ot</strong></span> <span class='ocrx_word' id='word_1_184' title='bbox 874 2689 956 2747; x_wconf 89' lang='lat' dir='ltr'><strong>cultu</strong></span> <span class='ocrx_word' id='word_1_185' title='bbox 976 2703 1037 2746; x_wconf 93' lang='lat' dir='ltr'><strong>non</strong></span> <span class='ocrx_word' id='word_1_186' title='bbox 1053 2690 1251 2762; x_wconf 81' lang='lat' dir='ltr'><strong>frequentato,</strong></span> <span class='ocrx_word' id='word_1_187' title='bbox 1268 2689 1337 2747; x_wconf 86' lang='lat' dir='ltr'><strong>lieet</strong></span> 
     </span>
     <span class='ocr_line' id='line_1_23' title="bbox 162 2775 1340 2851; baseline 0.001 -17"><span class='ocrx_word' id='word_1_188' title='bbox 162 2775 321 2850; x_wconf 88' lang='lat' dir='ltr'><strong>aliquoties</strong></span> <span class='ocrx_word' id='word_1_189' title='bbox 337 2776 532 2851; x_wconf 86' lang='lat' dir='ltr'><strong>participalo;</strong></span> <span class='ocrx_word' id='word_1_190' title='bbox 553 2781 582 2836; x_wconf 82' lang='lat'><strong>3·</strong></span> <span class='ocrx_word' id='word_1_191' title='bbox 596 2777 648 2850; x_wconf 87' lang='lat' dir='ltr'><strong>qui</strong></span> <span class='ocrx_word' id='word_1_192' title='bbox 664 2777 762 2837; x_wconf 89' lang='lat' dir='ltr'><strong>adhuc</strong></span> <span class='ocrx_word' id='word_1_193' title='bbox 775 2778 860 2851; x_wconf 89' lang='lat' dir='ltr'><strong>pueri</strong></span> <span class='ocrx_word' id='word_1_194' title='bbox 871 2778 902 2837; x_wconf 90' lang='lat' dir='ltr'><strong>in</strong></span> <span class='ocrx_word' id='word_1_195' title='bbox 917 2793 1026 2838; x_wconf 87' lang='lat' dir='ltr'><strong>manus</strong></span> <span class='ocrx_word' id='word_1_196' title='bbox 1040 2779 1248 2838; x_wconf 74' lang='lat' dir='ltr'><strong>hereticorum</strong></span> <span class='ocrx_word' id='word_1_197' title='bbox 1264 2779 1340 2836; x_wconf 89' lang='lat' dir='ltr'><strong>inci·</strong></span> 
     </span>
     <span class='ocr_line' id='line_1_24' title="bbox 162 2864 1339 2942; baseline 0.002 -20"><span class='ocrx_word' id='word_1_198' title='bbox 162 2864 266 2924; x_wconf 68' lang='lat' dir='ltr'><strong>denus</strong></span> <span class='ocrx_word' id='word_1_199' title='bbox 279 2865 426 2924; x_wconf 83' lang='lat' dir='ltr'><strong>haereticae</strong></span> <span class='ocrx_word' id='word_1_200' title='bbox 441 2871 530 2925; x_wconf 82' lang='lat' dir='ltr'><strong>sectae</strong></span> <span class='ocrx_word' id='word_1_201' title='bbox 546 2865 773 2942; x_wconf 76' lang='lat' dir='ltr'><strong>adjunguntur;</strong></span> <span class='ocrx_word' id='word_1_202' title='bbox 794 2872 823 2925; x_wconf 81' lang='lat'><strong>4⁰</strong></span> <span class='ocrx_word' id='word_1_203' title='bbox 838 2873 982 2940; x_wconf 80' lang='lat' dir='ltr'><strong>apostate</strong></span> <span class='ocrx_word' id='word_1_204' title='bbox 998 2868 1036 2926; x_wconf 88' lang='lat' dir='ltr'><strong>ab</strong></span> <span class='ocrx_word' id='word_1_205' title='bbox 1050 2867 1183 2928; x_wconf 83' lang='lat' dir='ltr'><strong>Ecclesia</strong></span> <span class='ocrx_word' id='word_1_206' title='bbox 1195 2868 1339 2926; x_wconf 86' lang='lat' dir='ltr'><strong>catholica</strong></span> 
     </span>
     <span class='ocr_line' id='line_1_25' title="bbox 161 2953 1339 3030; baseline 0.003 -19"><span class='ocrx_word' id='word_1_207' title='bbox 161 2953 198 3011; x_wconf 90' lang='lat' dir='ltr'><strong>ad</strong></span> <span class='ocrx_word' id='word_1_208' title='bbox 210 2953 380 3013; x_wconf 79' lang='lat' dir='ltr'><strong>hereticam</strong></span> <span class='ocrx_word' id='word_1_209' title='bbox 394 2961 506 3014; x_wconf 90' lang='lat' dir='ltr'><strong>sectam</strong></span> <span class='ocrx_word' id='word_1_210' title='bbox 520 2961 728 3030; x_wconf 88' lang='lat' dir='ltr'><strong>transeuntes;</strong></span> <span class='ocrx_word' id='word_1_211' title='bbox 752 2961 782 3013; x_wconf 86' lang='lat'><strong>5⁰</strong></span> <span class='ocrx_word' id='word_1_212' title='bbox 796 2956 848 3029; x_wconf 86' lang='lat' dir='ltr'><strong>qui</strong></span> <span class='ocrx_word' id='word_1_213' title='bbox 862 2956 924 3014; x_wconf 91' lang='lat' dir='ltr'><strong>nati</strong></span> <span class='ocrx_word' id='word_1_214' title='bbox 940 2962 968 3014; x_wconf 89' lang='lat' dir='ltr'><strong>et</strong></span> <span class='ocrx_word' id='word_1_215' title='bbox 979 2956 1117 3030; x_wconf 86' lang='lat' dir='ltr'><strong>baptizati</strong></span> <span class='ocrx_word' id='word_1_216' title='bbox 1137 2956 1175 3016; x_wconf 90' lang='lat' dir='ltr'><strong>ah</strong></span> <span class='ocrx_word' id='word_1_217' title='bbox 1190 2955 1339 3015; x_wconf 75' lang='lat' dir='ltr'><strong>hereticis</strong></span> 
     </span>
     <span class='ocr_line' id='line_1_26' title="bbox 161 3043 1338 3119; baseline 0.003 -19"><span class='ocrx_word' id='word_1_218' title='bbox 161 3043 355 3104; x_wconf 85' lang='lat' dir='ltr'><strong>adoleverunt</strong></span> <span class='ocrx_word' id='word_1_219' title='bbox 372 3045 445 3119; x_wconf 90' lang='lat' dir='ltr'><strong>quin</strong></span> <span class='ocrx_word' id='word_1_220' title='bbox 467 3045 558 3104; x_wconf 89' lang='lat' dir='ltr'><strong>ullam</strong></span> <span class='ocrx_word' id='word_1_221' title='bbox 569 3046 735 3104; x_wconf 89' lang='lat' dir='ltr'><strong>solemnem</strong></span> <span class='ocrx_word' id='word_1_222' title='bbox 756 3045 907 3104; x_wconf 79' lang='lat' dir='ltr'><strong>haereseos</strong></span> <span class='ocrx_word' id='word_1_223' title='bbox 928 3045 1150 3119; x_wconf 84' lang='lat' dir='ltr'><strong>professionem</strong></span> <span class='ocrx_word' id='word_1_224' title='bbox 1172 3047 1338 3117; x_wconf 90' lang='lat' dir='ltr'><strong>emiserint,</strong></span> 
     </span>
     <span class='ocr_line' id='line_1_27' title="bbox 162 3133 1336 3210; baseline 0.003 -20"><span class='ocrx_word' id='word_1_225' title='bbox 162 3135 297 3192; x_wconf 83' lang='lat' dir='ltr'><strong>acveluti</strong></span> <span class='ocrx_word' id='word_1_226' title='bbox 312 3135 426 3194; x_wconf 91' lang='lat' dir='ltr'><strong>nullius</strong></span> <span class='ocrx_word' id='word_1_227' title='bbox 439 3133 607 3210; x_wconf 79' lang='lat' dir='ltr'><strong>religionis,</strong></span> <span class='ocrx_word' id='word_1_228' title='bbox 617 3141 673 3194; x_wconf 90' lang='lat' dir='ltr'><strong>etc.</strong></span> <span class='ocrx_word' id='word_1_229' title='bbox 691 3135 786 3210; x_wconf 84' lang='lat' dir='ltr'><strong>igitur</strong></span> <span class='ocrx_word' id='word_1_230' title='bbox 796 3135 869 3208; x_wconf 87' lang='lat' dir='ltr'><strong>quid</strong></span> <span class='ocrx_word' id='word_1_231' title='bbox 878 3137 1082 3208; x_wconf 89' lang='lat' dir='ltr'><strong>sentiendum,</strong></span> <span class='ocrx_word' id='word_1_232' title='bbox 1092 3137 1265 3196; x_wconf 82' lang='lat' dir='ltr'><strong>sciscitatur</strong></span> <span class='ocrx_word' id='word_1_233' title='bbox 1275 3137 1336 3209; x_wconf 91' lang='lat' dir='ltr'><strong>epi-</strong></span> 
     </span>
     <span class='ocr_line' id='line_1_28' title="bbox 162 3224 1334 3298; baseline 0.002 -14"><span class='ocrx_word' id='word_1_234' title='bbox 162 3240 283 3298; x_wconf 91' lang='lat' dir='ltr'><strong>scopus,</strong></span> <span class='ocrx_word' id='word_1_235' title='bbox 293 3224 329 3282; x_wconf 92' lang='lat' dir='ltr'><strong>de</strong></span> <span class='ocrx_word' id='word_1_236' title='bbox 339 3226 467 3284; x_wconf 90' lang='lat' dir='ltr'><strong>istorum</strong></span> <span class='ocrx_word' id='word_1_237' title='bbox 479 3225 679 3283; x_wconf 90' lang='lat' dir='ltr'><strong>matrimoniis</strong></span> <span class='ocrx_word' id='word_1_238' title='bbox 694 3239 764 3283; x_wconf 89' lang='lat' dir='ltr'><strong>cum</strong></span> <span class='ocrx_word' id='word_1_239' title='bbox 778 3231 861 3298; x_wconf 86' lang='lat' dir='ltr'><strong>parta</strong></span> <span class='ocrx_word' id='word_1_240' title='bbox 875 3227 1022 3286; x_wconf 89' lang='lat' dir='ltr'><strong>catholica</strong></span> <span class='ocrx_word' id='word_1_241' title='bbox 1033 3227 1173 3286; x_wconf 90' lang='lat' dir='ltr'><strong>initis‘l...</strong></span> <span class='ocrx_word' id='word_1_242' title='bbox 1186 3229 1214 3286; x_wconf 90' lang='lat' dir='ltr'><strong>S.</strong></span> <span class='ocrx_word' id='word_1_243' title='bbox 1231 3229 1261 3285; x_wconf 85' lang='lat' dir='ltr'><strong>C.</strong></span> <span class='ocrx_word' id='word_1_244' title='bbox 1271 3241 1334 3286; x_wconf 88' lang='lat' dir='ltr'><strong>res·</strong></span> 
     </span>
     <span class='ocr_line' id='line_1_29' title="bbox 163 3313 1336 3392; baseline 0.001 -19"><span class='ocrx_word' id='word_1_245' title='bbox 163 3315 268 3389; x_wconf 85' lang='lat' dir='ltr'><strong>pondit</strong></span> <span class='ocrx_word' id='word_1_246' title='bbox 283 3333 290 3375; x_wconf 91' lang='lat'>:</span> <span class='ocrx_word' id='word_1_247' title='bbox 305 3316 348 3375; x_wconf 83' lang='lat' dir='ltr'><strong>Ad</strong></span> <span class='ocrx_word' id='word_1_248' title='bbox 364 3315 503 3373; x_wconf 86' lang='lat' dir='ltr'><strong>ellectum</strong></span> <span class='ocrx_word' id='word_1_249' title='bbox 518 3313 701 3374; x_wconf 90' lang='lat' dir='ltr'><strong>matrimonii</strong></span> <span class='ocrx_word' id='word_1_250' title='bbox 718 3323 986 3388; x_wconf 87' lang='lat' dir='ltr'><strong>supranumeratos</strong></span> <span class='ocrx_word' id='word_1_251' title='bbox 997 3317 1208 3392; x_wconf 89' lang='lat' dir='ltr'><strong>comprehendi</strong></span> <span class='ocrx_word' id='word_1_252' title='bbox 1225 3318 1256 3377; x_wconf 92' lang='lat' dir='ltr'><strong>in</strong></span> <span class='ocrx_word' id='word_1_253' title='bbox 1272 3317 1336 3375; x_wconf 88' lang='lat' dir='ltr'><strong>lou-</strong></span> 
     </span>
     <span class='ocr_line' id='line_1_30' title="bbox 162 3404 639 3464; baseline 0 -2"><span class='ocrx_word' id='word_1_254' title='bbox 162 3404 230 3462; x_wconf 90' lang='lat' dir='ltr'><strong>data</strong></span> <span class='ocrx_word' id='word_1_255' title='bbox 244 3405 316 3462; x_wconf 84' lang='lat' dir='ltr'><strong>Bou.</strong></span> <span class='ocrx_word' id='word_1_256' title='bbox 331 3405 391 3463; x_wconf 88' lang='lat' dir='ltr'><strong>lllv</strong></span> <span class='ocrx_word' id='word_1_257' title='bbox 400 3404 639 3464; x_wconf 81' lang='lat' dir='ltr'><strong>declaratione.»</strong></span> 
     </span>
    </p>
   </div>
   <div class='ocr_carea' id='block_1_5' title="bbox 600 3813 895 3892">
    <p class='ocr_par' dir='ltr' id='par_1_5' title="bbox 600 3813 895 3892">
     <span class='ocr_line' id='line_1_31' title="bbox 600 3813 895 3892; baseline 0 -4"><span class='ocrx_word' id='word_1_258' title='bbox 600 3813 801 3892; x_wconf 80' lang='lat' dir='ltr'><strong>sucula</strong></span> <span class='ocrx_word' id='word_1_259' title='bbox 842 3815 895 3888; x_wconf 94' lang='lat'><strong>11.</strong></span> 
     </span>
    </p>
   </div>
   <div class='ocr_carea' id='block_1_6' title="bbox 296 3993 1202 4046">
    <p class='ocr_par' dir='ltr' id='par_1_6' title="bbox 296 3993 1202 4046">
     <span class='ocr_line' id='line_1_32' title="bbox 296 3993 1202 4046; baseline 0.008 -7"><span class='ocrx_word' id='word_1_260' title='bbox 296 3993 334 4040; x_wconf 79' lang='lat' dir='ltr'><strong>DE</strong></span> <span class='ocrx_word' id='word_1_261' title='bbox 354 3994 533 4044; x_wconf 68' lang='lat' dir='ltr'><strong>unhinonll</strong></span> <span class='ocrx_word' id='word_1_262' title='bbox 555 3999 681 4046; x_wconf 78' lang='lat' dir='ltr'><strong>vincitne</strong></span> <span class='ocrx_word' id='word_1_263' title='bbox 702 3999 812 4046; x_wconf 80' lang='lat' dir='ltr'>SOLUTO</span> <span class='ocrx_word' id='word_1_264' title='bbox 833 3999 890 4043; x_wconf 76' lang='lat' dir='ltr'><strong>PER</strong></span> <span class='ocrx_word' id='word_1_265' title='bbox 911 3997 1020 4045; x_wconf 64' lang='lat' dir='ltr'>OBITU!</span> <span class='ocrx_word' id='word_1_266' title='bbox 1043 3997 1202 4046; x_wconf 76' lang='lat' dir='ltr'><strong>lnchnnnit.</strong></span> 
     </span>
    </p>
   </div>
   <div class='ocr_carea' id='block_1_7' title="bbox 233 4296 1271 4448">
    <p class='ocr_par' dir='ltr' id='par_1_7' title="bbox 233 4296 1271 4448">
     <span class='ocr_line' id='line_1_33' title="bbox 233 4296 1271 4367; baseline 0.008 -19"><span class='ocrx_word' id='word_1_267' title='bbox 233 4296 265 4350; x_wconf 76' lang='grc' dir='ltr'><strong>Β.</strong></span> <span class='ocrx_word' id='word_1_268' title='bbox 280 4296 390 4350; x_wconf 84' lang='lat' dir='ltr'><strong>Offloll</strong></span> <span class='ocrx_word' id='word_1_269' title='bbox 407 4299 586 4352; x_wconf 77' lang='lat' dir='ltr'><strong>instructio</strong></span> <span class='ocrx_word' id='word_1_270' title='bbox 603 4299 644 4352; x_wconf 79' lang='lat' dir='ltr'><strong>ds</strong></span> <span class='ocrx_word' id='word_1_271' title='bbox 661 4300 833 4367; x_wconf 82' lang='lat' dir='ltr'><strong>probando</strong></span> <span class='ocrx_word' id='word_1_272' title='bbox 851 4301 946 4356; x_wconf 79' lang='lat' dir='ltr'><strong>obitu</strong></span> <span class='ocrx_word' id='word_1_273' title='bbox 960 4301 1104 4366; x_wconf 71' lang='lat' dir='ltr'><strong>cuculus</strong></span> <span class='ocrx_word' id='word_1_274' title='bbox 1118 4302 1271 4367; x_wconf 68' lang='lat' dir='ltr'><strong>conlucis</strong></span> 
     </span>
     <span class='ocr_line' id='line_1_34' title="bbox 611 4379 890 4448; baseline 0.011 -17"><span class='ocrx_word' id='word_1_275' title='bbox 611 4381 667 4446; x_wconf 78' lang='lat'><strong>(1³</strong></span> <span class='ocrx_word' id='word_1_276' title='bbox 683 4379 765 4432; x_wconf 82' lang='lat' dir='ltr'><strong>mail</strong></span> <span class='ocrx_word' id='word_1_277' title='bbox 781 4380 890 4448; x_wconf 77' lang='lat'><strong>1888).</strong></span> 
     </span>
    </p>
   </div>
   <div class='ocr_carea' id='block_1_8' title="bbox 162 4522 1337 4850">
    <p class='ocr_par' dir='ltr' id='par_1_8' title="bbox 162 4522 1337 4850">
     <span class='ocr_line' id='line_1_35' title="bbox 198 4522 1337 4601; baseline 0.005 -21"><span class='ocrx_word' id='word_1_278' title='bbox 198 4522 378 4581; x_wconf 85' lang='lat' dir='ltr'><strong>llatrimonii</strong></span> <span class='ocrx_word' id='word_1_279' title='bbox 396 4522 518 4582; x_wconf 81' lang='lat' dir='ltr'><strong>uinculo</strong></span> <span class='ocrx_word' id='word_1_280' title='bbox 540 4524 619 4583; x_wconf 91' lang='lat' dir='ltr'><strong>duos</strong></span> <span class='ocrx_word' id='word_1_281' title='bbox 640 4527 858 4598; x_wconf 88' lang='lat' dir='ltr'><strong>tantummodo,</strong></span> <span class='ocrx_word' id='word_1_282' title='bbox 881 4525 999 4586; x_wconf 83' lang='lat' dir='ltr'><strong>Christo</strong></span> <span class='ocrx_word' id='word_1_283' title='bbox 1021 4527 1061 4585; x_wconf 88' lang='lat' dir='ltr'><strong>ita</strong></span> <span class='ocrx_word' id='word_1_284' title='bbox 1089 4526 1224 4598; x_wconf 88' lang='lat' dir='ltr'><strong>docente,</strong></span> <span class='ocrx_word' id='word_1_285' title='bbox 1246 4541 1337 4601; x_wconf 91' lang='lat' dir='ltr'><strong>copu-</strong></span> 
     </span>
     <span class='ocr_line' id='line_1_36' title="bbox 163 4611 1337 4690; baseline 0.006 -21"><span class='ocrx_word' id='word_1_286' title='bbox 163 4611 217 4669; x_wconf 89' lang='lat' dir='ltr'><strong>lari</strong></span> <span class='ocrx_word' id='word_1_287' title='bbox 231 4616 260 4670; x_wconf 88' lang='lat' dir='ltr'><strong>et</strong></span> <span class='ocrx_word' id='word_1_288' title='bbox 273 4611 418 4686; x_wconf 75' lang='lat' dir='ltr'><strong>coniungi</strong></span> <span class='ocrx_word' id='word_1_289' title='bbox 435 4625 526 4684; x_wconf 89' lang='lat' dir='ltr'><strong>posse</strong></span> <span class='ocrx_word' id='word_1_290' title='bbox 547 4630 554 4669; x_wconf 93' lang='lat'>:</span> <span class='ocrx_word' id='word_1_291' title='bbox 576 4613 718 4672; x_wconf 91' lang='lat' dir='ltr'><strong>alterutro</strong></span> <span class='ocrx_word' id='word_1_292' title='bbox 732 4629 802 4672; x_wconf 83' lang='lat' dir='ltr'><strong>uero</strong></span> <span class='ocrx_word' id='word_1_293' title='bbox 818 4616 947 4690; x_wconf 83' lang='lat' dir='ltr'><strong>conjuge</strong></span> <span class='ocrx_word' id='word_1_294' title='bbox 962 4615 1024 4672; x_wconf 81' lang='lat' dir='ltr'><strong>vita</strong></span> <span class='ocrx_word' id='word_1_295' title='bbox 1036 4615 1149 4686; x_wconf 86' lang='lat' dir='ltr'><strong>lunato,</strong></span> <span class='ocrx_word' id='word_1_296' title='bbox 1176 4615 1337 4688; x_wconf 87' lang='lat' dir='ltr'><strong>secundae,</strong></span> 
     </span>
     <span class='ocr_line' id='line_1_37' title="bbox 162 4700 1336 4850; baseline 0.007 -92"><span class='ocrx_word' id='word_1_297' title='bbox 162 4700 457 4850; x_wconf 44' lang='lat' dir='ltr'><strong>{aggratulauggrtcriores</strong></span> <span class='ocrx_word' id='word_1_298' title='bbox 480 4701 602 4774; x_wconf 84' lang='lat' dir='ltr'><strong>nuptias</strong></span> <span class='ocrx_word' id='word_1_299' title='bbox 622 4703 720 4763; x_wconf 88' lang='lat' dir='ltr'><strong>licitas</strong></span> <span class='ocrx_word' id='word_1_300' title='bbox 743 4705 823 4776; x_wconf 85' lang='lat' dir='ltr'><strong>esse,</strong></span> <span class='ocrx_word' id='word_1_301' title='bbox 842 4705 1014 4779; x_wconf 78' lang='lat' dir='ltr'><strong>dogmatica</strong></span> <span class='ocrx_word' id='word_1_302' title='bbox 1030 4705 1168 4766; x_wconf 79' lang='lat' dir='ltr'><strong>Ecclesia</strong></span> <span class='ocrx_word' id='word_1_303' title='bbox 1184 4707 1336 4767; x_wconf 76' lang='lat' dir='ltr'><strong>catholice</strong></span> 
     </span>
    </p>
   </div>
   <div class='ocr_carea' id='block_1_9' title="bbox 0 0 1747 5556">
    <p class='ocr_par' dir='ltr' id='par_1_9' title="bbox 0 0 1747 5556">
     <span class='ocr_line' id='line_1_38' title="bbox 0 0 1747 5556; baseline 0 0"><span class='ocrx_word' id='word_1_304' title='bbox 0 0 1747 5556; x_wconf 95' lang='lat' dir='ltr'><strong> </strong></span> 
     </span>
    </p>
   </div>
  </div>
 </body>
</html>
