3482 5560
387 527 447 598 ili
844 548 895 598 tos
915 511 1116 597 canonicum*

386 683 478 744 qnam
492 671 559 744 ipsa
573 668 761 728 ethnicorum
776 669 914 729 instituta
940 667 1182 728 consuevissent.
1204 664 1333 738 ldeoque
1351 663 1412 722 nisi
1433 663 1561 722 consilia

387 763 550 828 mutentur,
564 763 708 832 perpetuo
720 757 779 816 sihi
789 761 920 818 metuere
935 756 1054 818 iamiliae
1067 762 1097 815 et
1110 755 1238 814 societas
1251 753 1384 812 humana
1399 752 1559 822 debebunt,

386 863 425 906 ne
439 848 606 907 miserrime
620 847 820 921 conjiciantur
832 849 864 907 in
880 848 954 907 illud
970 861 1071 907 rerum
1083 845 1220 904 omniurn
1235 850 1384 905 certarnen
1399 847 1489 916 etque
1499 841 1561 900 dis-

385 937 511 1009 crimen,
527 936 607 1012 quod
622 942 670 996 est
684 937 906 997 socialistarum
916 953 951 997 ac
961 937 1230 997 communistarum
1243 933 1403 1008 flagitiosis
1416 932 1559 1008 gregibus

383 1026 499 1100 jamdiu
519 1027 717 1101 propositum.
732 1059 767 1069 —-
790 1027 873 1086 Unde
891 1027 986 1101 liquet
1008 1041 1099 1101 quarn
1116 1025 1263 1085 absonum
1288 1030 1316 1082 ot
1334 1023 1500 1084 absurdum
1519 1023 1561 1082 sit

385 1116 535 1190 publicam
551 1116 680 1176 salutem
695 1133 713 1177 a
726 1117 863 1178 divortiis
878 1123 1060 1191 exspectare,
1078 1131 1145 1190 quae
1166 1115 1267 1190 potius
1282 1115 1314 1174 in
1330 1121 1441 1173 certam
1462 1114 1558 1174 socie-

385 1205 455 1266 tatis
469 1207 633 1280 perniciom
647 1212 720 1268 sunt
735 1221 870 1267 evasura.

420 1297 516 1372 igitur
530 1299 733 1359 confitendum
748 1303 805 1372 est,
823 1301 859 1359 de
881 1299 1033 1360 communi
1052 1299 1189 1360 omnium
1209 1297 1388 1372 populorum
1404 1295 1483 1354 bono
1497 1311 1559 1354 me·

385 1387 486 1448 ruisse
496 1389 607 1464 optime
616 1389 781 1449 Ecclesiam
796 1391 982 1463 catholicam,
997 1389 1149 1450 sanctitati
1161 1394 1191 1448 et
1205 1387 1393 1462 perpetuitati
1408 1387 1561 1462 conjugio

329 1531 331 1534 .
385 1493 453 1538 rum
467 1479 589 1539 tuende
603 1494 726 1553 semper
739 1479 900 1551 intentam;
917 1495 972 1539 nec
984 1479 1124 1555 exiguam
1137 1477 1195 1552 ipsi
1209 1477 1334 1551 gratiam
1352 1477 1463 1546 deberi,
1479 1475 1559 1549 quod

384 1567 505 1642 legibus
525 1568 629 1628 civicis
651 1573 770 1628 centum
790 1569 851 1643 jam
872 1583 969 1627 annos
989 1567 1020 1626 in
1038 1567 1095 1627 hoo
1114 1583 1223 1644 genere
1250 1566 1345 1624 multa
1365 1563 1559 1638 peccantibus

384 1655 483 1729 palam
496 1658 701 1716 reclamaverit
713 1657 767 1732 (l);
792 1657 872 1732 quod
896 1658 1035 1718 baeresim
1051 1657 1239 1717 deterrimam
1264 1654 1494 1730 protestantium
1522 1652 1560 1711 de

385 1746 521 1807 divortiis
537 1753 566 1806 et
579 1749 714 1822 repudiis
729 1749 916 1808 anathemate
931 1749 1092 1824 perculerit
1102 1749 1157 1824 (n);
1178 1748 1258 1822 quod
1281 1747 1421 1806 usitatam
1449 1744 1559 1803 Grecis

385 1835 614 1911 diremptionem
638 1839 897 1899 matrimoniorum
910 1839 1014 1898 multis
1027 1839 1125 1898 modis
1145 1837 1331 1897 damnaverit
1352 1835 1407 1911 (3);
1423 1834 1503 1908 qnod
1518 1833 1559 1890 ir-

384 1925 458 1986 ritas
473 1941 542 1986 esse
557 1928 678 2002 nuptias
691 1927 854 1988 decreverit
867 1944 903 1988 ea
913 1929 1083 1989 conditione
1095 1929 1198 2000 initas,
1218 1927 1426 2002 utaliquando
1450 1923 1560 1983 dissol-

385 2022 493 2076 vantur
504 2020 540 2090 (t)
554 2036 561 2089 ;
577 2018 657 2092 quod
668 2018 788 2077 demum
802 2020 850 2078 rel
861 2035 879 2078 a
892 2019 989 2093 prima
1003 2025 1087 2078 aetate
1101 2019 1184 2094 leges
1199 2017 1406 2091 imperatorias
1425 2013 1561 2087 repudia-

385 2105 434 2177 rit,
449 2121 517 2181 quae
529 2105 667 2165 divortiis
682 2112 711 2164 et
725 2108 860 2181 repudiis
876 2107 1045 2181 perniciose
1055 2107 1256 2182 lavissentltl.
1269 2137 1303 2148 -—
1314 2103 1474 2164 Pontifices
1488 2118 1559 2162 vero

385 2195 508 2255 maximi
520 2196 638 2270 quoties
653 2195 828 2256 restiterunt
840 2197 1027 2272 principibus
1039 2195 1259 2270 potentissimis
1271 2195 1397 2254 divortia
1409 2207 1469 2253 ase
1482 2193 1561 2252 lacta

386 2291 421 2345 ut
434 2292 499 2345 rata
512 2287 653 2347 Ecclesiae
668 2293 770 2348 esseut
783 2289 940 2348 minaciter
958 2288 1141 2362 petentibus,
1165 2286 1254 2346 toties
1275 2283 1468 2345 existimandi
1488 2287 1561 2343 sunt

386 2389 447 2434 non
465 2377 554 2435 modo
573 2392 627 2450 pro
648 2377 851 2438 incolumitate
864 2378 1033 2454 religionis,
1048 2377 1102 2436 sed
1117 2377 1205 2436 etiam
1220 2392 1274 2451 pro
1287 2376 1472 2434 humanitate
1487 2389 1559 2448 gen-

385 2465 461 2524 tium
495 2468 745 2542 propugnavisse.
771 2471 866 2538 Quam
894 2469 932 2527 ob
962 2481 1025 2527 rem
1048 2467 1148 2526 omnis
1177 2465 1372 2526 admirabitur
1400 2464 1560 2538 posteritas

384 2553 489 2614 invicti
510 2556 602 2614 animi
627 2557 806 2616 documenta
831 2571 849 2616 a
870 2557 991 2616 Nicolao
1009 2560 1021 2615 l
1040 2558 1119 2617 edita
1140 2557 1284 2616 adversus
1307 2554 1501 2622 Lotharium;
1521 2551 1560 2610 ab

386 2645 503 2704 Urbano
523 2649 548 2708 ll
567 2651 597 2705 et
611 2647 746 2706 Pascheli
767 2650 791 2706 ll
815 2647 960 2708 aduersus
980 2647 1150 2722 Philippum
1171 2651 1183 2705 l
1203 2653 1304 2721 regem
1324 2644 1486 2704 Galliarum
1503 2661 1510 2712 ;
1540 2657 1560 2699 a

374 2735 547 2794 ·Goelestino
561 2737 599 2793 ill
612 2741 641 2794 et
653 2737 828 2796 innocentio
843 2739 881 2794 lli
895 2739 1040 2796 adversus
1054 2737 1238 2811 niphonsum
1254 2739 1377 2794 abeona
1399 2739 1428 2792 et
1447 2731 1560 2806 Philip-

385 2838 458 2897 pum
476 2827 500 2882 ss
518 2825 683 2899 prinoipem
705 2826 886 2900 Galliarum
911 2843 929 2886 a
951 2828 1100 2886 Clemente
1119 2829 1167 2886 Vll
1192 2833 1220 2884 et
1246 2825 1337 2884 Paulo
1359 2827 1396 2882 ill
1416 2825 1560 2882 aduersus

385 2913 526 2972 Enrioum
541 2917 616 2986 Vlll;
640 2915 769 2990 denique
793 2931 812 2976 a
837 2917 962 2987 Pionl,
992 2915 1184 2976 sanctissimo
1208 2916 1434 2989 fortissimoque
1458 2912 1559 2971 Ponti·

386 3001 452 3074 lice,
467 3003 613 3064 adversus
628 3005 827 3079 Napoleonem
840 3008 864 3078 l,
889 3006 1033 3065 secundis
1052 3006 1142 3066 rebus
1164 3011 1193 3064 et
1214 3005 1420 3080 magnitudine
1442 3003 1560 3077 imperii

386 3093 598 3153 exsultantem.

422 3185 574 3253 Quacum
587 3183 631 3242 ita
644 3183 718 3255 sint,
738 3199 844 3245 omnes
868 3185 1085 3261 gubernatores
1108 3185 1431 3261 administratoresque
1459 3199 1560 3245 rerum

386 3271 585 3346 publicarum,
613 3275 640 3334 si
668 3276 814 3334 rationem
838 3277 936 3350 sequi,
961 3277 988 3335 si
1005 3277 1194 3352 sapientiam,
1220 3277 1247 3335 si
1263 3277 1358 3349 ipsam
1379 3276 1558 3351 populorum

389 3363 546 3422 utilitatem
562 3363 740 3436 voluisseut,
755 3365 842 3424 malle
856 3365 1021 3425 debuerant
1036 3381 1137 3427 sacras
1150 3367 1187 3426 da
1208 3366 1397 3424 matrimonio
1415 3366 1498 3441 leges
1512 3365 1557 3423 in-

385 3459 480 3512 tactas
495 3468 627 3524 manere,
642 3453 836 3528 oblatumque
857 3455 998 3515 Ecclesia
1016 3457 1222 3530 adjumentum
1241 3457 1272 3513 in
1297 3455 1419 3514 tutelam
1441 3470 1558 3527 morum

387 3543 674 3618 prosperitatemque
690 3544 871 3603 familiarum
887 3545 1038 3618 adhibere,
1051 3561 1141 3620 quam
1162 3547 1261 3620 ipsam
1275 3560 1381 3605 uocare
1395 3546 1556 3606 Ecclesiam

388 3633 420 3692 in
438 3633 644 3709 suspicionem
666 3635 842 3708 inimicitiae,
858 3641 887 3694 et
909 3635 941 3695 in
965 3637 1072 3696 falsam
1095 3643 1186 3712 atque
1206 3635 1341 3711 iniquam
1359 3635 1461 3695 violati
1479 3635 1558 3710 juris

388 3727 485 3788 ciuilis
500 3726 767 3786 insimulationem.
1137 3803 1138 3806 Ἴ

422 3819 524 3890 quue
543 3817 650 3891 magis,
669 3817 749 3889 quod
764 3817 896 3876 Ecclesia
909 3817 1064 3889 catholica,
1081 3823 1114 3876 ut
1132 3818 1163 3876 in
1179 3835 1210 3878 re
1228 3817 1311 3877 nulla
1324 3825 1424 3893 potest
1437 3820 1474 3878 ab
1493 3819 1559 3878 reli·

387 3903 477 3981 glone
491 3903 582 3963 oflicii
596 3911 625 3964 ot
638 3904 813 3963 detonsione
824 3905 902 3979 juris
916 3907 963 3966 sui
977 3906 1137 3978 declinere,
1152 3906 1193 3964 ita
1204 3907 1332 3964 maxime
1347 3907 1503 3967 solet'esse
1521 3909 1556 3966 ad

386 3995 602 4070 benignitatem
617 3992 895 4070 indulgentiamque
909 3993 1050 4068 proclivis
1064 3997 1096 4054 in
1120 3995 1211 4055 rebus
1222 3996 1377 4067 ,omnibus
1402 4013 1469 4071 quae
1490 4013 1556 4056 oum

387 4085 591 4144 incolumitate
603 4085 718 4158 jurium
733 4089 762 4143 et
777 4086 935 4144 sanctitate
953 4085 1122 4144 ciliciorum
1134 4101 1259 4146 suorum
1273 4091 1405 4162 possunt
1418 4103 1480 4146 una
1489 4103 1558 4146 con·

419 4282 451 4348 (l)
464 4282 526 4346 Pius
540 4281 581 4344 Vl,
595 4281 679 4349 Epist.
691 4281 728 4333 od
736 4281 812 4348 episc.
826 4281 939 4344 caeca,
952 4283 983 4332 28
997 4282 1060 4332 maii
1074 4283 1151 4346 1793;
1167 4282 1229 4334 Pius
1240 4283 1294 4347 vu,
1307 4283 1394 4336 litter.
1408 4283 1503 4352 megel.
1518 4283 1558 4338 die

387 4352 417 4404 li
430 4353 497 4420 febr.
522 4353 591 4417 18⁰9,
614 4357 641 4405 ot
664 4353 751 4404 Cenat.
778 4353 841 4403 doto
858 4352 900 4403 die
925 4353 1024 4419 lujat.
1048 4355 1121 4418 tatu
1146 4354 1208 4405 Pius
1230 4356 1293 4420 Vlll,
1314 4357 1374 4408 utet.
1400 4357 1495 4424 mayel.
1517 4358 1558 4410 dte

385 4425 416 4474 28
431 4423 495 4476 maii
506 4427 582 4488 itam
598 4425 740 4492 Gregorius
752 4423 817 4488 xvi,
833 4425 921 4476 Consi.
935 4423 998 4476 doto
1011 4424 1053 4476 dte
1073 4427 1101 4478 la
1119 4428 1224 4490 ongum
1239 4427 1314 4491 taam
1335 4427 1397 4478 Pius
1414 4426 1457 4493 lli,
1478 4427 1557 4480 Alios.

387 4495 475 4548 habito
492 4495 534 4547 die
551 4499 581 4548 22
599 4503 664 4563 sept.
685 4499 754 4548 1852.
774 4523 804 4534 -
825 4495 861 4568 (2)
881 4496 953 4547 Erid.
973 4511 1037 4552 sess.
1053 4498 1139 4562 llle,
1154 4512 1213 4551 oen.
1232 4501 1246 4548 5
1266 4503 1293 4550 et
1312 4501 1336 4550 t.
1359 4527 1386 4537 -
1407 4501 1439 4564 (tl
1460 4501 1556 4552 Concil.

385 4563 490 4620 Florem
513 4573 539 4620 et
557 4568 634 4620 inatr.
654 4569 720 4635 Eug.
740 4569 774 4620 lv
791 4567 826 4620 ad
848 4569 993 4632 Armenes3
1016 4569 1115 4622 Bened.
1135 4569 1200 4633 xlv,
1223 4571 1321 4632 Cenat,
1341 4571 1396 4622 litei
1409 4573 1554 4636 pastoralia,

386 4639 477 4690 dmoii
489 4643 591 4696 sili.—
602 4641 636 4705 (l)
648 4643 709 4707 Gap.
723 4653 775 4704 vti,
789 4640 821 4692 de
835 4639 939 4694 Condit.
950 4655 1074 4706 oppos·
1088 4641 1122 4706 (5)
1135 4642 1244 4694 llieron.
1260 4643 1343 4708 Epist.
1360 4645 1391 4694 ra
1404 4643 1443 4694 ad
1456 4645 1559 4708 Oceon.;

386 4709 519 4778 Ambrae,
530 4711 577 4767 lib.
591 4713 656 4779 vul,
672 4715 700 4765 in
713 4729 769 4779 cop.
780 4726 828 4767 xvi
839 4715 921 4776 Lucu,
935 4727 962 4765 n.
978 4716 1008 4778 ὃς
1023 4715 1144 4780 August,
1161 4714 1193 4766 de
1206 4715 1318 4780 Nuptiis,
1333 4729 1390 4781 cap.
1404 4727 1431 4768 x.
