3508 5568
576 617 665 664 uisne
687 618 825 672 onsercs
848 619 1068 666 nscnsrannn.
1371 599 1409 664 87

238 739 447 822 exprimatur
462 738 528 802 alio
541 738 645 804 modo
665 755 768 822 quam
787 738 878 815 insit,
897 741 991 821 puta,
1016 737 1119 802 modo
1134 735 1346 820 obligatorio,
1373 741 1412 801 ut

237 849 338 914 ambo
367 846 423 913 vel
445 847 532 912 aiter
557 851 715 912 teneatur
737 847 939 929 religionem
966 845 1108 929 ingredi,
1139 845 1236 911 vitiat
1261 846 1409 940 matrim.

236 961 375 1040 propter
387 957 661 1021 contrarietatem
673 957 822 1039 jurium3
852 973 932 1020 nam
956 955 1036 1020 licet
1050 957 1216 1037 conjuges
1234 955 1344 1038 primo
1363 954 1411 1019 bi-

235 1065 355 1130 mestri
370 1083 413 1130 ex
426 1064 604 1147 privilegio
619 1064 739 1130 Christi
752 1067 786 1130 et
793 1065 880 1148 juris
890 1065 1053 1148 pontificii
1065 1064 1198 1148 possint
1209 1063 1410 1144 religionem

236 1173 381 1254 ingredi,
396 1179 595 1238 nontamen
610 1173 699 1238 adid
715 1173 927 1255 obligantur;
944 1173 972 1238 si
987 1177 1104 1238 autem
1120 1149 1323 1254 obligentur,
1337 1173 1411 1254 jam

236 1281 420 1363 impeditur
431 1287 553 1346 mutua
571 1282 707 1347 traditio
722 1299 913 1366 corporum.

276 1391 376 1474 Resp.
393 1391 423 1454 i.
440 1390 657 1457 conditiones
677 1391 719 1456 de
740 1393 911 1475 praeterito
929 1392 986 1456 vel
1003 1392 1162 1476 praesenti
1187 1411 1262 1476 quae
1281 1412 1325 1458 ex
1342 1373 1412 1458 mass

238 1499 322 1564 teria
336 1517 398 1564 sua
413 1498 572 1563 videntur
586 1499 757 1564 adversari
774 1501 1002 1577 matrimonio,
1023 1518 1094 1564 non
1118 1499 1239 1565 vitiant
1260 1502 1334 1585 ejus
1357 1520 1413 1566 va·

236 1606 345 1672 iorem
361 1626 415 1671 :v.
432 1627 465 1688 g.
483 1631 498 1665 «
516 1607 544 1670 si
559 1599 772 1672 sterilitatem
785 1607 844 1671 tibi
869 1609 1069 1690 procurasti,
1094 1606 1122 1670 si
1147 1626 1184 1672 es
1206 1607 1312 1690 ligata
1330 1614 1411 1675 voto

238 1716 413 1794 castitatis,
431 1740 447 1772 u
464 1719 539 1790 etc,
557 1733 638 1780 nam
655 1733 718 1780 nec
739 1719 818 1779 sunt
831 1733 922 1780 verse
934 1714 1158 1790 conditiones,
1176 1732 1240 1780 neo
1261 1715 1413 1781 inierunt

132 1903 135 1908 ,
238 1824 481 1907 obligationem
494 1825 645 1889 futuram
664 1825 761 1889 bonis
781 1825 988 1890 matrimonii
1011 1824 1227 1902 contrariam,
1251 1823 1311 1889 sed
1329 1843 1412 1908 prae-

237 1933 305 1997 eise
327 1933 624 1998 indicantiactum
647 1950 799 2016 praesens
821 1936 880 1998 aut
903 1932 1124 2017 preteritum,
1153 1950 1174 1995 a
1198 1949 1265 2015 quo
1289 1951 1351 2015 per
1374 1951 1410 1997 se

238 2041 334 2106 valor
345 2041 553 2106 matrimonii
567 2059 637 2105 non
652 2039 788 2125 pendet.

277 2150 376 2233 Resp.
399 2151 430 2214 a.
460 2149 613 2214 Conditio
632 2150 801 2215 contraria
827 2151 1024 2214 substantie
1049 2150 1257 2215 matrimonii
1280 2148 1413 2232 adjecta

238 2257 464 2342 sponsalibus,
482 2258 509 2321 si
524 2256 697 2341 implenda
712 2257 869 2323 differtur
882 2259 919 2320 in
931 2261 1064 2340 tempus
1078 2257 1297 2332 matrimonii,
1315 2255 1412 2320 vitiat

237 2367 321 2430 illud
339 2372 373 2432 et
390 2364 575 2449 sponsalia,
593 2366 672 2448 quia
690 2365 830 2450 perinde
853 2369 906 2430 est
919 2383 958 2430 ac
979 2365 1007 2428 si
1027 2365 1245 2430 matrimonio
1265 2381 1412 2448 appone-

238 2479 342 2552 retur,
358 2494 391 2538 v.
408 2495 441 2556 g.
460 2499 475 2532 α
491 2475 618 2538 Ducam
633 2477 677 2550 te,
695 2475 722 2538 si
747 2474 782 2539 in
797 2475 1014 2539 matrimonio
1030 2474 1288 2555 generationem
1306 2471 1411 2556 prolis

239 2584 431 2660 evitaveris,
448 2589 511 2648 etc.
528 2608 543 2641 »
570 2582 730 2648 Similiter
743 2583 891 2648 conditio
905 2584 1048 2648 adversa
1075 2584 1165 2647 bono
1192 2581 1308 2666 prolis,
1332 2579 1412 2646 iicet

236 2691 410 2776 implenda
426 2692 469 2756 sit
483 2695 561 2756 ante
585 2691 966 2776 matrimonium,vitiat
987 2689 1157 2774 sponsalia
1184 2693 1218 2754 et
1238 2689 1412 2755 matrimo-

239 2801 345 2877 nium,
362 2819 394 2864 v.
412 2819 444 2881 g.
461 2825 476 2858 o
501 2801 627 2864 [lucam
657 2804 700 2877 te,
729 2801 758 2863 si
783 2817 917 2864 veneno
941 2799 1001 2862 tibi
1024 2798 1238 2864 sterilitatem
1251 2815 1411 2882 procura-

236 2911 326 2974 veris
340 2929 347 2984 ;
378 2934 393 2967 »
409 2926 490 2973 nam
504 2908 652 2974 conditio
665 2909 730 2974 ista
744 2909 929 2992 porrigitur
942 2909 985 2974 od
1004 2913 1132 2973 statum
1156 2905 1364 2972 matrimonii
1377 2910 1413 2970 et

237 3017 327 3081 bono
339 3016 444 3100 prolis
459 3016 668 3082 adversatur.
685 3003 727 3080 At
741 3017 769 3081 si
788 3015 937 3082 conditio
962 3020 1041 3080 anie
1067 3014 1325 3080 matrimonium
1349 3013 1411 3077 im·

236 3124 361 3207 plenda
374 3125 575 3190 adversetur
589 3129 723 3190 tantum
736 3123 816 3188 iidei
831 3123 886 3189 vei
910 3121 1199 3219 inseparabilitati,
1224 3138 1294 3186 non
1314 3119 1413 3185 vitiat

237 3232 417 3316 sponsalia,
433 3252 465 3297 v.
481 3253 514 3314 g.
532 3259 547 3292 α
564 3233 692 3298 lincam
707 3237 751 3308 te,
770 3233 797 3296 si
811 3232 894 3297 mibi
907 3231 1041 3296 dederis
1054 3249 1156 3294 usum
1171 3229 1332 3312 corporis,
1355 3228 1411 3293 vei

238 3340 346 3406 donec
357 3341 584 3426 pulchriorem
595 3359 757 3425 sponsam
769 3343 953 3416 invener03
968 3364 983 3398 »
998 3337 1161 3404 namtalis
1175 3336 1335 3414 conditio,
1352 3335 1411 3399 im-

237 3447 363 3532 plenda
375 3453 454 3514 ante
468 3449 736 3525 matrimonium,
753 3450 856 3532 hujus
871 3449 1047 3538 bononnon
1064 3445 1275 3511 adversatur.
1299 3513 1301 3524 ι

237 3619 280 3670 vi.
298 3620 365 3680 oue
380 3585 437 3672 sint
451 3618 660 3673 conditionibus
674 3618 779 3682 affinia,
797 3617 904 3684 etquid
920 3615 1074 3682 operentur
1087 3615 1116 3666 in
1133 3609 1411 3678 dispensationibus?

279 3753 746 3837 Resp.1.i10dos‚causast
766 3752 1019 3818 demonstratio.
1044 3748 1165 3816 Modus
1190 3752 1243 3812 est
1263 3743 1409 3828 adjectio

238 3862 351 3927 oneris
365 3865 444 3945 post
462 3865 675 3926 contractum
695 3861 837 3936 ferendi,
855 3864 890 3924 st
912 3858 1113 3942 exprimitur
1133 3873 1194 3944 per
1210 3851 1410 3939 particulam

239 3979 298 4036 ot:
313 3991 345 4036 v.
362 3989 395 4053 g.
409 3997 425 4030 «
443 3971 534 4037 Duco
547 3975 592 4049 te,
607 3975 646 4035 rit
660 3989 796 4036 mecum
810 3969 987 4053 pictoriam
1003 3985 1173 4032 exerceas..
1193 3989 1208 4023 u
1226 3963 1339 4030 Conso
1358 3965 1411 4026 est

239 4081 412 4164 expressio
429 4084 504 4165 ejus
524 4082 567 4146 ob
590 4081 680 4163 quod
704 4078 924 4152 contrabitur,
949 4080 984 4141 et
1002 4075 1203 4159 exprimitur
1225 4090 1287 4155 per
1308 4070 1410 4154 parti-

237 4189 349 4254 culam
364 4192 446 4274 quia
460 4209 472 4254 .·
487 4210 520 4254 v.
541 4208 574 4271 g.
599 4216 614 4248 r
632 4189 716 4267 Quia
733 4187 856 4253 nobilis
877 4205 924 4263 es,
942 4186 1027 4251 duco
1048 4190 1093 4248 te.
1121 4209 1137 4242 u
1159 4179 1409 4247 Demonstratio

239 4306 291 4364 est
305 4301 478 4384 expressio
494 4303 568 4384 ejus
583 4319 645 4383 per
659 4299 750 4384 quod
770 4297 1144 4379 significaturpersona,
1165 4287 1410 4372 etexprimitur

238 4429 299 4491 per
316 4409 499 4475 relativum
517 4411 587 4492 qui,
606 4413 668 4474 etc.
693 4429 699 4472 :
721 4427 753 4472 v.
770 4425 803 4488 g.
821 4433 843 4464 .«
865 4405 957 4470 Duco
974 4409 1016 4480 te,
1044 4421 1119 4487 qum
1145 4418 1181 4467 es
1204 4398 1327 4473 libera,
1349 4413 1409 4462 no·

239 4517 322 4594 bilis,
347 4543 362 4575 o
377 4523 441 4582 elo.

276 4624 376 4708 Resp.
392 4626 422 4688 l.
444 4623 572 4699 Modus
589 4642 692 4688 causa
711 4629 746 4689 et
769 4622 1011 4688 demonstratio
1035 4638 1097 4704 per
1117 4637 1154 4683 se
1180 4635 1249 4683 non
1268 4632 1409 4699 suspen·

240 4732 326 4800 dunt
350 4731 407 4798 vel
425 4733 545 4797 vitiant
567 4732 849 4798 matrimonium:
870 4732 918 4796 ita
938 4731 973 4795 in
998 4746 1035 4792 re
1056 4745 1161 4803 eom.;
1183 4744 1264 4791 nam
1284 4723 1407 4788 modus
