3508 5568
385 577 425 640 60
681 641 686 654 ,
843 601 893 645 rus
914 599 1093 647 eanonicus.

386 710 428 774 ad
442 712 588 779 formam
603 715 785 782 Tridentini
798 719 1038 794 contraxerint,
1056 725 1115 784 aut
1130 725 1209 803 post
1228 725 1440 787 contractum
1461 739 1556 787 more

384 818 623 887 haereticorum
636 843 844 889 consensum
857 827 1109 891 renovaverint.

380 987 383 1002 ,
426 928 524 1013 Resp.
541 932 571 994 3.
595 931 632 995 ln
650 951 731 997 casu
755 953 821 1017 quo
836 933 1042 1000 revalidatur
1065 937 1322 1001 matrimonium
1349 939 1392 1001 ob
1416 937 1558 1021 impedi-

387 1041 541 1101 mentum
568 1040 750 1122 publicum,
777 1043 969 1108 necessaria
991 1049 1043 1108 est
1060 1044 1241 1127 praesentia
1264 1046 1401 1128 parochi
1431 1051 1466 1110 et
1493 1050 1557 1110 tes·
1654 1107 1656 1115 ,
1734 1095 1735 1120 ,

390 1145 489 1220 tium3
510 1166 590 1212 nam
607 1150 690 1214 alias
709 1168 779 1216 non
801 1153 865 1217 erit
883 1153 1139 1218 matrimonium
1163 1156 1303 1218 lirinum¹
1326 1160 1361 1219 et
1384 1153 1557 1238 probabile

386 1251 421 1316 in
437 1256 521 1320 facie
540 1255 705 1322 Ecclesiae.
723 1260 765 1322 At
779 1260 807 1324 si
822 1260 1105 1344 impedimentum
1129 1266 1181 1326 cet
1204 1262 1389 1338 occultum,
1417 1243 1485 1327 non
1506 1265 1558 1326 est

386 1364 578 1428 necessaria
593 1366 668 1429 talis
683 1369 874 1450 praesentia,
890 1373 928 1432 ut
942 1368 1125 1435 declaravit
1139 1371 1170 1434 S.
1186 1369 1264 1434 Pius
1278 1370 1316 1446 V,
1333 1388 1436 1455 quam
1451 1371 1557 1435 decla-

386 1471 552 1535 rationem
567 1475 720 1557 sequitur
733 1475 763 1540 S.
782 1476 1045 1556 Poemtentiaria,
1063 1481 1097 1542 et
1109 1479 1301 1544 communis
1320 1479 1457 1562 praxis:
1477 1497 1557 1544 narn

260 1663 267 1678 ⁶
385 1577 580 1645 Tridentino
596 1583 716 1646 satissst
731 1584 878 1667 pernen,
896 1585 987 1668 quod
1001 1591 1102 1651 antea
1129 1587 1385 1652 matrimonium
1407 1592 1558 1652 contrae-

387 1691 460 1750 tum
482 1687 577 1752 sitin
597 1689 681 1753 facie
705 1689 877 1768 Ecclesia,
900 1693 1053 1776 adeoque
1075 1694 1209 1773 probari
1231 1694 1354 1776 poseit3
1378 1693 1426 1759 ita
1443 1698 1482 1757 ut
1507 1713 1558 1758 re-

320 1831 322 1834 ·
386 1793 546 1860 validatio
572 1799 818 1864 retrotrahatur
838 1799 881 1864 ad
908 1805 1043 1885 tempus
1072 1819 1139 1886 quo
1166 1803 1347 1884 praesentia
1365 1802 1503 1885 parochi
1524 1806 1559 1866 et

389 1904 525 1967 testium
538 1905 603 1968 fuit
615 1907 773 1972 adhibita.
790 1909 857 1974 Nec
867 1911 979 1974 obstat
989 1910 1081 1995 quod
1089 1909 1191 1976 Clam.
1201 1910 1272 1974 Vlll
1281 1911 1410 1976 feratur
1425 1911 1558 1995 dispen-

387 2032 480 2080 sasse
499 2021 538 2079 ut
559 2017 758 2084 revalidatio
773 2020 871 2085 iteret
890 2022 963 2086 sine
983 2021 1132 2105 parocho
1152 2027 1186 2087 et
1208 2021 1363 2096 testibus,
1388 2039 1469 2086 nam
1493 2020 1559 2092 dis7

386 2125 541 2207 pensatio
555 2124 621 2190 ista
635 2125 691 2191 vel
702 2127 766 2192 fuit
780 2127 822 2192 ad
837 2131 1004 2212 majorem
1017 2129 1186 2195 cautelam
1199 2135 1233 2194 et
1249 2129 1479 2204 securitatem,
1506 2128 1559 2192 vel

386 2235 582 2300 necessaria
595 2235 661 2300 fuit
679 2253 723 2298 ex
742 2255 782 2301 eo
798 2237 877 2320 quia
890 2237 1174 2321 impedimentum
1189 2237 1224 2302 in
1240 2238 1315 2303 foro
1337 2242 1478 2302 externo
1497 2235 1560 2300 luit

387 2341 559 2424 probabile
581 2342 781 2422 :Schmalz.‚
799 2364 866 2409 an.
889 2346 958 2410 119.

428 2451 527 2534 Resp.
543 2451 573 2514 4.
590 2451 773 2536 Episcopus
788 2459 905 2518 contra
920 2453 1095 2519 decretum
1109 2451 1196 2518 Trid.
1211 2471 1281 2518 non
1296 2457 1409 2537 potest
1427 2453 1560 2536 diepen-

387 2578 473 2636 sare,
491 2565 529 2624 ut
542 2561 799 2626 matrimonium
812 2560 1061 2627 clandestinum
1075 2560 1201 2638 valeat;
1220 2581 1300 2626 narn
1319 2561 1394 2626 talis
1408 2565 1561 2644 potestas

388 2667 417 2730 ei
434 2687 504 2732 non
527 2669 734 2744 conceditur,
752 2669 899 2733 maxime
923 2688 1001 2733 curn
1023 2669 1087 2752 ipsi
1113 2669 1352 2735 contrahentes
1375 2669 1561 2733 reddantur

388 2776 528 2840 omnino
544 2775 708 2841 inhabiles
724 2775 767 2840 ad
781 2777 828 2840 sio
852 2776 1134 2841 contrabendum.
1165 2777 1279 2861 Neque
1303 2778 1338 2841 in
1368 2777 1502 2842 casibus
1526 2775 1560 2840 in

388 2884 511 2965 quibus
525 2889 604 2948 ante
623 2883 709 2946 Trid.
737 2884 954 2950 matrimonia
979 2883 1190 2950 clandestina
1211 2889 1307 2949 erant
1326 2885 1426 2962 licite,
1460 2884 1560 2949 hodie

388 2997 466 3074 post
478 2991 565 3055 Trid.
582 2997 662 3054 sunt
676 2990 805 3068 valida;
822 2993 902 3075 quia
914 3010 1014 3058 cesus
1028 2993 1084 3058 isti
1098 3012 1168 3059 non
1191 2993 1408 3076 reperiuntur
1430 2977 1563 3075 excepti

388 3099 557 3163 adecreto
572 3099 742 3164 irritante:
755 3099 803 3164 uti
815 3104 895 3164 sunt
908 3101 1096 3184 periculum
1107 3101 1238 3178 mortis,
1254 3119 1358 3182 grave
1373 3101 1502 3166 malum
1518 3120 1561 3165 ex

387 3207 521 3290 publico
534 3207 751 3273 matrimonio
767 3208 1059 3285 secuturum,mali
1065 3209 1332 3292 tiosaimpeditio
1340 3209 1558 3283 matrimonii,

387 3313 576 3395 periculum
591 3314 786 3381 amittenda
796 3317 1056 3399 opportunitatis
1067 3316 1149 3380 illud
1157 3315 1389 3392 contrahendi,
1399 3322 1433 3380 et
1443 3315 1560 3382 revali-

388 3420 479 3486 datio
494 3421 583 3486 illius
593 3424 725 3506 publice
731 3425 905 3500 contracti,
916 3426 944 3488 si
956 3423 1239 3508 impedimentum
1248 3423 1309 3488 ilat
1321 3425 1492 3489 notorium
1506 3425 1558 3507 (l).

430 3529 529 3612 Resp.
547 3533 577 3594 5.
594 3530 724 3596 Fideles
739 3536 957 3596 transeuntes
977 3551 1018 3596 ex
1035 3531 1110 3596 loco
1126 3533 1183 3594 ubi
1201 3529 1288 3595 Trid.
1311 3550 1380 3597 non
1403 3532 1561 3597 observa-

392 3641 446 3700 tur
459 3637 501 3701 ad
521 3636 634 3703 locum
649 3638 707 3702 ubi
722 3639 933 3714 observatur,
955 3643 1115 3704 tenentur
1129 3657 1265 3704 servare
1273 3639 1419 3704 formam
1428 3639 1561 3703 Triden-

391 3745 452 3808 tini
469 3765 475 3807 :
492 3764 571 3810 nam
585 3746 717 3811 ratione
730 3752 923 3812 contractus
947 3747 1137 3811 sortiuntur
1153 3748 1267 3811 forum
1287 3748 1327 3830 (c.
1344 3748 1402 3810 ssn.
1419 3747 1461 3812 e'e
1474 3747 1559 3811 Fero

391 3853 560 3938 compet.);
578 3871 671 3935 ergo,
688 3858 727 3918 ut
740 3855 852 3920 valide
865 3857 1077 3932 contrahant,
1095 3859 1257 3919 tenentur
1270 3874 1407 3928 servare
1416 3857 1562 3921 formam

392 3961 648 4026 substantialem
656 3963 1109 4047 praescriptemmatrimonio
1121 3964 1156 4027 in
1166 3963 1223 4028 tali
1233 3963 1308 4029 loco
1318 3963 1559 4030 contrahendo.

391 4069 433 4133 nt
451 4071 479 4134 si
497 4089 539 4134 ex
556 4070 630 4154 loco
646 4072 702 4136 ubi
723 4072 809 4137 Trid.
828 4072 1038 4149 observatur,
1054 4074 1196 4138 venient
1214 4072 1257 4138 ad
1275 4072 1389 4138 locum
1408 4073 1467 4137 ubi
1493 4091 1574 4144 non,

391 4179 601 4256 observatur,
619 4180 741 4252 animo,
759 4180 805 4245 ihi
830 4181 956 4262 figendi
979 4180 1198 4256 domicilium,
1223 4182 1334 4247 valide
1358 4181 1563 4247 contrahunt

390 4287 644 4352 matrimonium
658 4287 917 4354 clandestinum.

424 4513 457 4577 (l)
472 4515 581 4576 timont,
597 4516 625 4566 iu
641 4515 724 4568 Theol.
738 4531 813 4580 mer„
827 4521 859 4569 tr.
870 4518 896 4584 t,
909 4522 921 4580 5
934 4521 972 4584 li,
982 4533 1008 4583 q.
1028 4521 1051 4580 i,
1065 4518 1150 4579 docet,
1165 4519 1193 4569 in
1208 4533 1269 4570 casu
1288 4531 1342 4583 quo
1357 4519 1487 4584 superior,
1497 4533 1523 4567 v.
1535 4533 1561 4584 g.

391 4591 460 4658 Papa
473 4594 516 4644 vot
530 4595 678 4658 episcopus,
692 4595 758 4646 odiri
773 4609 828 4646 nen
841 4599 936 4662 potest,
949 4601 1125 4648 concurrente
1145 4598 1309 4660 necessitate,
1324 4597 1357 4648 ab
1372 4597 1491 4649 interiori
1509 4598 1560 4648 dis·

391 4669 495 4732 pensari
510 4684 587 4733 posse
601 4685 633 4722 ex
643 4675 804 4736 presumpte
818 4671 924 4724 licentia
938 4671 1090 4737 superioris.
1105 4673 1307 4725 Observandum
1316 4676 1431 4724 tamena
1446 4675 1484 4724 sic
1498 4687 1561 4723 con·

392 4745 556 4797 trahentibus
567 4746 749 4812 jurameutum
763 4747 899 4814 libertatis,
911 4749 989 4815 iuxta
1003 4749 1125 4814 dicende,
1140 4765 1165 4800 v.
1179 4764 1203 4814 g.
1221 4755 1234 4811 5
1248 4750 1308 4814 Quis
1318 4753 1412 4802 autem.
