3508 5568
494 543 496 548 ’
552 537 639 582 nasa
660 537 798 591 orsurus
819 537 1043 584 nscaarsnuu.
1348 517 1387 582 ia‘

212 658 337 736 praetcr
359 651 519 717 debctum
541 655 784 731 fornicationis,
810 655 846 718 in
870 673 938 739 quo
961 674 1022 740 par
1046 660 1098 720 est
1120 672 1257 740 sponso,
1283 653 1385 717 etiam

213 761 319 825 altera
341 779 443 826 causa
468 766 520 824 cst
543 762 697 844 specialis
721 762 960 846 turpitudinis;
983 781 1063 828 nam
1087 779 1190 827 causa
1213 761 1387 826 sufficiens

213 869 384 933 resiliendi
406 874 459 933 est
474 867 613 934 violatio
637 869 715 934 fidei
737 869 944 952 sponsalitia
968 871 1031 952 (cit.
1057 889 1128 953 cap.
1154 869 1204 945 fb,
1226 870 1268 932 de
1292 868 1388 932 lure-

208 977 294 1058 jur.)
320 982 355 1040 et
388 975 598 1041 rationabilis
628 979 740 1053 timor,
764 983 865 1061 atque
892 977 1079 1042 diffidentia
1104 977 1146 1042 dc
1174 975 1388 1041 observanda
1484 1045 1491 1060 ,

213 1083 295 1147 olim
326 1084 393 1148 lide
424 1084 613 1166 conjugali3
649 1084 710 1149 sed
739 1085 812 1149 haec
843 1103 946 1150 causa
979 1091 1113 1161 manet,
1146 1085 1208 1149 etsi
1242 1089 1386 1166 uterque

214 1211 360 1276 sponsus
386 1192 589 1269 fornicatum
623 1212 704 1274 ergo
732 1195 866 1277 utrique
895 1193 1024 1258 resilire
1050 1193 1138 1258 licet.
1164 1193 1231 1257 Nec
1263 1193 1385 1268 obstat,

215 1301 305 1386 quod
325 1319 471 1384 sponsus
487 1301 628 1366 alteram
649 1320 788 1368 causam
807 1301 979 1366 resiliendi
993 1303 1131 1376 habeat;
1151 1301 1275 1365 sufficit
1296 1300 1387 1362 enim

214 1426 347 1491 sponsae
363 1427 433 1472 una
446 1427 548 1475 causa
571 1407 775 1492 principalis,
802 1409 929 1474 scilicet
942 1409 1028 1474 fides
1043 1408 1254 1492 sponsalium
1268 1409 1385 1482 fracta,

215 1521 249 1580 et
262 1515 450 1582 diffidentia
465 1515 506 1580 de
520 1517 587 1581 fide
602 1517 794 1600 conjugali;
811 1519 898 1582 sicut
917 1518 1016 1582 uxori
1037 1518 1162 1581 suflicit
1182 1515 1387 1580 adulterium

213 1624 335 1697 mariti,
361 1629 399 1686 ut
417 1624 460 1688 ob
480 1623 545 1688 boc
569 1623 737 1688 divertere
762 1625 880 1707 possit,
908 1625 985 1689 licet
1009 1627 1121 1708 major
1148 1625 1192 1688 sit
1213 1622 1387 1707 turpitudo

212 1733 328 1796 uxoris
343 1730 575 1796 adulterantis.
589 1732 668 1828 ⁸Nec
681 1751 743 1815 pro
763 1733 913 1798 secunda
933 1733 1104 1797 sententia
1116 1733 1197 1798 facit
1212 1731 1244 1814 (l.
1265 1731 1304 1807 ll,
1326 1731 1385 1809 §2

210 1837 246 1901 ff.
261 1840 302 1902 dc
319 1837 506 1924 Comperta.)
529 1841 621 1922 quod
642 1841 736 1924 paria
756 1840 878 1906 delicta
898 1846 1018 1906 mutua
1031 1840 1309 1924 compensatione
1327 1838 1388 1902 tol-

209 1945 332 2022 lantur,
349 1965 429 2011 nam
443 1946 500 2010 lex
518 1944 584 2010 ista
597 1947 750 2030 procedit
765 1947 806 2011 de
822 1948 1100 2031 compensatione
1120 1946 1210 2012 civili
1229 1947 1387 2030 pecunia-

208 2056 268 2131 ria,
287 2061 323 2120 ut
333 2056 361 2118 si
376 2056 436 2118 tibi
451 2055 516 2118 feci
531 2055 696 2120 damnum
712 2057 781 2134 ico,
800 2063 834 2122 et
848 2062 885 2122 tu
900 2057 983 2122 mihi
999 2057 1162 2123 damnum
1181 2057 1249 2133 100,
1266 2053 1387 2120 delicta

208 2168 273 2232 ista
296 2171 417 2230 mutuo
441 2165 586 2230 civiliter
607 2183 886 2250 compensamus;
911 2173 946 2232 at
966 2169 1002 2232 in
1026 2173 1144 2234 nostro
1169 2186 1248 2233 casu
1272 2167 1386 2232 locum

208 2274 410 2350 nonhabet,
428 2273 507 2356 quia
522 2275 632 2355 posito
648 2275 769 2357 aequali
783 2275 906 2340 delicto
921 2276 1154 2342 fornicationis
1171 2293 1242 2340 non
1259 2275 1387 2340 tollitur

85 2419 87 2426 ·
208 2399 314 2446 causa
328 2380 512 2458 resiliendi,
525 2385 609 2464 puta
623 2382 811 2448 diffidentia
824 2384 865 2448 de
881 2383 947 2448 ilde
961 2383 1144 2466 conjugali.

247 2489 279 2553 3⁰
302 2489 336 2552 Si
360 2505 487 2571 sponsa
509 2507 570 2572 per
591 2489 662 2566 vim
681 2496 840 2574 corrupta
864 2497 930 2568 est,
957 2491 1015 2556 dat
1037 2509 1175 2556 causam
1200 2490 1383 2567 resiliendi,

210 2601 288 2683 quia
301 2600 495 2665 notabiliter
505 2602 619 2666 evadit
634 2599 781 2664 deterior
798 2604 832 2664 et
848 2599 978 2682 turpior
996 2605 1080 2681 (cau.
1097 2599 1147 2675 33,
1163 2599 1315 2682 Raptor,
1332 2599 1383 2677 at,

210 2712 329 2789 quaest.
346 2708 388 2790 tl,
406 2713 441 2772 et
454 2708 611 2791 quamvis
632 2707 724 2772 idern
739 2706 914 2771 videretur
929 2706 1109 2771 dicendum
1125 2707 1166 2771 de
1181 2699 1306 2790 sponso
1324 2725 1386 2789 per

210 2816 280 2878 vim
293 2821 464 2899 corrupto,
481 2821 596 2881 tamen
619 2817 815 2900 oppositum
831 2820 883 2880 est
899 2815 1122 2899 probabilius;
1140 2815 1220 2899 quia
1239 2834 1385 2899 sponsus

210 2942 271 3006 per
292 2924 357 2988 boc
380 2943 451 2989 non
473 2925 511 2988 fit
527 2925 638 3000 vilior,
655 2925 720 2988 nisi
735 2925 851 2989 forsan
866 2924 1065 2988 sodomitice
1086 2927 1264 3007 corruptus
1284 2921 1393 2987 foret'

249 3035 282 3098 4⁰
294 3034 414 3100 Tactus
434 3032 606 3116 impudici,
625 3033 752 3107 oscula,
770 3038 804 3096 st
818 3032 945 3096 similes
961 3037 1055 3096 actus
1071 3050 1091 3095 a
1106 3049 1232 3114 sponsa
1246 3031 1384 3095 admissi

212 3144 293 3208 dant
314 3162 440 3228 sponso
459 3161 597 3207 causam
617 3143 842 3206 sufficientem
862 3141 1052 3218 resiliendi;
1071 3160 1151 3206 narn
1171 3141 1245 3206 talis
1261 3159 1386 3224 sponsa

211 3253 427 3335 praesumitur
449 3251 617 3336 impudice
640 3251 770 3327 vivere,
795 3255 829 3314 et
852 3269 998 3333 sponsus
1021 3251 1094 3314 sine
1119 3249 1284 3314 dedecore
1309 3267 1386 3314 cam

214 3359 336 3424 ducere
356 3361 483 3444 nequit.
509 3359 612 3424 Secus
634 3365 686 3422 cst
703 3359 739 3423 in
759 3377 896 3442 sponso,
923 3358 979 3442 qui
1003 3375 1065 3440 per
1086 3356 1170 3422 tales
1192 3362 1287 3422 actus
1306 3375 1385 3420 cum

193 3453 278 3532 ¹alia
300 3468 427 3532 femina
450 3467 652 3532 commissos
673 3464 874 3546 regulariter
888 3485 959 3530 non
973 3466 1012 3529 fit
1025 3463 1135 3540 vilior,
1152 3484 1263 3548 neque
1284 3465 1385 3530 dede-

213 3593 273 3639 cus
297 3574 353 3638 vel
375 3575 551 3640 infamiam
580 3593 715 3656 sponsae
744 3574 861 3648 infert,
888 3573 953 3636 nisi
980 3579 1075 3638 actus
1099 3574 1154 3636 isti
1180 3580 1295 3638 essent
1321 3574 1385 3638 fre-

215 3687 369 3765 quentes,
397 3683 454 3765 qui
476 3687 681 3763 generarent
703 3680 926 3745 diffidentiam
949 3680 990 3744 da
1012 3679 1079 3744 fide
1092 3680 1285 3764 conjugata
1305 3685 1386 3746 tunc

215 3790 306 3854 enim
322 3794 437 3856 esseut
451 3807 584 3876 sponsae
599 3807 701 3854 causa
716 3789 887 3852 sufficiens
905 3787 1076 3852 resiliendi
1091 3807 1112 3853 a
1125 3807 1263 3872 sponso.

253 3897 352 3981 Resp.
366 3897 396 3960 l.
414 3898 530 3961 Omnis
552 3896 709 3962 notabilis
728 3896 872 3960 mutatio
893 3896 1107 3978 sponsalibus
1127 3897 1382 3980 superveniens,

214 4005 269 4070 vel
289 4003 494 4084 antecedens
517 4002 665 4088 quidem,
684 4004 744 4068 sed
757 4004 907 4086 primum
922 4009 1000 4086 post
1017 4003 1074 4069 illa
1085 4005 1315 4082 innotescens,
1333 4011 1386 4069 est

213 4129 315 4176 causa
339 4112 509 4178 sufficiens
535 4109 723 4186 resiliendi;
756 4111 804 4174 uti
829 4116 881 4174 cst
908 4130 951 4174 cx
978 4115 1073 4194 parte
1097 4112 1248 4194 corporis
1276 4111 1386 4175 defor-

213 4219 324 4295 mitas
347 4218 442 4297 velut
464 4218 602 4282 antissio
629 4217 727 4293 oculi,
752 4218 897 4292 narium,
919 4237 1056 4293 manus,
1077 4218 1186 4301 lepra,
1207 4217 1383 4300 paralysis,

213 4329 268 4393 vel
293 4328 379 4393 alius
407 4329 546 4392 morbus
572 4326 765 4392 incurabilis
791 4327 829 4408 (c.
857 4328 916 4401 95,
943 4327 984 4391 de
1009 4327 1189 4407 loressan
1221 4345 1264 4389 ex
1290 4331 1385 4409 parte

213 4437 333 4514 animi,
356 4436 452 4520 pravi
475 4453 600 4511 mores,
624 4435 817 4512 crudelitas,
843 4435 1005 4510 ebrietas,
1032 4435 1206 4510 scortatio,
1232 4434 1382 4510 haeresia,

213 4545 428 4619 veneficium,
446 4543 629 4608 inimicitiae
644 4542 804 4626 capitales
818 4544 907 4622 inter
922 4561 1066 4626 sponsos
1081 4547 1140 4606 aut
1166 4560 1285 4606 eorum
1307 4561 1384 4625 pro-

215 4652 370 4734 pinquos,
389 4657 451 4716 etc.
469 4651 515 4714 Ex
536 4656 631 4734 parte
650 4651 875 4725 fortunarum,
898 4651 924 4714 si
947 4669 1048 4726 unus,
1070 4649 1125 4714 vel
1144 4655 1287 4733 uterque
1302 4633 1386 4734 pali-
