3508 5568
515 631 603 678 tissa
626 631 762 687 ousnrus
784 627 1003 678 uecnsmnun.
1289 635 1291 642 ·
1325 611 1344 674 3

176 769 260 816 vero
285 752 343 834 qui
357 751 572 832 spondebant
594 750 683 834 quod
706 751 779 814 viro
791 749 965 832 stipulanti
983 727 1146 812 ie'minam
1156 747 1191 811 in
1202 763 1345 810 uxorem

178 859 309 935 darent,
339 859 536 923 dicebantur
560 877 765 941 sponsores;
790 863 825 920 et
846 862 941 920 actus
965 873 1032 938 quo
1054 856 1257 919 caeremonia
1281 855 1347 918 ista

104 969 110 976 '
177 969 415 1048 peragebatur,
433 967 542 1032 dictus
557 966 804 1052 estsponsolie.
827 963 968 1028 Omissis
983 963 1056 1028 aliis
1082 963 1345 1046 acceptionibus,

177 1074 349 1157 sponsalia
373 1076 408 1140 in
429 1078 506 1158 jure
521 1076 710 1160 praesertim
734 1070 903 1140 canonico
924 1071 1101 1154 dupliciter
1114 1071 1345 1154 accipiuntur:

178 1183 211 1244 1ο
224 1183 349 1259 stricte,
372 1201 433 1246 seu
455 1183 620 1267 speciiice,
647 1186 749 1265 prout
762 1181 947 1264 important
968 1179 1229 1262 promissionem
1243 1181 1348 1244 iuturi

178 1291 403 1367 matrimonii;
419 1292 452 1354 2⁰
467 1291 546 1367 lete,
563 1295 687 1356 etcum
701 1289 815 1354 addito
827 1288 999 1374 sponsalia
1009 1287 1055 1352 -de
1064 1290 1235 1373 prasenti,
1249 1295 1349 1372 prout

178 1399 366 1482 important
380 1401 637 1464 matrimonium
652 1403 780 1475 ratnm;
797 1396 988 1480 cujusmodi
1004 1396 1206 1478 significatio
1221 1404 1273 1460 est
1286 1398 1349 1461 ire-

179 1524 288 1588 quens
305 1506 340 1570 in
351 1509 429 1594 Jure
443 1508 504 1590 (tit.
522 1507 563 1571 de
578 1505 711 1592 Sponsa
724 1504 880 1584 duorum,
896 1523 924 1568 c.
941 1504 981 1568 ii
996 1509 1030 1567 et
1042 1504 1078 1566 31
1094 1504 1127 1568 lr.
1145 1509 1181 1580 t.,
1200 1506 1276 1586 etc.)
1291 1506 1347 1567 tir-

177 1621 357 1697 maturque
388 1633 453 1678 usu
475 1615 683 1698 quotidiano,
705 1633 772 1698 quo
792 1631 911 1678 recens
932 1613 1149 1677 matrimonio
1168 1613 1278 1694 juncti
1304 1611 1350 1675 di·

177 1727 302 1786 cuntur
322 1723 438 1804 sponsi
461 1726 495 1786 et
516 1741 673 1805 sponsae3
699 1726 738 1786 ut
759 1720 901 1805 proinde
925 1739 995 1785 non
1019 1719 1087 1783 sint
1113 1718 1253 1784 curandi
1279 1721 1347 1802 qai,

176 1847 255 1892 cum
271 1849 324 1894 res
339 1831 430 1912 ipsas
443 1847 582 1913 carpere
596 1848 665 1894 non
682 1828 829 1906 valeant,
845 1828 985 1893 nomina
1006 1831 1158 1908 carpunt.
1176 1827 1234 1891 llio
1248 1845 1351 1908 agen-

177 1937 260 2002 dum
275 1937 316 2001 de
331 1937 545 2020 sponsalibus
559 1938 669 2020 primo
685 1936 786 2002 modo
803 1937 971 2019 spectatis.

495 2125 515 2174 1.
531 2121 604 2184 Quid
620 2121 679 2176 sint
692 2122 835 2187 sponsalia
848 2121 941 2186 quoad
956 2125 1035 2175 rema

217 2266 317 2350 Resp.
333 2266 419 2330 Sunt
439 2268 568 2332 mentio
584 2273 618 2334 et
630 2266 849 2351 repromissio
860 2266 1056 2349 nuptiarum
1070 2267 1273 2342 futurarum,
1290 2281 1350 2329 seu

178 2373 350 2458 sponsalia
365 2381 445 2438 sunt
458 2381 652 2440 contractus
668 2373 913 2450 consensualis,
931 2393 998 2458 quo
1013 2376 1065 2439 vir
1083 2379 1118 2438 et
1136 2373 1259 2438 mulier
1272 2373 1352 2438 reoi-

177 2500 278 2564 proce
291 2483 510 2546 consentiunt
525 2484 751 2566 supersuturo
761 2482 979 2546 matrimonio
988 2481 1139 2563 legitime
1152 2483 1241 2545 inter
1252 2500 1290 2545 se
1301 2482 1350 2544 in-

179 2589 312 2654 eundo:
330 2590 378 2654 ita
392 2591 427 2653 in
442 2608 479 2654 re
495 2608 619 2654 comm.
636 2589 733 2670 Ratio
748 2587 983 2653 introducendi
1000 2589 1170 2672 sponsalia
1185 2589 1258 2665 init,
1278 2594 1351 2652 tum

179 2703 217 2761 ut
226 2697 482 2762 matrimonium
497 2716 567 2762 non
578 2703 717 2774 temere,
735 2696 795 2762 scd
809 2716 888 2762 cum
897 2696 1277 2778 magnadciiberationc
1289 2695 1352 2760 eli-

178 2811 336 2886 geretur3
362 2809 436 2868 tum
458 2809 496 2868 ut
510 2805 648 2869 daretur
660 2810 859 2888 competens
875 2807 1039 2870 terminus
1054 2805 1097 2870 ad
1109 2805 1353 2888 impedimenta

180 2912 381 2994 detegenda.
400 2912 603 2995 Simpliciter
616 2916 732 2978 autem
741 2911 923 2996 loquendo,
933 2913 1189 2978 matrimonium
1202 2913 1354 2976 contrabi

179 3019 270 3083 valet
282 3021 410 3102 absque
424 3020 559 3102 praeviis
573 3018 799 3103 sponsalibus,
818 3025 856 3084 ut
869 3019 958 3084 clarc
973 3019 1143 3102 colligitur
1154 3039 1196 3084 ex
1210 3039 1238 3084 c.
1257 3021 1287 3096 9,
1304 3021 1352 3098 ii,

181 3132 216 3190 et
232 3128 269 3190 31
287 3128 320 3190 b.
338 3132 361 3191 t.
378 3128 447 3192 Nec
463 3132 515 3192 est
539 3128 666 3210 paritas
680 3146 700 3191 a
714 3127 882 3192 novitiatu
904 3147 910 3190 :
933 3128 1023 3212 quod
1040 3129 1131 3192 anim
1150 3129 1179 3191 is
1193 3127 1351 3210 praemitti

183 3236 374 3300 necessario
391 3234 512 3300 debeat
525 3235 728 3317 professioni
742 3234 921 3316 religiosae,
937 3236 1082 3299 babetur
1095 3236 1195 3300 hodie
1212 3237 1270 3317 Jus
1288 3235 1353 3298 cia-

181 3362 257 3407 rum
272 3343 384 3423 (irid,
396 3362 423 3407 s.
439 3344 489 3418 25,
504 3360 532 3406 c.
543 3343 592 3418 iit,
606 3343 646 3406 de
658 3343 763 3426 liep),
775 3342 875 3426 quale
887 3346 944 3425 jus
956 3360 1027 3407 non
1039 3349 1149 3408 exstat
1160 3342 1201 3406 de
1215 3361 1354 3426 sponsa-

180 3451 268 3517 libus
281 3453 500 3517 matrimonio
515 3452 772 3535 praemittendis.

219 3559 347 3624 Dicitur
361 3565 477 3624 autern
497 3559 644 3643 legitime
665 3559 824 3637 ineundo,
846 3561 925 3645 quia
952 3560 1123 3644 sponsalia
1142 3559 1252 3625 valide
1281 3579 1351 3624 non

182 3671 395 3746 contrahunt,
412 3671 477 3733 nisi
490 3670 537 3734 illi
557 3671 646 3736 inter
665 3690 750 3754 quos
765 3672 1022 3736 matrimonium
1037 3673 1223 3737 consistere
1240 3679 1353 3756 potest

183 3781 309 3863 absque
328 3777 398 3842 ullo
422 3777 666 3862 impedimento
690 3780 777 3861 juris
796 3780 959 3845 naturalis
975 3785 1009 3844 et
1032 3781 1204 3855 canonioi;
1227 3800 1270 3844 ne
1293 3781 1352 3844 sci-

182 3885 259 3950 licet
273 3886 372 3950 detur
386 3885 546 3967 obligatio
562 3886 759 3968 sponsalitia
773 3887 815 3952 ad
829 3886 955 3970 aliquid
976 3887 1163 3952 invalidum
1177 3887 1233 3952 vel
1255 3893 1351 3971 turpe

184 3994 421 4075 adstringens:
438 3993 528 4060 unde
551 3993 684 4058 deiectu
717 4013 798 4058 usus
821 3996 961 4060 rationis
993 3995 1162 4078 sponsalia
1185 3997 1270 4059 inire
1294 4014 1353 4060 ne-

186 4109 313 4186 queunt
335 4103 492 4178 infantes,
519 4102 647 4178 furiosi,
673 4107 838 4179 amentes,
855 4103 919 4166 nisi
945 4104 981 4166 in
1000 4103 1119 4168 lucidis
1145 4104 1351 4180 intervallis;

186 4211 330 4292 perfecte
356 4209 456 4284 ebrii;
484 4210 578 4286 item,
602 4209 660 4292 qui
680 4209 781 4273 simui
805 4215 931 4287 mutus,
955 4211 1078 4276 surdus
1102 4217 1136 4276 et
1155 4229 1263 4275 caecus
1287 4217 1349 4287 est,
1454 4271 1456 4276 .

186 4319 356 4384 moraliter
369 4317 552 4402 loquendo,
577 4317 636 4382 vix
650 4323 750 4400 aptus
772 4322 824 4382 est
847 4318 890 4382 ad
913 4319 1144 4384 contrahenda
1169 4320 1350 4402 sponsalia,

187 4444 261 4490 cum
277 4445 339 4492 nec
353 4426 477 4502 verbis,
491 4443 554 4490 nec
578 4425 683 4506 signis
704 4425 825 4489 instrui
847 4429 954 4508 possit
977 4427 1018 4490 de
1041 4429 1268 4494 matrimonio.
1292 4430 1353 4494 De-

188 4536 285 4619 nique
301 4533 470 4618 sponsalia
491 4535 691 4599 contrahere
706 4551 775 4598 non
793 4541 947 4618 possunt,
972 4536 1174 4620 quicumque
1198 4537 1354 4602 laborant

189 4643 297 4725 aliquo
312 4663 354 4706 ex
367 4642 619 4726 impedimentis
635 4643 871 4708 dirimentibus
885 4650 945 4708 aut
958 4645 1231 4727 impedientibus.
