3500 5552
569 531 658 580 51555
680 531 807 590 0001505
828 533 1049 582 0505555005.
1338 519 1397 582 545

203 701 208 710 .
223 653 294 718 veri
307 653 502 730 habentem,
520 654 554 718 id
569 659 631 728 est,
649 673 730 719 vere
745 673 764 720 a
778 657 953 738 superiore
967 655 1139 732 collatum,
1157 657 1218 721 sed
1231 656 1363 722 nullum
1377 677 1397 722 a

223 765 318 842 parte
340 761 399 824 rei.
417 760 501 825 Cum
520 761 682 836 delectus,
703 767 741 826 ut
760 764 972 846 supponitur,
989 767 1165 827 remaneat
1181 763 1343 840 occultus,
1360 765 1398 828 rt

224 873 261 930 ut
273 869 402 933 habens
415 868 517 933 talem
532 869 668 933 titulum
683 870 848 936 habeatur
862 870 1090 936 communiter
1104 875 1142 934 ut
1154 890 1257 936 verus
1270 874 1399 937 confes

199 1041 202 1052 ,
225 979 349 1055 sarius;
372 979 450 1044 binc
472 998 607 1068 semper
630 979 746 1043 titulus
769 980 938 1046 coloratus
957 981 1177 1064 conjungitur
1191 999 1269 1046 cum
1285 1000 1398 1047 errore

224 1087 408 1150 communi.
430 1088 640 1171 Quapropter
652 1088 680 1150 si
693 1087 841 1152 Ecclesia
849 1088 1122 1170 jurisdictionem
1133 1107 1203 1153 nou
1213 1090 1397 1173 suppleret,

224 1194 346 1257 animae
367 1195 583 1276 privarentur
607 1195 729 1260 mediis
755 1195 932 1262 ordinariis
952 1174 1088 1271 salutis,
1118 1201 1152 1260 et
1176 1198 1305 1280 absque
1330 1196 1399 1262 ullo

224 1300 376 1364 remedio
392 1300 638 1384 deciperentur.
944 1283 945 1286 Ἴ

264 1409 296 1471 2⁰
311 1409 452 1486 Quando
467 1409 564 1486 55051
578 1430 673 1476 error
686 1413 878 1477 communis
893 1409 1066 1476 moraliter
1077 1401 1291 1490 invincibilis,
1303 1412 1350 1476 ita
1361 1418 1399 1476 ut

225 1516 382 1581 sacerdos
399 1519 627 1582 communiter
644 1525 782 1602 putetur
798 1520 923 1584 habere
937 1518 1209 1601 jurisdictionem
1226 1539 1233 1580 ε
1249 1519 1296 1584 115
1309 1537 1400 1585 com-

225 1624 361 1688 munior
380 1627 551 1691 sententia
569 1631 688 1690 contra
705 1627 832 1710 plures,
856 1627 913 1710 qui
938 1626 1039 1693 simul
1061 1627 1238 1711 requirunt
1262 1627 1399 1692 titulum

225 1732 413 1796 coloratum
428 1737 463 1797 et
475 1751 625 1798 errorem
638 1751 868 1798 communem.
894 1734 989 1800 Ratio
1011 1739 1073 1810 est,
1096 1735 1174 1820 quia
1198 1753 1292 1800 error
1308 1753 1400 1801 com·

225 1841 338 1904 munis
360 1842 439 1906 lacit
456 1845 525 1925 jus,
552 1861 613 1907 seu
640 1842 1120 1922 assimilaturconsuetudini,
1143 1849 1177 1908 et
1194 1862 1263 1909 uon
1285 1845 1400 1908 minus

226 1947 317 2014 esset
329 1949 517 2031 periculum
527 1951 563 2015 in
576 1952 643 2016 bod
655 1969 747 2028 casu,
763 1970 867 2035 quam
882 1953 918 2015 in
933 1953 1109 2035 superiori.

264 2060 296 2122 3ο
311 2058 491 2141 1115001551
504 2060 562 2123 El.
580 2079 624 2124 an
646 2061 801 2144 suppleat
810 2047 974 2138 Ecclesia,
1002 2063 1137 2146 quaudo
1159 2064 1234 2146 quis
1257 2063 1402 2130 absolvit

224 2186 303 2232 cum
314 2169 550 2251 jurisdictione
572 2170 748 2254 probabili.
775 2170 891 2236 Verior
910 2172 1080 2236 sententie
1103 2172 1202 2238 docet
1220 2173 1402 2238 Ecclesiam

225 2295 295 2341 non
319 2278 487 2361 supplere,
514 2279 579 2344 nisi
606 2280 741 2364 quando
765 2281 909 2345 babetur
931 2281 1045 2362 gravis
1066 2299 1169 2346 05055
1189 2281 1400 2359 absolvendi,

226 2386 305 2467 0015
326 2386 472 2452 Ecclesia
495 2393 613 2469 ageret
633 2408 694 2453 500
715 2389 938 2454 interveniret
960 2390 1033 2454 sine
1054 2391 1185 2456 ratione
1208 2390 1399 2454 sufficienti.
1470 2437 1473 2442 .

226 2493 317 2575 (Vide
332 2493 464 2572 Bellen,
483 2500 553 2560 not.
571 2497 612 2560 ad
628 2515 661 2560 n.
678 2495 749 2572 549,
769 2501 803 2560 01
821 2496 948 2561 Vindio.
960 2497 1075 2582 Apa,
1090 2516 1167 2580 pag.
1186 2498 1246 2562 485
1268 2501 1401 2580 01500,

225 2601 266 2665 de
282 2603 345 2666 bae
358 2621 396 2668 re
412 2603 650 2686 disputantes.)
667 2603 700 2668 Si
720 2602 939 2685 probabilitas
961 2603 1034 2668 5015
1055 2604 1287 2688 suppeditaret
1304 2605 1404 2670 moti-

224 2727 308 2774 vum
334 2728 377 2773 ex
401 2729 475 2774 sese
502 2709 685 2784 sufficiens,
712 2714 750 2772 01
772 2708 919 2774 Ecclesia
941 2711 1097 2793 suppleat
1116 2711 1400 2794 jurisdictionem,

222 2821 296 2900 jam
310 2817 528 2902 probabilitas
543 2819 617 2901 ipsa
627 2819 812 2882 universim
826 2819 987 2884 inhaere
1003 2818 1190 2897 tolleretur,
1206 2822 1315 2885 souin
1334 2839 1403 2885 cer-

226 2926 407 2992 titudinem
420 2925 612 2992 absolutam
627 2931 894 2992 converteretur.

618 3110 649 3161 V.
667 3109 706 3160 be
723 3107 837 3161 casibus
855 3109 1015 3162 reservatis.

267 3258 299 3337 a)
314 3256 361 3320 De
376 3262 502 3318 001100
516 3253 761 3317 reservationis.
779 3253 925 3319 Casuum
940 3254 1127 3320 reservatio
1147 3259 1200 3319 est
1219 3260 1313 3319 50105
1334 3275 1402 3340 000

229 3363 382 3446 superior
394 3361 492 3426 alicui
506 3361 657 3426 inferiori
672 3359 728 3425 vel
741 3379 811 3425 non
826 3361 980 3425 coneedit
1000 3361 1272 3445 jurisdictionem
1296 3362 1332 3426 in
1348 3363 1405 3428 ali·

229 3490 295 3555 005
318 3475 465 3554 0000515,
493 3469 548 3533 vel
568 3472 641 3552 jam
662 3475 763 3533 55105
783 3488 982 3534 concessam
1006 3469 1118 3534 eidem
1137 3471 1262 3534 iterum
1280 3473 1401 3535 aufert.

228 3578 366 3644 Constat
384 3599 427 3644 ex
441 3584 563 3644 natura
581 3578 837 3661 jurisdictionis,
856 3579 945 3663 quod
960 3579 1032 3642 hac
1044 3583 1156 3661 potest
1169 3578 1316 3655 limitari,
1334 3597 1405 3644 nou

115 3765 121 3770 Ι
229 3705 325 3751 50005
340 3706 379 3753 50
394 3689 610 3770 approbatio;
630 3688 784 3772 sequitur
803 3687 916 3764 etiam,
933 3687 1025 3770 quod
1039 3691 1189 3770 00105155
1209 3688 1404 3753 reservandi

227 3795 389 3877 competit
412 3795 570 3859 omnibus
594 3801 628 3859 et
652 3795 733 3859 solis
755 3794 897 3878 illisqui
921 3799 1126 3878 potestatem
1144 3795 1271 3861 babent
1292 3796 1406 3859 confe-

228 3904 324 3970 rendi
345 3904 617 3988 jurisdictionem
632 3906 839 3970 ordinariam
856 3903 911 3969 vel
930 3904 1121 3986 delegatam
1140 3904 1274 3986 (Confer
1293 3904 1343 3980 1v,
1362 3904 1402 3986 b).

228 4010 353 4078 Tamen
368 4013 579 4077 consuetudo
595 4014 771 4094 abrogavit
782 4013 818 4076 in
828 4013 1196 4096 parochispotesiatem
1207 4011 1405 4076 reservandi

228 4137 337 4196 casus,
354 4139 433 4184 oum
445 4109 634 4204 jurisdictio
651 4120 758 4185 soleat
772 4121 843 4184 dari
859 4122 900 4184 ab
916 4121 997 4203 ipsis
1011 4120 1188 4204 episcopis,
1204 4123 1405 4185 nouantem

229 4249 248 4293 a
267 4229 431 4312 parochis,
450 4229 507 4313 qui
522 4230 663 4311 proinde
680 4235 856 4314 nequeunt
870 4236 1040 4295 coarctare
1060 4230 1237 4295 facultates
1253 4229 1348 4293 datas
1364 4227 1404 4291 ab

230 4337 399 4420 episcopo.
426 4336 529 4401 Casus
550 4355 630 4417 crgo
656 4339 818 4403 reservati
833 4343 913 4402 snut
928 4339 1083 4421 quaedam
1097 4339 1254 4418 graviora
1268 4341 1406 4419 peecata

182 4480 187 4491 ·
224 4461 251 4507 ’5
267 4445 389 4527 quibus
401 4445 541 4508 inferior
555 4444 783 4510 confessarius
804 4445 980 4510 absolvere
996 4445 1125 4528 nequit,
1143 4443 1406 4527 0500105501οο-

231 4556 304 4616 tum
322 4552 587 4635 jurisdictionis;
610 4569 713 4635 quare
737 4571 798 4635 pro
818 4553 1030 4618 absolutione
1054 4552 1200 4616 istorum
1222 4551 1407 4618 obtinenda

232 4661 477 4725 recurrendum
490 4667 541 4725 est
556 4661 596 4724 ad
618 4662 840 4743 superiorem,
866 4664 923 4745 qui
945 4667 1149 4744 potestatem
1170 4664 1212 4727 ab
1234 4659 1406 4726 lrisabsol-

393 4790 436 4832 ru.
736 4769 743 4784 ’
1207 4774 1246 4836 55
