3418 5566
372 583 433 650 390
832 601 882 652 sus
902 603 1083 651 csnourcuu.

373 723 426 786 cui
447 720 604 788 voluerit.
620 720 776 788 Redeunt
798 739 880 804 ergo
901 723 1057 805 superius
1079 721 1169 788 dicta
1183 721 1225 788 de
1249 722 1380 790 ratione
1395 722 1541 808 injuriae.

412 829 601 896 Tandem3⁰
616 830 780 896 sitemina
795 847 858 913 per
872 830 954 908 vim,
967 834 1098 894 metum
1108 833 1429 914 stuprata,remittat
1438 833 1542 898 detio·

356 940 477 1007 ‚ratori
500 940 743 1023 obligationem
768 941 996 1006 satisfaciendi
1024 945 1084 1006 aut
1112 959 1191 1006 cum
1216 940 1275 1007 illo
1297 944 1474 1025 transigat,
1502 944 1544 1008 ed

374 1048 459 1114 nihil
473 1053 610 1114 tenetur
628 1053 809 1132 stuprator,
834 1049 900 1113 nisi
916 1051 1016 1133 juxta
1037 1050 1301 1116 transactionem
1316 1051 1451 1117 iactam.
1472 1051 1543 1116 Gol-

373 1157 490 1242 ligitur
504 1177 547 1225 ex
563 1157 660 1223 dictis
672 1157 714 1223 de
726 1161 803 1246 pure
818 1158 972 1222 mulieris
985 1165 1163 1242 corruptae.

413 1265 580 1347 obligatio
602 1266 715 1332 alendi
728 1267 861 1350 prolem
882 1285 925 1330 ex
944 1272 1061 1350 stupro
1076 1267 1133 1331 vel
1153 1268 1375 1333 fornicatione
1390 1287 1545 1352 procrea·

374 1381 444 1440 tam
457 1376 623 1440 incumbit
632 1381 702 1440 tarn
718 1377 818 1440 matri
834 1393 937 1460 quam
951 1377 1050 1461 patri,
1064 1379 1164 1460 justa
1185 1377 1384 1465 qualitatem
1403 1378 1544 1445 alimen·

374 1490 488 1556 torum
503 1491 538 1554 et
550 1486 727 1554 facultates
743 1487 931 1573 utriusque.

582 1675 624 1726 111.
638 1671 727 1726 tuder
742 1673 773 1726 in
789 1684 876 1726 cauea
888 1673 979 1740 stupri
994 1673 1023 1727 et
1039 1672 1142 1727 modus
1155 1671 1336 1738 procedendi.

320 1849 322 1857 ·
414 1821 446 1884 1⁰
458 1819 493 1886 Si
507 1824 662 1904 stuprum
677 1823 899 1886 commissum
918 1826 1004 1887 esta
1025 1839 1173 1904 persona
1189 1818 1426 1897 ecclesiastiea,
1445 1819 1488 1885 de
1505 1837 1545 1884 eo

373 1931 549 2013 cognoscit
560 1931 668 2014 judex
683 1930 930 1998 ecclesiasticus
951 1953 958 1995 :
975 1951 1055 1998 reus
1069 1937 1122 1996 cst
1137 1931 1305 1997 obnoxius
1326 1930 1386 1995 soli
1401 1931 1476 1994 ioro
1496 1948 1546 1994 ec

374 2040 572 2105 clesiastico.
586 2040 620 2104 Si
630 2059 712 2106 vero
722 2040 846 2116 alaico,
860 2047 912 2105 est
921 2041 1050 2106 crimen
1065 2040 1163 2104 mixti
1176 2040 1261 2105 fori:
1277 2039 1443 2123 imprimis
1452 2038 1494 2104 de
1506 2056 1545 2103 eo

373 2165 580 2230 cognoscere
596 2153 710 2233 potest
721 2149 829 2232 judex
840 2149 1099 2224 ecclesiasticus,
1117 2151 1155 2211 ut
1168 2150 1302 2211 constat
1315 2165 1358 2210 ex
1372 2163 1400 2210 c.
1416 2147 1437 2210 t
1456 2147 1491 2210 h.
1507 2153 1543 2222 t.;

370 2256 478 2340 judex
490 2256 660 2321 saecularis
675 2260 788 2340 potest
802 2257 905 2321 etiam
918 2256 1101 2340 procedere
1117 2259 1236 2320 contra
1243 2252 1366 2320 laicum
1380 2257 1545 2336 stuprate

373 2383 459 2442 rem,
472 2369 511 2428 ut
522 2369 656 2430 constat
670 2383 713 2430 ex
726 2362 840 2430 indole
855 2365 1005 2428 criminis
1020 2368 1055 2428 et
1068 2364 1128 2428 rei.

413 2474 446 2538 9⁰
462 2473 578 2550 Quoad
590 2473 826 2557 probationem
840 2471 929 2537 illius
944 2473 1105 2550 criminis,
1122 2471 1402 2554 distinguendum
1422 2475 1487 2547 est,
1505 2487 1546 2532 an

308 2601 310 2606 ·
375 2585 547 2668 stuprator
560 2583 761 2647 confiteatur
783 2601 820 2648 se
847 2601 921 2648 rem
947 2583 1108 2648 habuisse
1134 2599 1213 2647 oum
1239 2581 1378 2656 femina,
1401 2578 1457 2644 vel
1485 2579 1547 2641 hoc

307 2707 315 2728 ²
374 2695 489 2772 neget.

415 2798 679 2882 ¹¹¹Pfi¹1100asu
698 2819 786 2866 onus
800 2801 966 2884 probandi
975 2799 1065 2884 quod
1078 2799 1217 2863 seducta
1229 2816 1298 2862 non
1312 2797 1377 2861 fuit
1387 2797 1484 2876 virgo
1495 2793 1547 2858 uel
1657 2871 1658 2874 Ἴ

376 2907 468 2990 quod
486 2925 556 2972 non
575 2909 677 2973 luerit
697 2926 718 2973 a
741 2927 777 2973 se
795 2907 945 2984 seducte,
967 2908 1170 2971 transfertur
1190 2907 1225 2971 in
1243 2907 1357 2989 ipsum
1380 2907 1546 2985 stuprato-
1657 2903 1658 2930 i

375 3033 449 3080 rem
461 3035 468 3079 :
482 3016 618 3082 defecto
629 3017 824 3081 commercii
833 3014 978 3080 carnalis
987 3019 1136 3092 constat;
1146 3014 1187 3079 de
1199 3012 1280 3079 solis
1290 3009 1548 3077 circumstantiis

376 3123 521 3189 dubitari
536 3129 665 3207 potest;
682 3129 716 3188 ct
733 3124 810 3188 ideo
825 3123 950 3206 duplex
959 3123 1180 3206 praesumptio
1195 3121 1318 3186 militat
1333 3137 1394 3204 pro
1408 3119 1546 3192 femina,

376 3234 503 3300 scilicet
518 3232 610 3317 quod
627 3233 731 3297 fuerit
751 3231 860 3314 virgo,
878 3232 1011 3310 deinde,
1029 3233 1119 3317 quod
1143 3231 1283 3297 seducta
1305 3235 1357 3297 est
1375 3249 1395 3296 a
1420 3234 1549 3312 stupra-

374 3347 459 3408 tore.
476 3341 514 3405 ln
529 3341 631 3406 dubio
645 3339 759 3424 puella
769 3341 988 3423 praesumitur
996 3341 1140 3422 integra.

415 3449 454 3515 ln
468 3449 618 3514 secundo
631 3467 724 3526 casu,
740 3467 864 3532 nempe
880 3450 908 3512 si
917 3448 1041 3513 mulier
1055 3449 1176 3514 asserit
1188 3467 1225 3514 se
1237 3452 1431 3529 corruptam
1444 3447 1548 3510 fuisse

377 3563 411 3622 et
427 3555 599 3638 stuprator
612 3560 716 3636 neget
731 3574 767 3620 se
781 3555 961 3620 carnaliter
972 3556 1064 3621 illam
1078 3557 1292 3638 cognovisse,
1308 3561 1388 3619 tuno
1412 3571 1481 3618 non
1500 3557 1550 3616 est

378 3664 538 3730 standum
564 3663 744 3728 assertioni
771 3663 934 3740 mulieris,
959 3665 1038 3748 quia
1065 3664 1255 3746 generatim
1277 3679 1364 3727 onus
1385 3659 1550 3744 probandi

377 3772 543 3836 incumbit
570 3773 763 3848 affirmanti,
791 3791 862 3837 non
888 3773 1039 3853 nogenti,
1070 3771 1200 3836 etaliae
1218 3773 1279 3836 uni
1302 3770 1365 3835 soli
1385 3769 1462 3832 testi
1481 3787 1549 3832 non

377 3879 535 3954 creditur,
545 3881 693 3944 maxime
705 3881 741 3943 in
756 3881 892 3963 propria
904 3899 1017 3946 causa.
1028 3880 1156 3964 ltaque,
1166 3876 1277 3964 puelia
1293 3879 1394 3942 debet
1407 3878 1548 3961 probare

377 4005 439 4070 per
460 3990 673 4070 conjecturas
701 3987 893 4071 prohabiles
921 3989 1033 4052 varias
1065 3987 1335 4053 circumstantias
1364 3985 1440 4056 loci,
1468 3989 1549 4047 tem-

377 4095 479 4181 poris,
497 4102 559 4162 ete.

813 4219 829 4292 §
844 4221 891 4276 111.
907 4219 946 4278 ue
960 4217 1118 4278 adulterio.

712 4391 730 4438 1.
753 4387 860 4440 Natura
884 4388 914 4440 et
934 4387 1057 4440 varietas
1079 4361 1220 4440 adulterii.

419 4525 451 4607 a)
466 4524 689 4602 Adulterium,
710 4524 778 4590 late
798 4530 984 4608 sumptum,
1007 4525 1176 4606 significat
1195 4543 1445 4609 quamcumque
1473 4541 1550 4589 con-

376 4633 590 4715 junctionem
611 4631 781 4696 carnalem
800 4651 870 4697 non
891 4631 1126 4716 conjugalem
1149 4633 1262 4697 stricte
1284 4638 1317 4698 et
1337 4633 1484 4716 proprie,
1501 4636 1550 4696 est

377 4739 515 4804 violatio
531 4740 609 4804 ssdei
625 4747 659 4804 et
680 4741 744 4806 tori
769 4739 971 4822 conjugalis.
1002 4740 1111 4817 Quare
1136 4738 1305 4824 duplicem
1327 4740 1430 4805 habet
1456 4738 1549 4802 mali-
