3388 5582
370 587 431 651 631
824 605 884 651 ¹rus
906 605 1084 650 mucurcuu.

372 723 586 796 subjiciuntur,
602 723 807 795 jurameutum
825 721 864 780 ab
885 723 971 781 initio
992 723 1029 782 de
1050 723 1172 782 veritate
1195 722 1333 792 dicenda,
1351 729 1391 796 et,
1411 729 1482 786 ectu
1499 740 1551 783 ex-

368 813 464 886 pleto,
484 812 520 870 de
537 818 652 870 secreto
670 811 827 882 serrendo,
850 813 936 870 tactis
951 813 1153 871 sacrosanctis
1168 811 1220 871 liei
1237 813 1419 887 Evangeliis,
1432 816 1551 874 etiamsi

371 903 433 962 sint
449 903 631 970 sacerdotes,
651 907 951 975 praestaretenentur.
964 905 1031 962 ilaec
1047 901 1073 960 si
1092 907 1177 960 caute
1198 908 1361 976 sancteque
1381 911 1551 976 teneantur,

372 993 489 1052 nullum
505 992 623 1052 invidiae
638 993 828 1065 infamiaeque
844 993 888 1050 rel
904 992 984 1050 aliud
1004 992 1133 1066 quodvis
1144 991 1309 1065 periculum
1325 994 1423 1052 timeri
1438 1000 1549 1066 potest,

373 1082 454 1156 quod
467 1081 513 1139 vel
527 1087 621 1142 testes
636 1097 653 1140 a
667 1083 937 1151 dicendareritate,
952 1082 996 1140 vel
1010 1087 1214 1155 competentes
1229 1083 1347 1156 judices
1368 1084 1406 1142 ab
1425 1085 1550 1144 inresti-

375 1173 474 1246 gando
506 1176 536 1229 et
563 1172 723 1245 condignis
750 1172 847 1244 panis
880 1173 1143 1231 animadvertendo
1171 1173 1394 1234 sollicitationis
1425 1176 1550 1234 crimine

372 1262 533 1320 contineat.

410 1356 453 1410 15.
473 1353 625 1412 indultum
649 1351 706 1412 fuit
725 1367 742 1410 a
764 1353 815 1410 Pio
831 1355 866 1410 Vl
882 1353 911 1409 in
927 1351 1126 1412 instructione
1141 1353 1177 1412 de
1192 1361 1350 1426 queantea
1365 1355 1477 1414 dictum
1492 1361 1552 1424 est,

372 1457 452 1500 anno
474 1444 542 1498 1715
564 1441 600 1500 ed
621 1441 765 1500 vicarium
780 1441 976 1514 apostolicum
992 1443 1159 1500 Cocincinae
1175 1443 1254 1514 data,
1271 1450 1303 1501 ut
1322 1459 1389 1502 cum
1410 1444 1551 1504 difficilli-

374 1551 456 1596 mum
477 1537 516 1596 sit
538 1535 568 1592 in
592 1535 653 1593 illis
672 1541 731 1593 tam
747 1535 866 1593 dissitis
881 1549 915 1592 ac
930 1535 1091 1608 disparatis
1107 1537 1284 1611 regionibus
1305 1553 1340 1596 ea
1357 1539 1458 1596 omnia
1479 1538 1552 1596 ada-

373 1626 503 1686 mussim
519 1641 638 1684 serrare
657 1641 724 1699 quae
746 1627 776 1684 in
795 1625 879 1684 bisce
894 1627 995 1685 causis
1011 1627 1158 1686 servanda
1172 1635 1259 1695 sunt;
1271 1633 1301 1686 et
1315 1643 1396 1699 cum,
1412 1630 1438 1686 si
1450 1629 1553 1703 aliqua

375 1733 409 1774 ex
426 1717 474 1776 bis
496 1716 662 1784 omittatur,
678 1715 796 1788 justitia
811 1730 870 1773 non
886 1716 1025 1788 patiatur,
1042 1721 1075 1773 ut
1090 1731 1185 1788 poenae
1209 1717 1386 1791 indigentur
1405 1718 1552 1776 adversus

374 1823 452 1876 rece,
475 1807 513 1866 de
541 1821 670 1879 quorum
695 1805 821 1863 crimine
839 1805 999 1878 judiciaria
1021 1806 1137 1864 ratione
1158 1807 1255 1865 adhuc
1279 1807 1463 1866 sufficienter
1488 1822 1552 1865 non

376 1902 505 1968 constat,
516 1901 592 1970 ,tunc
607 1896 777 1956 consultius
790 1896 918 1953 fortasse
934 1901 1017 1954 esset
1031 1896 1057 1954 si
1073 1902 1157 1954 extra
1171 1896 1278 1969 iudicii
1293 1897 1429 1955 ordinem
1448 1911 1552 1969 procc-

375 1988 463 2047 datur
476 1986 512 2046 ad
533 1989 750 2045 occurrendum
767 1991 849 2043 tanto
870 1986 948 2043 malo
970 1985 1076 2044 mediis
1091 1991 1120 2042 et
1134 1986 1232 2044 modis
1252 1988 1351 2059 magis
1370 1985 1507 2045 incilibus
1521 1993 1554 2044 et

376 2076 535 2150 expeditis,
555 2091 633 2149 quos
659 2075 688 2133 iu
704 2075 826 2132 casibus
851 2075 1084 2147 particularibus
1105 2073 1208 2134 vicarii
1224 2076 1379 2147 apostolici
1395 2076 1553 2146 prudentia

377 2181 445 2226 curn
462 2167 628 2224 animarum
645 2165 706 2222 zelo
725 2163 886 2238 conjuncta
901 2169 1053 2238 suggeret.
1069 2166 1133 2222 tam
1149 2179 1218 2222 vero
1233 2166 1361 2240 quisque
1374 2167 1455 2224 videt
1475 2165 1554 2223 lianc

378 2256 597 2329 indulgentiam
613 2269 667 2327 pro
685 2253 759 2312 locis
773 2253 846 2311 adeo
861 2253 979 2311 dissitis
995 2269 1030 2311 ac
1041 2254 1329 2326 disparatislactam‚
1341 2269 1438 2329 neque
1455 2257 1553 2314 omni-

376 2346 436 2404 bus
454 2361 520 2404 esse
535 2343 736 2415 communem,
755 2357 852 2417 neque
873 2343 987 2416 absque
1005 2343 1184 2415 apostolica
1200 2345 1285 2403 Sedis
1300 2345 1474 2404 auctoritate
1485 2345 1553 2418 jure

378 2451 467 2511 posse
482 2435 582 2494 ubivis
594 2433 707 2494 induci.

415 2531 458 2584 rc.
479 2527 623 2584 Caeterum
646 2525 672 2584 si
692 2524 826 2583 locorum
849 2525 991 2583 ordinarii
1014 2523 1046 2582 iu
1065 2525 1262 2586 conficiendis
1286 2527 1490 2601 processibus,
1505 2527 1553 2586 val

379 2619 479 2688 etiam,
493 2617 627 2675 conlecto
645 2629 800 2689 processu,
817 2616 847 2673 in
865 2615 1041 2687 proterenda
1060 2616 1210 2674 sententia
1232 2623 1337 2674 eontra
1358 2617 1554 2675 sollicitantes

380 2706 416 2764 ad
427 2706 525 2779 turpia
539 2706 570 2763 in
585 2705 787 2775 confessione,
813 2703 1001 2778 gravioribus
1020 2703 1211 2762 involvantur
1223 2705 1462 2774 dilllcultatibus,
1479 2721 1553 2776 rem,

301 2786 306 2794 “
380 2795 570 2854 transmissis
585 2796 799 2865 actis‚deierre
810 2795 996 2868 poteruntad
1007 2795 1265 2866 hancsuprcmam
1276 2796 1554 2870 congregationem,

379 2900 446 2960 quae
469 2885 633 2958 peculiares
654 2885 868 2944 instructiones
883 2885 1014 2959 singulis
1029 2883 1149 2944 casibus
1162 2885 1416 2956 accommodatas,
1430 2893 1464 2944 ut
1476 2900 1556 2959 saepe

377 2976 423 3048 tlt,
447 2977 551 3046 tradet,
574 2991 609 3034 ac
627 2975 811 3035 definitivam
833 2977 1022 3044 sententiam,
1046 2976 1072 3034 si
1096 2975 1258 3047 expediens
1283 2976 1382 3048 luerit,
1401 2977 1468 3050 ipsa
1485 2991 1556 3050 pro·

347 3093 351 3100 ·
380 3067 464 3126 l'eret.

416 3163 482 3216 llaec
495 3163 568 3216 sunt
587 3173 655 3230 quae
669 3157 705 3215 ad
724 3157 885 3230 predictam
903 3155 1086 3229 pontiliciam
1100 3157 1346 3216 constitutionem
1361 3164 1447 3217 caute
1464 3164 1559 3216 recte·

380 3262 439 3323 que
454 3247 674 3320 exsequendam
680 3247 865 3315 conducunt,
876 3261 1003 3319 qunque
1014 3253 1115 3320 utpote
1127 3246 1239 3320 ubique
1253 3246 1385 3306 locorum
1398 3247 1559 3306 observatu

381 3336 490 3406 facilia,
512 3349 598 3394 sacra
615 3334 680 3394 brec
698 3335 897 3408 congregatio
923 3349 1072 3406 suprema
1097 3341 1126 3392 et
1147 3335 1328 3394 universalis
1346 3336 1560 3409 inquisitionis

381 3425 523 3500 pastoraii
537 3425 757 3483 ordinariorum
773 3424 835 3483 zelo
849 3439 884 3483 ac
900 3425 1097 3486 sollicitudini
1111 3426 1303 3485 vehementer
1322 3426 1522 3486 commendat.

418 3519 526 3574 Datum
541 3519 653 3586 Rcmae,
667 3515 715 3574 die
729 3519 763 3573 20
774 3515 929 3586 februarii,
945 3531 994 3574 an.
1014 3518 1092 3574 1867.

311 3797 315 3805 .
381 3721 414 3774 11.
430 3747 457 3758 -
473 3719 593 3773 nodus
610 3734 677 3786 quo
691 3675 797 3786 recipi
809 3719 933 3772 debent
948 3720 1221 3774 denuntiationee
1234 3723 1270 3773 ln
1286 3734 1323 3773 re
1344 3719 1388 3772 ad
1401 3719 1566 3772 eofflcltn-

414 3801 541 3852 tlenem
574 3803 748 3866 spectante
786 3801 828 3852 ab
857 3803 901 3854 tle
930 3803 989 3865 qni
1021 3801 1065 3854 nd
1088 3801 1379 3855 denuntiationem
1410 3801 1565 3864 ntiquom

393 3897 397 3907 ·
416 3881 543 3946 absque
558 3881 753 3934 interventu
769 3881 896 3935 notarit
913 3881 1123 3949 delegentur.

423 4038 475 4097 Die
514 4076 759 4098 ......
799 4039 914 4096 mensis
953 4079 1201 4096 ......
1240 4037 1311 4096 enni
1364 4080 1371 4094 .
1411 4079 1417 4094 .
1458 4081 1465 4094 .
1505 4077 1511 4094 .
1555 4079 1565 4094 .

386 4131 497 4201 Sponte
515 4126 713 4202 personaliter
733 4128 902 4200 comparuit
921 4141 1022 4186 coram
1045 4143 1093 4186 me
1115 4128 1307 4200 infrascripto
1331 4128 1457 4184 sistente
1480 4127 1566 4196 in...,

384 4218 511 4290 (notabit
524 4217 621 4275 locum
641 4217 693 4275 redi
713 4218 865 4288 reperitur
886 4217 925 4278 cd
948 4226 1048 4276 ortium
1068 4217 1281 4289 recipiendam)
1302 4217 1337 4274 ad
1358 4215 1438 4274 lrunc
1460 4222 1564 4275 actutu

384 4315 501 4368 tanturn
514 4309 551 4367 ab
565 4308 647 4366 lllmo
663 4313 693 4366 et
703 4312 777 4366 limo
789 4311 821 4365 N.
834 4309 1003 4380 specialiter
1015 4308 1161 4383 delegato,
1179 4313 1268 4380 prout
1281 4323 1317 4364 ex
1331 4307 1467 4380 ejusdem
1481 4307 1567 4364 crdi-

386 4399 462 4456 narii
477 4399 583 4458 litteris
599 4399 671 4456 rnibi
683 4399 805 4457 directis
820 4399 937 4457 etdatis
948 4400 1007 4458 sub
1019 4399 1067 4458 dic
1078 4399 1299 4471 (eapmmetquc
1313 4395 1361 4454 die
1372 4397 1432 4468 ipsi
1442 4397 1565 4469 smiptae

385 4489 502 4562 luerim
523 4490 651 4560 littera),
678 4490 819 4562 praesenti
838 4490 981 4562 positioni
1002 4489 1173 4562 alligandis,
1190 4490 1223 4545 ll.
1248 4489 1281 4546 Ν.
1297 4485 1420 4558 (scribet
1443 4500 1565 4554 nomen,

387 4591 556 4652 coenoman,
571 4581 853 4654 petrammalam,
864 4585 992 4648 atatem,
1009 4579 1206 4638 mollitionem
1221 4583 1251 4636 et
1263 4575 1481 4635 tentationem
1491 4589 1567 4646 per·
1682 4623 1683 4644 ,

385 4681 464 4725 eone
478 4669 704 4738 manebam,-
724 4675 752 4728 et
766 4671 795 4727 ai
810 4667 873 4727 bac
895 4668 1039 4742 relicinae
1056 4668 1162 4741 faerit,
1178 4667 1325 4750 conprimat
1342 4665 1434 4724 etiarn
1453 4677 1565 4722 nonme

385 4771 442 4832 qao
456 4773 493 4816 ec
506 4758 667 4818 vomdctnr
682 4760 714 4816 in
729 4758 845 4820 aarum.
862 4757 972 4818 Deinde
984 4759 1202 4834 morerentur),
1218 4755 1266 4814 eui
1277 4755 1375 4814 delato
1389 4755 1565 4829 juramento
