3482 5560
439 671 458 690 „
547 643 634 689 mann
655 645 789 698 ounnrus
810 633 1030 694 anomalum.
1318 628 1373 693 101

203 761 284 826 16616
308 763 429 843 sponte
452 759 487 822 in
510 759 607 824 illum
628 761 828 826 consentiat.
852 763 883 827 6ο
903 762 941 828 ln
961 763 1207 846 impedimento
1233 762 1376 846 disparis

198 869 309 936 cultus
324 887 369 948 ex*
381 885 484 932 causa
496 866 630 951 publica
641 868 866 952 dispensatur,
881 871 984 936 modo
1000 871 1087 936 absit
1102 870 1291 954 periculum
1304 890 1377 954 per-

200 995 378 1044 versionis.

270 1161 310 1210 vt.
337 1158 454 1220 Quando
472 1169 558 1210 causa
568 1161 682 1225 propter
693 1157 845 1213 indotatam
858 1159 979 1213 sufficiat
996 1159 1031 1213 ad
1043 1161 1306 1226 dispensationem?

240 1303 339 1386 Resp.
357 1303 517 1367 Sulsscere
533 1302 568 1366 in
583 1321 654 1386 seq.
671 1303 824 1368 casibus:
843 1304 871 1366 si
886 1304 1016 1369 femina
1042 1304 1099 1368 vel
1115 1303 1246 1368 nullam
1261 1304 1378 1370 dotem

198 1409 333 1487 habeat,
354 1409 409 1476 vel
434 1410 519 1474 adeo
536 1414 686 1485 tenuem,
705 1415 743 1474 ut
759 1413 904 1494 innupta
929 1429 1119 1487 remanere,
1143 1411 1197 1476 vel
1220 1411 1378 1495 inaequali
1457 1437 1459 1445 ⁸

108 1501 113 1510 ³
202 1521 330 1584 nubere
347 1519 486 1585 deberet
502 1540 509 1596 ;
528 1521 583 1582 vel
597 1525 692 1602 pater
705 1521 905 1601 legitimam,
925 1519 1110 1584 aut'dotem
1125 1525 1379 1603 competentem

203 1627 281 1693 dare
303 1647 373 1694 non
396 1629 504 1712 possit
519 1628 614 1694 salva
638 1648 700 1693 sua
722 1631 970 1695 sustentatione
986 1650 993 1706 ;
1010 1629 1066 1695 vel
1081 1631 1108 1692 si
1129 1629 1201 1706 dos,
1221 1632 1379 1714 quator-

139 1785 140 1790 ,
202 1755 307 1800 mosae
329 1736 464 1801 leminae
486 1738 668 1812 suissceret,
692 1737 789 1802 alteri
818 1737 974 1819 ejusdem
988 1737 1193 1803 conditionis
1209 1739 1252 1802 ob
1269 1738 1380 1803 delor-

202 1845 356 1908 mitatom
370 1863 439 1909 uon
453 1845 594 1922 sufficit;
609 1845 705 1910 66161
721 1851 859 1929 propter
873 1846 1065 1910 intricatam
1080 1845 1176 1910 litem
1191 1846 1380 1929 periculum

203 1957 255 2016 661
276 1971 319 2016 ne
342 1953 470 2017 femina
491 1954 589 2017 bonis
612 1943 682 2018 suis
706 1953 876 2036 privetur;
904 1953 959 2018 vel
974 1954 1002 2016 si
1016 1953 1077 2018 dos
1101 1953 1247 2018 sufficiat
1261 1954 1303 2018 ad
1319 1973 1381 2019 nu-

202 2061 353 2125 bendum
369 2067 465 2126 extra
482 2062 637 2145 patriam,
655 2080 725 2127 nou
741 2081 823 2127 varo
843 2063 879 2126 in
898 2062 1016 2146 patria.
1038 2063 1081 2126 At
1095 2068 1214 2127 contra
1228 2062 1381 2126 tenuitas

205 2168 292 2234 dotis
308 2188 377 2234 non
393 2175 446 2235 est
458 2189 561 2236 causa
575 2171 749 2236 suillciens
764 2172 996 2256 dispensandi,
1023 2173 1051 2234 si
1069 2176 1230 2255 parentes
1250 2172 1319 2234 sint
1334 2170 1380 2234 di-

203 2279 300 2354 vites,
321 2283 421 2362 atque
441 2279 487 2343 ita
505 2279 619 2343 dotem
639 2285 892 2364 competentem
910 2280 989 2345 dare
1010 2281 1143 2364 possint
1161 2286 1195 2343 et
1215 2280 1380 2356 debeant;

204 2387 268 2450 nisi
282 2391 379 2469 pater
392 2388 581 2453 tenacitatis
600 2389 682 2453 uitio
703 2388 862 2453 laborans
875 2388 977 2452 nimis
1003 2387 1059 2452 diu
1075 2387 1227 2474 differret
1240 2388 1383 2452 dotatio-

204 2513 295 2572 nem,
319 2500 420 2579 atque
435 2497 482 2560 ita
496 2499 633 2562 obesset
644 2497 734 2574 ssliae,
755 2503 793 2560 ut
811 2496 908 2573 alius,
932 2502 1056 2580 praeter
1075 2497 1381 2578 consanguineum,

205 2603 310 2668 nollet
324 2623 399 2669 eam
412 2605 546 2670 ducere.
563 2605 729 2670 caeterum
744 2606 827 2670 nibil
842 2606 946 2669 refert
968 2625 1011 2670 an
1029 2605 1082 2668 vir
1106 2605 1382 2686 consanguineus

205 2711 293 2777 dicat
307 2730 343 2776 se
365 2712 453 2777 velle
480 2699 796 2790 dotare'leminam,
821 2733 865 2778 an
885 2732 968 2778 vero
983 2713 1070 2778 alius
1087 2731 1166 2777 cum
1187 2713 1380 2777 conditione

206 2823 242 2882 ut
262 2821 340 2884 huic
361 2821 618 2902 consanguineo
640 2823 756 2897 nubat,
779 2822 857 2905 quia
884 2821 1102 2886 mendacium
1122 2821 1210 2884 circa
1234 2819 1381 2884 dotantis

204 2945 385 3010 personam
400 2947 470 2992 non
487 2933 599 2993 mutat
611 2946 749 2993 causam
764 2930 903 2994 finalem
919 2929 1197 3012 dispensationis.
1248 2949 1253 2956 ·

264 3113 314 3162 Vll.
332 3111 373 3162 nn
388 3109 491 3162 veritas
505 3121 597 3163 causa
611 3111 705 3164 tlnalis
719 3111 880 3176 requiratur
895 3111 929 3164 ad
944 3111 1069 3164 valorem
1087 3108 1326 3173 dispensationis?

247 3255 304 3318 llic
319 3254 430 3319 recole
445 3253 532 3320 dicta
545 3253 602 3318 lib.
619 3253 643 3330 l,
662 3255 711 3316 tit.
738 3255 778 3318 de
799 3255 971 3338 1166661111,
987 3255 1045 3333 13,
1063 3259 1098 3318 61
1117 3252 1259 3318 dicenda
1277 3252 1333 3316 lib.
1345 3252 1382 3325 V,

206 3363 247 3426 de
261 3363 432 3447 Pricz'leq.,
447 3381 524 3426 curn
543 3363 597 3426 hic
617 3363 703 3426 scitu
720 3363 788 3426 sint
803 3364 1005 3428 necessaria.

246 3471 345 3555 Resp.
359 3472 387 3535 1.
402 3471 443 3534 111
454 3471 661 3553 dispensatio
677 3471 721 3534 sit
734 3471 856 3548 valida,
865 3489 968 3536 causa
981 3470 1110 3535 motiva
1123 3470 1269 3551 allegata
1284 3469 1384 3532 debet

209 3599 285 3645 essa
300 3599 398 3644 vera:
416 3598 496 3644 nam
520 3579 632 3644 omnis
655 3578 862 3662 dispensatio
884 3579 1058 3662 pontisscia
1082 3583 1134 3642 est
1150 3596 1311 3661 expressa
1330 3575 1385 3641 vel

210 3689 307 3752 tacite
327 3687 567 3763 conditionata,
595 3713 610 3746 «
628 3688 656 3752 si
677 3706 796 3771 preces
821 3689 963 3752 veritate
985 3689 1168 3752 nitantur»
1196 3692 1278 3770 (cap.
1295 3687 1325 3762 ⁰2,
1342 3685 1384 3749 dc

208 3797 390 3880 descript).
405 3795 440 3860 Si
451 3800 566 3860 tamen
579 3813 679 3860 causa
696 3795 878 3878 impulsiva
891 3801 943 3860 661
956 3795 1042 3860 16166
1051 3801 1086 3860 61
1099 3795 1211 3859 finalis
1223 3813 1314 3872 vera,
1329 3792 1385 3858 vel

201 3904 237 3968 si
250 3923 292 3969 ex
308 3903 438 3968 duabus
454 3904 564 3966 causis
580 3901 748 3980 finalibus,
767 3921 912 3986 quarum
927 3902 1087 3986 quaslibet
1098 3922 1160 3987 per
1183 3922 1219 3966 66
1235 3902 1277 3966 de
1295 3901 1383 3984 stylo

210 4011 315 4074 Guriae
345 4011 516 4075 sufficeret
541 4010 583 4075 ad
603 4010 853 4093 impetrandam
883 4009 1194 4093 dispensationem,
1229 4027 1299 4073 una
1332 4013 1384 4072 est

209 4137 291 4183 vera
311 4117 470 4183 etaltera
492 4117 588 4192 16166,
614 4117 766 4181 subsistit
786 4117 1004 4200 dispensatio,
1029 4124 1145 4202 utpote
1181 4119 1299 4182 innixa
1326 4115 1384 4181 uni

210 4246 320 4292 causae
332 4226 436 4290 tlnali.

250 4338 349 4420 Resp.
361 4337 390 4398 1.
406 4334 522 4400 Valida
536 4339 588 4398 est
606 4334 813 4417 dispensatio
827 4353 980 4400 excausa
991 4353 1093 4419 quam
1111 4340 1226 4401 orator
1239 4333 1384 4398 ssdeliter

129 4507 136 4518 ,
211 4446 379 4529 exposuit,
401 4449 435 4508 61
459 4443 672 4526 dispensator
692 4445 783 4508 bona
806 4443 873 4507 ssde
902 4450 937 4509 61
956 4425 1202 4510 rationabiliter
1222 4442 1385 4524 cogitavit

211 4572 286 4618 6666
303 4553 540 4643 sufficientem,
555 4551 633 4616 licet
647 4552 759 4634 reipsa
771 4569 842 4616 non
855 4558 947 4617 esset
962 4553 1134 4617 sufficiens
1149 4573 1155 4614 :
1171 4552 1219 4616 ita
1234 4567 1385 4616 commu-

212 4663 287 4728 nior
301 4660 469 4725 sententia
483 4663 601 4723 contra
620 4659 801 4734 Poncium3
827 4679 907 4725 nam
922 4660 1007 4725 tales
1027 4659 1298 4742 dispensationes
1312 4675 1386 4722 sus-

213 4769 312 4834 tineri
325 4767 445 4834 suadet
462 4772 553 4833 recta
575 4774 609 4832 et
623 4768 737 4833 suavis
752 4768 954 4850 gubernatio
969 4769 1133 4846 ssdelium,
1143 4775 1181 4833 ut
1200 4766 1386 4852 tranquilli-
