3388 5582
277 463 339 532 eit
736 481 789 528 rus
809 481 992 530 aaronem.

280 607 394 674 nitetis
411 627 418 672 ε
434 625 557 672 comm.
580 613 680 685 sent,
702 606 902 690 eehmuzg„
921 627 955 673 n.
973 609 1056 694 325).
1077 607 1297 672 Interdictum
1313 601 1456 690 partiale

279 707 369 774 etad
389 709 491 774 breve
507 713 642 792 tempus
664 707 797 792 injungi
813 714 931 792 posset
945 712 989 776 ob
1008 710 1144 794 culpam
1157 707 1339 783 venialem,
1356 709 1457 790 juxte

279 815 393 900 plures
404 815 512 900 (Apud
523 813 713 891 Pulsumd.
728 817 800 900 5‚p.
814 817 868 896 3‚§
879 818 909 894 2,
919 837 952 882 n.
965 819 1006 890 9).
1022 817 1089 883 Sed
1103 837 1147 884 en
1161 835 1223 900 pro
1234 815 1356 881 delicto
1371 834 1457 880 eca-

278 925 346 1010 pite
358 923 412 988 vel
422 923 666 988 communitate
681 923 865 988 commisso
880 925 914 988 iu
929 925 1109 990 retinendo
1123 943 1191 988 aere
1206 923 1329 1000 alieno,
1345 923 1456 1006 possit

277 1033 357 1098 terri
371 1030 587 1097 interdictum
598 1030 705 1098 locale
721 1031 886 1116 speciale?
899 1033 1031 1114 Negant
1044 1034 1274 1098 communitor
1285 1031 1365 1106 ult,
1377 1033 1456 1114 quis

278 1139 343 1204 hoe
358 1139 493 1204 videtur
510 1146 629 1204 contre
644 1145 773 1204 extrav.
795 1141 845 1204 2⁸¹²
861 1141 952 1204 inter
965 1159 1089 1206 comm.
1105 1143 1140 1205 h.
1163 1146 1200 1216 t,
1217 1158 1293 1224 quae
1312 1137 1456 1218 intelligi

279 1245 380 1312 debet
394 1261 465 1312 uon
481 1249 595 1311 miuus
611 1247 652 1312 do
669 1246 806 1332 speciali
821 1266 925 1331 quam
942 1247 982 1312 de
1000 1247 1151 1328 generali
1165 1245 1355 1312 interdicto.

318 1357 346 1438 c)
361 1353 468 1422 Causa
482 1357 681 1434 materialis,
698 1375 760 1422 seu
775 1357 885 1423 torma
898 1356 1067 1423 servande
1078 1355 1341 1440 inimpositione
1354 1355 1458 1419 inter-

280 1463 370 1528 dicti.
387 1463 418 1528 l·
429 1462 479 1526 dd
494 1463 703 1530 validitatem
719 1463 813 1529 nulle
825 1465 1010 1549 requiritur
1020 1466 1132 1530 forma
1145 1461 1316 1546 specialis;
1333 1460 1375 1526 ad
1387 1460 1459 1525 lici-

279 1575 349 1637 tem
364 1570 628 1654 impositionem,
644 1571 862 1636 interdictum
875 1571 957 1638 terri
973 1570 1074 1636 debet
1087 1571 1123 1635 in
1138 1569 1282 1653 scriptis,
1292 1572 1328 1634 et
1339 1568 1386 1632 ibi
1399 1587 1462 1632 ex-

278 1677 378 1764 primi
392 1695 495 1744 causa
511 1679 554 1744 ob
569 1697 671 1764 quam
686 1680 804 1756 fertur,
824 1684 858 1744 et
872 1678 1047 1763 exemplar
1058 1679 1143 1742 tradi
1153 1678 1253 1742 debet
1267 1677 1353 1761 parti
1368 1677 1459 1741 intra

278 1803 445 1862 mensem,
464 1787 491 1852 si
507 1787 641 1870 petierit
658 1806 665 1850 :
684 1785 834 1871 alioquin
849 1786 1056 1852 interdicens
1071 1787 1113 1851 eb
1132 1785 1290 1868 ingressu
1306 1783 1456 1848 ecclesiae

279 1911 341 1976 per
355 1911 510 1958 mensem
526 1898 579 1958 est
592 1894 666 1976 ipso
678 1897 757 1978 jure
772 1911 971 1977 suspensus.

319 2001 352 2066 tt
370 1999 588 2066 Interdictum
607 2001 724 2078 locale,
740 2007 778 2066 ut
790 2003 916 2068 habeut
928 2001 1190 2083 vimalligaudi,
1211 2000 1313 2067 debet
1326 2001 1458 2065 denun-

281 2107 366 2184 tlnrl,
388 2112 422 2172 et
441 2109 615 2175 observari
637 2108 739 2176 abiis
759 2110 794 2173 in
817 2127 964 2194 quorum
982 2111 1129 2192 gratiam
1149 2109 1258 2174 latum
1278 2114 1352 2186 est;
1374 2109 1459 2173 alios

279 2215 477 2278 enumeretur
491 2209 637 2278 Ecclesia
652 2211 826 2277 remittere
846 2233 854 2276 ι
871 2213 1001 2277 eruitur
1015 2232 1056 2276 ex
1070 2231 1098 2276 e.
1115 2213 1165 2288 ro,
1183 2212 1224 2277 de
1239 2211 1356 2278 Privit

695 2397 736 2449 iv.
752 2393 873 2449 Effectus
889 2394 1040 2449 interdicti.

320 2545 352 2623 o)
367 2545 519 2622 Quatuor
533 2549 788 2623 enumerantur,
806 2547 863 2629 qui
876 2563 997 2612 omnes
1009 2547 1241 2625 incurruntur,
1255 2547 1284 2610 si
1296 2544 1456 2610 interdic-

281 2655 354 2718 tum
369 2649 523 2718 alveoluto
538 2653 581 2716 sit
595 2651 721 2720 latum:

321 2761 352 2824 t·
368 2758 514 2828 Privatio
528 2762 638 2828 active
652 2769 687 2828 et
700 2763 837 2846 passiva
851 2767 1155 2838 sacramentorum,
1172 2781 1216 2826 ex
1229 2778 1257 2826 c.
1274 2761 1313 2824 te
1332 2761 1365 2824 h.
1384 2766 1407 2824 t.
1424 2766 1460 2826 et

280 2885 309 2934 e.
324 2869 343 2932 e
358 2867 433 2934 eud.
450 2869 484 2934 iu
498 2869 546 2942 ur
562 2869 594 2934 θ’
611 2870 755 2954 privatio
771 2872 881 2936 activa
897 2870 1091 2936 divinorum
1105 2870 1306 2946 officiorum,
1319 2888 1363 2932 ex
1376 2865 1405 2932 c.
1416 2871 1458 2933 57

280 2973 314 3042 lt.
331 2979 367 3049 t:
383 2977 415 3040 8·
426 2977 570 3062 privatio
585 2978 695 3044 activa
709 2985 743 3042 et
758 2979 893 3062 passiva
907 2978 1091 3062 sepulture.
1105 2977 1340 3043 ecclesiastice
1354 2977 1392 3058 (o.
1406 2977 1457 3053 ll,

281 3082 323 3148 de
342 3083 486 3150 Portet
507 3087 652 3164 rrrrtiss.;
668 3103 696 3150 r.
718 3086 748 3160 3,
766 3085 807 3150 de
821 3085 952 3166 Priori,
974 3093 1008 3151 et
1027 3105 1056 3153 c.
1074 3087 1093 3150 8
1114 3086 1189 3151 eod.
1206 3086 1242 3148 in
1262 3085 1324 3166 6·);
1342 3085 1375 3147 4·
1393 3086 1461 3168 pri-

282 3191 372 3258 vatio
386 3191 427 3258 alr
446 3193 602 3274 irurressu
619 3192 768 3258 ecelesia>
781 3195 821 3276 (c.
838 3195 878 3259 te
890 3195 923 3260 h.
941 3201 977 3272 t,
991 3213 1019 3260 o.
1035 3196 1075 3260 20
1090 3194 1166 3259 eod.
1183 3193 1219 3258 iu
1233 3195 1288 3273 6⁰).

322 3299 351 3367 tl
369 3299 484 3378 Quoad
498 3301 646 3384 primum
662 3303 835 3378 ellectum,
851 3309 983 3368 eertum
998 3307 1050 3366 est
1065 3303 1096 3366 1⁰
1113 3301 1225 3386 quoad
1241 3302 1458 3385 baptismum,

282 3413 435 3492 tempore
451 3408 630 3484 interdicti,
647 3409 730 3474 illud
746 3417 997 3476 sacramentum
1010 3410 1269 3478 concedendum
1289 3428 1365 3472 esse
1383 3427 1460 3492 par-

281 3514 381 3590 vulis,
393 3535 435 3580 ox
447 3535 476 3582 c.
496 3517 544 3587 tl,
560 3519 602 3580 dr
612 3517 749 3604 Spem„
765 3519 834 3584 imo
845 3526 880 3582 et
891 3516 1015 3582 adultis
1025 3518 1098 3582 sive
1109 3517 1202 3581 sanis
1217 3518 1288 3580 sive
1301 3516 1457 3592 infirmis,

282 3641 325 3688 ex
346 3640 375 3686 e.
398 3625 435 3688 ltl
456 3623 489 3688 lr.
513 3628 535 3688 t.
563 3625 596 3690 in
622 3627 666 3690 tr.
690 3625 765 3690 lieo
783 3631 900 3692 autem
920 3626 1167 3690 administratio
1187 3625 1226 3687 flt
1247 3624 1458 3698 solemniter,

278 3729 394 3814 januis
406 3730 521 3814 templi
532 3733 669 3814 apertis,
682 3739 718 3797 ut
730 3733 852 3798 dorent
864 3733 1092 3798 communiter
1102 3732 1181 3808 litt,
1192 3730 1282 3814 opud
1293 3729 1462 3794 Schmalz-

280 3839 438 3920 grueter,
465 3857 498 3904 n.
523 3839 594 3904 ddi.
622 3839 705 3906 ilinc
729 3841 884 3906 minister
908 3840 1086 3905 interdicto
1109 3838 1262 3920 generali
1289 3836 1460 3921 personati

281 3949 456 4030 suipertus
471 3953 588 4030 posset
603 3947 841 4014 adnuuistrare
855 3949 1080 4031 baptismum:
1100 3965 1209 4020 secus,
1226 3947 1255 4009 si
1270 3944 1462 4028 specialiter

281 4055 560 4126 interdiceretur:
582 4063 661 4124 tune
681 4059 718 4122 iu
731 4076 813 4123 casu
832 4057 1044 4120 necessitatis
1066 4061 1199 4120 tautum
1218 4057 1335 4137 posset
1353 4053 1462 4136 bapti-

281 4181 357 4228 zare
373 4169 407 4230 ot
420 4165 591 4248 privatim,
609 4185 670 4230 seu
687 4165 817 4250 absque
832 4163 1058 4230 solemnitate.

320 4271 353 4336 i·
373 4271 467 4338 lderu
489 4272 672 4338 dicendum
693 4271 736 4338 de
760 4273 1012 4352 rorrp‘rurutiune
1032 4289 1071 4336 ac
1095 4269 1137 4335 de
1159 4270 1340 4353 baptismo,
1360 4270 1461 4350 eujus

281 4384 331 4442 est
345 4381 574 4446 samsonem
590 4380 716 4446 :iidem
732 4379 798 4444 llll.

320 4487 354 4550 θ’
370 4489 626 4556 &uramentum
638 4491 850 4574 purulentis·
869 4488 911 4554 de
924 4493 1002 4572 jure
1022 4489 1163 4571 antiquo
1182 4487 1265 4551 solis
1285 4485 1462 4549 moribun-

280 4595 334 4662 dis
353 4603 385 4660 et
403 4599 589 4684 periments
603 4600 854 4664 roueedeletur
870 4602 912 4680 (e.
931 4599 979 4665 ll.
995 4598 1037 4660 de
1050 4595 1146 4660 Peru.
1163 4605 1196 4659 et
1208 4595 1362 4674 mereim).
1377 4591 1459 4656 lure
