3508 5568
415 553 455 618 dt)
874 569 926 614 rus
948 567 1129 644 canonicali:

415 686 710 770 praesumebantur
728 683 871 750 transire
883 685 918 747 in
933 685 1189 749 matrimonium
1206 687 1258 767 (l).
1273 683 1482 756 Polaticum,
1499 681 1590 764 quod

415 799 554 878 putatur
568 793 719 876 legitime
739 797 952 856 contractum
968 813 976 856 :
996 792 1107 875 reipsa
1123 795 1238 856 tamen
1253 809 1323 856 non
1339 796 1401 866 est,
1418 789 1461 853 ob
1480 787 1590 852 latens

414 900 699 984 impedimentum
739 899 911 964 dirimens.
941 899 974 963 3⁰
1003 897 1240 984 inpublicare,
1270 897 1361 982 quod
1384 897 1422 961 nt
1445 897 1480 960 in
1506 895 1590 960 facie

414 1007 580 1084 Ecclesia,
608 1007 734 1072 scilicet
754 1008 790 1070 in
811 1007 993 1090 presentia
1012 1006 1139 1090 proprii
1162 1006 1300 1088 parochi
1321 1010 1355 1069 et
1378 1005 1534 1080 testium;
1558 1008 1591 1067 et

415 1118 672 1192 clandestinum,
698 1114 789 1200 quod
812 1116 851 1178 llt
872 1113 971 1192 clam,
990 1116 1118 1198 absque
1133 1115 1315 1198 praesentia
1328 1113 1465 1197 parochi
1479 1117 1513 1178 et
1527 1117 1590 1178 tes-

415 1227 511 1290 tium.
527 1226 560 1288 4⁰
576 1223 613 1288 ln
626 1223 785 1299 solemne,
807 1223 842 1286 in
858 1240 925 1306 quo
942 1221 1147 1287 adhibentur
1161 1221 1395 1287 solemnitates
1409 1220 1537 1298 civiles,
1554 1223 1592 1283 ut

414 1338 513 1418 pacta
528 1330 662 1406 dotalia,
686 1348 876 1395 consensus
891 1335 1083 1412 parentum,
1097 1329 1261 1396 solemnis
1273 1329 1438 1394 traductio
1456 1347 1589 1411 sponsae

414 1443 449 1505 in
470 1440 610 1505 domum
631 1437 759 1522 sponsi,
782 1436 924 1513 musica,
944 1443 1028 1511 etc.;
1055 1435 1307 1503 alitervocatur
1321 1436 1509 1520 politicum,
1529 1455 1589 1500 seu

414 1547 530 1624 oivile;
548 1552 583 1611 et
595 1565 663 1610 oon
677 1545 834 1620 solemne,
852 1563 914 1608 seu
936 1563 1020 1626 pure
1040 1543 1281 1628 theologicum,
1299 1548 1358 1609 aut
1375 1545 1588 1620 canonicum,

414 1656 451 1720 in
473 1673 541 1739 quo
565 1653 770 1718 adhibentur
789 1669 829 1716 ea
845 1650 957 1716 solum
972 1670 1047 1734 quae
1063 1651 1103 1715 de
1116 1653 1194 1733 ,iure
1215 1671 1288 1717 can.
1306 1651 1498 1716 necessaria
1512 1656 1592 1714 sunt

414 1764 456 1828 ad
471 1764 618 1846 nuptias.
636 1763 729 1826 Sicut
742 1766 858 1826 autem
880 1761 915 1824 in
930 1760 1148 1826 matrimonio
1171 1761 1317 1825 solemni
1332 1761 1433 1825 ducto
1451 1765 1592 1825 vocatur

415 1891 512 1948 uxor,
529 1873 576 1938 ita
590 1872 625 1936 in
645 1869 863 1936 matrimonio
878 1889 948 1934 uon
971 1869 1115 1934 solemni
1131 1870 1232 1935 ducta
1254 1871 1376 1934 dieitur
1390 1869 1589 1946 concubina,

414 1979 493 2044 licet
509 1999 545 2044 re
560 1980 635 2063 ipsa
649 1979 692 2042 sit
706 1997 788 2044 vera
801 1995 889 2042 uxor
904 1981 988 2062 (oen.
1002 1979 1042 2042 35
1058 1983 1092 2044 at
1105 1997 1190 2063 seq,
1208 1979 1239 2043 d.
1256 1979 1317 2061 34).
1335 1978 1404 2042 Sub
1418 1978 1593 2042 matrimo-

415 2089 473 2154 nio
502 2106 585 2171 pure
614 2087 778 2152 canonico
807 2089 1002 2153 continetur
1028 2089 1284 2153 matrimonium
1310 2093 1522 2153 contractum
1550 2085 1592 2150 ad

415 2196 695 2279 morganaticam,
719 2195 761 2261 de
778 2215 845 2281 quo
859 2197 947 2262 intra
961 2197 1011 2261 tit.
1031 2195 1064 2258 V.

514 2399 534 2449 1.
549 2397 621 2458 Quld
636 2395 800 2461 requiratur
813 2395 848 2448 ad
863 2395 1090 2458 matrimonium,
1104 2396 1138 2448 ut
1154 2397 1198 2449 est
1214 2397 1377 2450 contractos
1393 2395 1493 2458 atritis,

849 2483 901 2524 seu
915 2483 986 2536 pure
1001 2472 1164 2526 humanust

456 2633 556 2715 Reap.
591 2633 619 2694 l.
650 2632 824 2712 Legitima
853 2650 1025 2714 personae,
1057 2651 1130 2697 mas
1163 2640 1198 2697 et
1224 2633 1374 2711 lernina;
1398 2631 1591 2716 cujusmodi

417 2748 497 2805 sunt
522 2759 642 2806 omnes
665 2739 821 2804 homines
848 2742 905 2825 qui
930 2741 1120 2825 specialiter
1142 2761 1211 2806 non
1233 2743 1484 2826 prohibentur:
1513 2760 1592 2806 nam

416 2849 563 2912 edictum
577 2847 618 2912 de
634 2849 851 2912 matrimonio
859 2843 1090 2913 contrahendo
1103 2854 1156 2912 est
1168 2849 1426 2934 prohibitorium
1440 2850 1475 2912 in
1487 2853 1593 2912 mate-

415 2957 466 3021 ria
476 2955 682 3038 generaliter
690 2956 873 3039 permisso;
890 2975 982 3038 ergo.
999 2956 1350 3022 Prohibenturautem
1363 2958 1406 3022 ob
1423 2957 1593 3021 delectum

413 3063 532 3147 judicii
553 3064 711 3139 inientes,
730 3063 860 3140 turiosi,
882 3069 1047 3140 amentes,
1064 3065 1212 3148 perlecto
1228 3066 1322 3141 ebrii,
1340 3071 1374 3129 et
1385 3064 1592 3148 probabilius

416 3169 464 3234 illi
486 3170 543 3256 qui
565 3189 586 3236 a
605 3171 781 3237 nativitate
803 3170 907 3243 surdi.
923 3171 1010 3236 muti
1027 3178 1061 3237 et
1075 3173 1154 3238 caeci
1169 3178 1258 3249 sunt,
1276 3179 1433 3256 utsupra
1451 3191 1545 3236 num.
1560 3173 1590 3236 l.

417 3278 556 3343 dictum.
573 3279 622 3342 Ob
638 3278 809 3344 delectum
823 3279 944 3356 atatis,
960 3280 1168 3362 impuberes;
1185 3298 1285 3344 senes
1299 3299 1391 3356 vero,
1406 3279 1592 3344 dummodo

417 3387 486 3469 apti
505 3386 574 3450 sint
598 3386 641 3450 ad
667 3392 762 3451 actus
790 3385 999 3469 conjugales,
1032 3405 1101 3450 non
1129 3393 1289 3452 arcentur
1315 3405 1336 3452 a
1363 3387 1490 3470 nuptiis
1515 3390 1591 3470 jure

418 3492 595 3568 hodierno;
609 3499 644 3557 et
656 3493 734 3559 ideo
743 3493 877 3570 lustin,
890 3494 947 3557 lib.
960 3493 1084 3569 llllVlL
1097 3513 1170 3577 cap.
1184 3495 1226 3560 de
1236 3495 1383 3578 Nuptiis,
1395 3497 1542 3559 correxit
1557 3494 1589 3556 li.
1644 3511 1648 3521 ·

419 3598 542 3662 Juliam
562 3598 709 3682 Papiam,
733 3617 808 3684 quae
829 3619 929 3665 senes
953 3600 1041 3664 ultra
1062 3601 1101 3664 60
1115 3619 1224 3666 annos
1244 3620 1316 3666 non
1337 3601 1536 3668 admittebat
1550 3602 1593 3666 ad

420 3705 566 3788 nuptias.
587 3706 738 3789 Denique
751 3707 974 3790 prohibentur
986 3727 1007 3772 a
1020 3708 1146 3790 nuptiis
1169 3727 1290 3774 omnes
1303 3709 1351 3772 illi
1366 3711 1425 3795 qui
1438 3710 1593 3776 laborant

420 3812 533 3895 aliquo
548 3813 790 3895 impedimento
806 3812 985 3878 dirimente
1002 3821 1061 3879 aut
1081 3815 1299 3899 impediente.

459 3921 559 4004 Resp.
585 3923 614 3985 i.
638 3921 688 3984 Ad
710 3922 936 3986 substantiam
962 3923 1169 3988 matrimonii
1195 3926 1378 4009 requiritur
1404 3947 1593 3993 consensus

419 4029 622 4112 reciprocus,
644 4047 711 4112 quo
726 4030 779 4094 vir
800 4033 835 4094 et
852 4029 974 4095 mulier
988 4031 1051 4095 sihi
1070 4037 1190 4098 mutuo
1206 4033 1345 4099 tradunt
1366 4042 1399 4099 et
1417 4043 1595 4120 acceptant

419 4155 562 4220 corpora
580 4137 617 4202 in
632 4138 750 4202 ordina
765 4137 809 4203 ad
826 4143 921 4202 actus
938 4139 1146 4223 conjugales.
1163 4140 1257 4206 Unde
1273 4161 1462 4208 consensus
1476 4147 1593 4228 conju-

418 4245 505 4327 galis
524 4243 679 4328 explicite
692 4246 773 4310 ferri
794 4245 897 4310 debet
909 4246 944 4312 in
963 4249 1020 4328 jus
1035 4246 1137 4325 reale,
1152 4265 1212 4313 seu
1227 4255 1433 4332 potestatem
1455 4253 1593 4318 marita-

418 4350 499 4429 lem,
516 4357 551 4417 et
562 4352 683 4419 saltem
697 4353 857 4438 implicite
872 4355 907 4418 in
923 4353 1081 4438 copulam
1098 4373 1105 4416 :
1121 4354 1169 4419 ita
1189 4373 1313 4422 comm.
1331 4359 1501 4424 sententia
1515 4378 1594 4426 con-

452 4556 484 4620 (t)
500 4554 593 4614 Quoad
606 4555 665 4606 loca
684 4555 824 4620 inquibus
841 4569 896 4609 non
917 4557 968 4608 luit
985 4557 1148 4622 publicatum
1171 4571 1246 4612 eone.
1265 4559 1348 4624 Tria,
1362 4560 1423 4611 ride
1441 4561 1562 4612 instruet.
1579 4577 1595 4612 a

420 4631 447 4757 lSl.
459 4631 591 4772 ιῦουςὲῑς.
608 4630 641 4682 da
660 4631 834 4698 propaganda
854 4632 905 4683 ilde
921 4632 982 4683 data
1001 4633 1051 4683 sub
1066 4633 1109 4685 dia
1124 4635 1153 4688 ll
1164 4635 1222 4700 ian.
1246 4637 1304 4687 itti
1326 4637 1412 4702 (Apud
1427 4639 1460 4689 da
1473 4638 1592 4702 Angelis,

441 4744 447 4756 .
471 4720 520 4758 .n.
563 4744 570 4757 .
