3508 5568
333 563 373 627 cl
790 577 842 625 rus
862 579 1040 624 canonicum

333 701 433 777 Trid,
449 700 471 762 l.
486 701 543 784 c.);
562 718 640 766 nam
655 699 713 765 tali
729 704 880 782 tempore
896 704 930 763 et
941 699 1017 765 loco
1032 699 1242 783 frequentior
1255 698 1402 783 populus
1426 715 1504 762 con-

333 809 437 872 venit.
452 808 501 872 Ob
515 827 618 892 quam
633 807 799 872 rationem
813 808 993 871 satisilcret
1003 805 1209 883 Tridentino,
1224 805 1252 870 si
1268 807 1321 870 die
1334 824 1404 871 non
1415 806 1503 870 festo

333 917 532 981 conveniret
545 933 691 996 magnus
706 914 862 998 populus,
880 934 912 978 v.
930 934 975 995 g,
993 914 1036 978 ad
1056 916 1266 990 concionem,
1292 913 1346 978 vel
1369 931 1504 996 proces-

334 1025 477 1098 sionem,
501 1026 534 1086 et
548 1040 662 1087 coram
683 1021 740 1086 illo
753 1023 875 1086 flerent
888 1021 1180 1098 denuntiationes;
1197 1021 1279 1086 item
1294 1021 1322 1084 si
1339 1021 1503 1106 parochus

334 1150 414 1207 uno,
438 1130 588 1196 alterove
609 1130 696 1194 testo
712 1129 914 1194 intermedio
931 1131 1103 1193 omitteret
1118 1129 1408 1202 denuntiationes,
1426 1128 1505 1212 quia

333 1239 537 1305 continuitas
547 1238 612 1302 ista
621 1238 795 1302 moraliter
805 1242 857 1302 est
871 1237 1101 1319 intelligenda,
1120 1257 1163 1302 ne
1179 1239 1323 1303 nimium
1341 1235 1503 1320 temporis

332 1345 549 1412 intervallum
563 1347 722 1410 interhcs
732 1346 1007 1410 denuntiationes
1020 1346 1218 1410 intercedat.

372 1453 469 1537 Resp.
492 1454 521 1516 3.
549 1453 829 1517 Denuntiationes
853 1453 1014 1518 laciendae
1044 1458 1124 1516 sunt
1147 1471 1167 1516 a
1192 1454 1328 1536 proprio
1353 1453 1501 1536 parocho

333 1581 547 1648 sponsorum,
563 1562 642 1626 licet
655 1563 821 1626 committi
834 1565 965 1646 possint
975 1562 1082 1636 alteri,
1099 1564 1186 1627 sicut
1195 1561 1317 1627 alicubi
1328 1562 1403 1626 fleri
1417 1561 1505 1628 solet

333 1693 394 1758 per
410 1673 515 1738 laicos
530 1671 673 1736 aedituos
691 1692 698 1734 ε
716 1690 796 1736 nam
815 1671 901 1735 Trid.
921 1671 1024 1736 talem
1042 1673 1319 1737 commissionem
1340 1690 1409 1736 non
1430 1690 1505 1756 pro-

331 1783 433 1846 hibet.
452 1781 485 1844 Si
501 1780 618 1863 sponsi
634 1783 713 1844 sunt
734 1785 810 1844 actu
826 1780 1037 1845 diversarum
1054 1780 1303 1863 parochiarum,
1329 1779 1506 1844 denuntia-

330 1891 441 1955 tiones
456 1887 618 1952 faciendae
634 1887 763 1952 suntin
776 1893 919 1971 utraque
934 1888 1112 1971 parochia;
1131 1888 1211 1972 quia
1225 1889 1273 1951 sic
1293 1886 1423 1952 facilius
1445 1889 1507 1952 im-

267 2008 271 2018 ·
327 1996 523 2079 pedimenta
549 1994 764 2078 deteguntur.
792 1995 825 2060 Si
849 1997 964 2079 sponsi
1002 1995 1249 2060 transtulerunt
1282 1996 1504 2072 domicilium,

326 2105 414 2169 circa
430 2104 709 2169 denuntiationes
725 2103 892 2167 servanda
907 2108 987 2167 sunt
1004 2104 1040 2167 in
1060 2103 1178 2186 primis
1197 2107 1324 2168 statuta
1341 2108 1505 2188 cujusque

317 2213 498 2289 dioecesim
515 2217 553 2277 ut
569 2231 651 2278 vero
668 2213 775 2278 menti
790 2211 1009 2277 conciliorum
1032 2212 1185 2288 satisfiat,
1210 2211 1393 2276 discrimen
1414 2212 1506 2277 adhi-

329 2321 479 2386 bendum
495 2325 548 2386 est
564 2341 570 2384 :
589 2321 776 2404 etquidem
791 2321 818 2385 si
833 2321 949 2404 sponsi
965 2321 1037 2385 noti
1052 2326 1133 2385 stunt
1147 2321 1182 2385 in
1196 2321 1271 2386 loco
1286 2320 1506 2385 contrahendi

328 2429 548 2506 matrimonii,
570 2429 695 2494 sufficit
712 2430 757 2493 ibi
771 2430 845 2493 fleri
860 2428 1136 2494 denuntiationes
1150 2450 1156 2504 ;
1175 2429 1202 2493 si
1220 2447 1301 2494 vero
1318 2430 1385 2493 sint
1399 2429 1507 2510 ignoti

331 2538 442 2613 ambo,
458 2539 514 2604 vel
528 2537 614 2602 alter
628 2553 759 2613 eorum,
775 2536 1051 2602 denuntiationes
1065 2536 1138 2600 fieri
1153 2535 1279 2601 debent
1293 2555 1363 2600 non
1376 2541 1506 2600 tantum

332 2646 367 2710 in
387 2663 476 2710 nova
499 2645 670 2728 parochia,
696 2643 756 2708 sed
776 2644 879 2707 ctiam
897 2644 932 2706 in
948 2643 1053 2727 priori
1067 2643 1235 2726 parochia,
1257 2648 1295 2706 ut
1315 2643 1362 2706 ita
1375 2643 1506 2708 facilius

331 2747 1507 2834 innotescant‘impcdimenta,dequibusparochiinquireredebentex

330 2867 498 2945 praecepto
520 2879 615 2925 conc.
633 2859 753 2936 Later„
771 2859 826 2924 cui
840 2861 983 2924 inhaeret
997 2857 1098 2936 Trio,
1116 2859 1138 2922 l.
1156 2877 1198 2935 c.,
1212 2860 1291 2924 licet
1306 2859 1418 2924 solum
1435 2878 1505 2923 me-

331 2971 469 3034 minerit
483 2968 780 3034 denuntiationum
794 2967 975 3050 inproprie
985 2968 1144 3051 parochia
1155 2967 1395 3032 faciendarum.
1408 2969 1507 3033 Notat

332 3078 446 3137 tamen
462 3073 495 3136 P.
512 3072 622 3147 Rern,
642 3075 676 3135 et
689 3071 755 3147 alii,
772 3069 862 3155 quod
882 3069 910 3134 si
925 3069 1041 3152 sponsi
1058 3069 1166 3135 aloco
1193 3070 1379 3135 nativitatis
1393 3072 1506 3136 absint

332 3199 392 3264 per
405 3181 554 3264 quinque
575 3179 630 3244 vel
642 3197 703 3242 sex
716 3197 837 3252 annos,
854 3197 924 3243 non
941 3179 1009 3242 sint
1028 3179 1064 3242 in
1075 3196 1116 3243 eo
1138 3176 1370 3254 denuntiandi,
1388 3178 1448 3242 sed
1469 3179 1503 3241 in

331 3287 406 3352 loco
423 3284 598 3362 domicilii,
615 3285 671 3350 vel
688 3285 975 3370 quasi-domicilii,
997 3286 1084 3350 sicut
1101 3285 1250 3369 opifices,
1271 3284 1405 3358 famuli,
1424 3290 1501 3358 etc,

333 3397 396 3461 nisi
425 3393 578 3480 specialis
611 3395 696 3459 ratio
725 3393 816 3458 aliud
844 3392 995 3458 suadeat.
1026 3392 1188 3476 Expediet
1217 3397 1350 3468 autem,
1384 3393 1411 3457 si
1447 3391 1501 3457 tali

330 3524 411 3570 casu
432 3505 599 3588 parochus
620 3505 734 3585 exigat
752 3507 985 3586 juramentum
1011 3502 1054 3566 ad
1085 3503 1263 3581 cautelam,
1287 3503 1378 3587 quod
1402 3503 1502 3568 nullis

331 3611 544 3696 sponsalibus
564 3612 620 3676 vel
644 3611 860 3696 matrimonio
884 3605 1042 3691 li'gentur.
1201 3615 1207 3626 '

571 3799 602 3848 ll.
618 3795 773 3860 Quidlurls
786 3795 861 3848 circa
875 3777 1028 3848 deserenda
1038 3795 1262 3858 impedimenta?

370 3941 468 4026 Resp.
481 3945 508 4007 l.
519 3943 735 4026 Populussuh
743 3943 840 4025 gravi
850 3943 1056 4025 obligatione
1067 3942 1426 4008 teneturmanilestare
1442 3943 1503 4007 im-

331 4050 526 4132 pedimenta
536 4051 686 4129 latentia,
706 4069 785 4117 cum
799 4070 900 4116 omne
911 4054 968 4135 jus
979 4051 1150 4134 praecipiat
1162 4055 1316 4114 avertere
1326 4056 1503 4133 peccatum

332 4161 366 4220 et
379 4159 636 4223 irreverentiam
650 4159 863 4222 sacramenti.
881 4157 976 4223 Prius
988 4163 1103 4221 tamen
1114 4175 1156 4220 ex
1169 4157 1424 4240 legecharitatis
1434 4177 1503 4223 mo·

332 4264 434 4328 nendi
448 4270 528 4329 sunt
542 4266 658 4348 sponsi
675 4265 715 4329 de
730 4264 972 4348 impedimento
986 4285 992 4339 ;
1010 4268 1044 4327 et
1061 4264 1089 4326 si
1103 4263 1246 4329 monitio
1267 4284 1337 4329 non
1352 4266 1500 4349 prodest,

331 4391 469 4438 necesse
497 4375 560 4437 erit
583 4375 801 4438 manifestare
826 4374 973 4456 parocho
1002 4372 1295 4457 impedimentum.
1326 4375 1355 4438 2.
1388 4375 1504 4440 Cessat

332 4481 491 4563 obligatio
512 4481 763 4558 manifestandi,
780 4481 809 4544 si
823 4480 945 4545 exinde
960 4499 1064 4563 grave
1078 4471 1252 4544 ¹damnum
1276 4480 1500 4546 denuntiaturi

331 4589 517 4666 immineat,
542 4591 596 4655 vel
619 4591 779 4654 timeatur
800 4608 904 4671 grave
922 4588 1012 4672 apud
1037 4588 1121 4653 alios
1146 4589 1426 4665 scandulum,ch
1447 4590 1502 4653 de-

334 4697 500 4762 nuntiatio
528 4698 685 4765 credetur
707 4717 776 4762 non
797 4697 988 4781 profutura,
1006 4696 1066 4760 sed
1087 4697 1200 4779 potius
1223 4697 1313 4762 bona
1334 4697 1399 4762 ilde
1424 4715 1503 4762 con-
