3482 5560
557 621 644 666 areae
665 621 801 675 ausurus
822 623 1041 668 unsaramma.
1325 605 1384 672 lli
1473 616 1477 626 “

211 744 290 808 tatis
305 744 347 808 ab
362 742 468 809 altero
493 743 742 811 manifestanda
758 747 835 809 est:
858 745 906 810 ita
924 744 1100 830 respoudit
1125 743 1280 809 Clemens
1301 741 1382 822 VIII,

212 856 299 918 teste
314 851 480 930 Comitol,
497 851 597 916 Pone.
619 857 653 918 et
671 852 756 917 aliis.
781 852 878 930 Quod
907 853 1119 918 necessarius
1143 853 1186 917 alt
1206 853 1383 936 utrIusque

211 977 410 1036 consensus,
429 961 629 1026 «admonito
644 961 739 1043 prius
757 961 880 1025 marito
896 961 936 1026 de
951 960 1106 1026 nullitate
1121 961 1328 1026 matrimonii
1346 981 1352 1024 :
1368 985 1383 1016 o

211 1067 259 1132 sio
274 1067 377 1133 etiam
391 1068 426 1132 in
439 1067 561 1133 littoris
576 1067 647 1134 Sao.
663 1066 924 1134 Poenitentiariae
939 1069 1017 1134 addi
1032 1069 1137 1133 solet:
1152 1093 1168 1126 «
1185 1068 1327 1132 muliere
1343 1067 1384 1130 de
1485 1113 1489 1118 -

211 1175 363 1241 nullitate
375 1177 497 1260 prioris
510 1195 698 1242 consensus
707 1179 896 1244 certiorata.
908 1203 924 1236 a
937 1179 1034 1244 Ratio
1051 1183 1113 1254 est,
1125 1178 1204 1264 quia
1218 1178 1304 1242 alter
1314 1195 1383 1241 non

212 1284 412 1350 certioratus
427 1285 468 1350 de
482 1286 636 1352 nullitate
646 1287 768 1371 prioris
778 1287 997 1363 matrimonii,
1009 1285 1383 1352 iteratoconsentiendo

214 1401 303 1461 errat
318 1402 352 1461 et
365 1397 448 1461 nihil
462 1397 542 1479 agit,
559 1416 638 1461 cum
650 1397 806 1462 intendat
820 1416 986 1462 renovare
1006 1399 1156 1482 priorem
1178 1413 1385 1462 consensum

213 1504 255 1570 do
271 1524 308 1569 se
322 1505 527 1590 invalidum;
543 1523 624 1586 ergo
648 1504 713 1570 nisi
727 1505 928 1570 certioretur
949 1505 1140 1590 aliqualiter
1162 1505 1203 1569 de
1228 1502 1388 1569 nullitate

212 1613 334 1699 prioris
353 1613 571 1691 matrimonii,
584 1631 760 1696 nunquam
775 1613 885 1678 valide
900 1611 983 1676 illud
994 1612 1203 1677 revalidabit.
1216 1611 1316 1676 Error
1329 1630 1386 1676 au·

213 1727 284 1785 tem
305 1721 369 1784 Istc
386 1721 443 1804 qui
457 1721 511 1784 hic
523 1719 713 1797 intercedit,
728 1726 781 1785 est
796 1739 891 1785 error
908 1721 1011 1785 totius
1025 1720 1223 1786 substantiae
1236 1723 1387 1784 contrac-

213 1834 268 1893 tus
283 1833 318 1894 et
333 1829 506 1894 reducitur
519 1830 562 1893 ad
585 1847 736 1894 errorem
754 1847 921 1913 personae,
945 1835 1113 1913 quatenus
1133 1829 1272 1912 ignarus
1292 1833 1389 1913 putat

212 1955 250 2003 se
262 1939 455 2018 consentire
468 1939 504 2003 iu
519 1957 627 2016 suam,
646 1959 721 2024 quae
737 1943 852 2004 tamen
866 1957 936 2004 non
951 1943 1004 2003 est
1019 1957 1081 2004 sna
1100 1938 1144 2004 ch
1157 1938 1267 2003 latens
1282 1939 1388 2023 impe-

214 2045 414 2118 dimentum.
432 2045 509 2111 Ilaec
524 2047 703 2122 sententia,
728 2050 767 2110 ut
787 2047 901 2122 tutior,
923 2047 1072 2112 tenenda
1095 2050 1147 2110 est
1171 2045 1206 2110 in
1224 2046 1321 2128 praxi
1345 2045 1388 2110 ad

214 2152 383 2219 tollendos
399 2172 519 2219 omnes
532 2153 710 2237 scrupulos
724 2155 778 2236 (l).

249 2303 315 2394 Obj.
332 2321 603 2392 maurimontem
622 2319 709 2378 liberi
729 2334 798 2379 cum
819 2319 928 2378 ancilla
951 2319 1125 2390 ratidcatur,
1147 2321 1173 2378 si
1188 2319 1249 2390 illa,
1269 2319 1391 2393 cognito

214 2411 385 2470 conditione
400 2409 512 2481 serviti,
527 2415 650 2468 renovet
664 2423 857 2479 consensum,
870 2409 917 2468 rel
932 2424 997 2468 aum
1012 2415 1178 2484 cognoscat
1192 2408 1298 2468 allecto
1319 2422 1390 2467 con-

211 2499 307 2574 jugali
322 2501 358 2572 (c.
375 2505 433 2556 tet
447 2497 499 2556 tin.
515 2498 550 2556 dc
569 2499 692 2572 Coajup.
714 2499 815 2572 sarm).
836 2505 866 2556 2⁰
878 2500 966 2558 Juxta
981 2501 1001 2558 l.
1015 2501 1113 2557 xxvn
1125 2503 1155 2556 et
1172 2501 1252 2568 LXV,
1271 2497 1307 2556 de
1322 2499 1391 2558 Ilitc

213 2587 644 2660 nupt.,adconvalidat10nem
659 2587 841 2644 matrimonii
857 2586 970 2646 sufficit
989 2587 1212 2660 perseverantia
1229 2587 1261 2644 in
1287 2586 1389 2644 eadem

213 2677 377 2745 voluntate,
399 2677 450 2734 uhi
472 2677 719 2750 impedimentum
737 2677 890 2736 sublatum
914 2683 968 2736 est.
989 2681 1019 2735 3ο
1037 2677 1123 2736 Prior
1143 2691 1316 2735 consensus
1333 2677 1390 2733 luit

215 2767 385 2842 conlugaIIs
408 2773 446 2838 et,
467 2767 585 2826 sublato
599 2767 825 2840 impedimento,
840 2781 932 2840 capax
955 2772 1002 2826 est
1015 2767 1217 2826 constItuendi
1238 2765 1389 2824 matrtmo-

215 2857 311 2914 nium.
331 2861 362 2914 4·
377 2858 488 2930 sipost
501 2857 663 2930 sponsalia,
689 2861 803 2916 remoto
817 2855 1042 2929 impedimento,
1057 2862 1201 2930 sequatur
1217 2856 1326 2928 copula
1347 2856 1390 2914 al-

215 2945 293 3005 tectu
304 2945 467 3020 conjugali,
483 2946 519 3004 de
530 2949 599 3018 jure
613 2945 737 3018 antiquo
747 2960 852 3004 verum
863 2945 1051 3004 contrahitur
1061 2946 1302 3017 matrimonium
1319 2961 1391 3020 ergo

216 3036 304 3094 etium
318 3037 344 3094 si
361 3042 429 3109 post
443 3035 667 3094 matrimonium
680 3035 861 3110 putativum,
876 3041 991 3094 remoto
1008 3035 1103 3105 obice,
1120 3042 1263 3108 sequatur
1283 3036 1390 3110 copula

216 3124 322 3183 affectu
338 3123 583 3198 conjugalium
599 3121 745 3181 alliciatur
759 3123 995 3194 matrimonium,
1010 3125 1067 3182 etsi
1083 3123 1176 3182 altera
1191 3140 1260 3197 pars
1277 3141 1337 3183 non
1353 3126 1392 3185 sit

218 3215 374 3272 certiorate
388 3213 425 3272 dc
440 3213 576 3272 nullitate
589 3211 699 3286 prloris
716 3213 910 3272 matrimonii.

253 3309 343 3379 Rasp.
354 3307 390 3364 ad
404 3311 429 3362 t.
439 3309 557 3364 Detecte
568 3303 740 3363 conditione
748 3303 859 3367 servili,
870 3319 1041 3363 consensus
1054 3305 1091 3364 ab
1106 3311 1234 3379 utroque
1247 3321 1390 3364 renouan-

219 3395 276 3456 dus
284 3402 330 3454 est
337 3395 427 3454 verbo
442 3400 494 3454 aut
504 3393 591 3464 Iacto,
602 3393 632 3450 in
643 3398 789 3466 quantum
802 3393 1310 3468 copulapetituretreddituranimo
1323 3411 1392 3454 con-

217 3487 352 3546 trahendi
366 3501 470 3544 verum
485 3484 720 3544 matrimonium.
742 3485 785 3544 Ad
799 3491 826 3544 2.
850 3485 972 3544 Sublato
983 3485 1205 3558 impedimento,
1227 3485 1392 3558 requiritur

216 3578 435 3653 perseverantia
449 3580 480 3637 in
501 3577 603 3636 eadam
617 3576 770 3634 voluntate
789 3577 888 3635 denuo
901 3591 1043 3650 expressa
1055 3577 1091 3635 ad
1114 3577 1339 3636 matrimonium
1354 3578 1391 3636 de

216 3683 294 3726 novo
308 3667 554 3725 contrahendum.
570 3665 613 3724 Ad
628 3670 655 3723 3.
672 3666 748 3724 nist.
763 3671 824 3724 ant.
841 3685 848 3723 :
866 3667 923 3724 tuit
936 3666 1107 3742 conjugalis
1129 3682 1209 3737 vere,
1226 3683 1294 3742 neg.
1311 3674 1389 3737 ant.;

216 3757 363 3832 putatitic,
379 3771 463 3814 conc.
479 3759 540 3812 ant.
559 3757 599 3812 Ne
623 3769 695 3827 ergo
712 3761 872 3814 renovetur
883 3770 1054 3814 consensus
1069 3756 1240 3828 putatitiae,
1267 3771 1392 3815 neccsse
1417 3743 1420 3750 ⁴

217 3852 263 3904 est
276 3852 310 3904 ut
322 3859 392 3918 pars
406 3844 499 3903 altera
512 3843 659 3902 nullitatis
669 3845 792 3902 conscia
806 3845 857 3902 fiat
876 3851 905 3902 et
918 3850 1009 3917 ponat
1022 3859 1208 3904 consensum
1229 3846 1266 3904 ad
1289 3847 1391 3904 matri·

217 3935 351 3993 monium
367 3934 404 3992 de
418 3949 494 3992 novo
508 3933 686 3992 ineundum.
701 3933 743 3991 Ad
758 3937 785 3990 4.
801 3937 873 4005 Neg.
893 3947 992 4003 cons,
1003 3949 1073 3992 nam
1088 3935 1200 4007 copula
1219 3941 1289 4007 post
1303 3949 1392 4007 spon-

216 4024 290 4083 salia
304 4024 485 4096 supponitur
502 4022 566 4080 lleri
580 4022 682 4080 animo
704 4022 898 4080 contrahendi
922 4023 1163 4093 matrimonIum3
1187 4029 1309 4081 econtra
1323 4029 1392 4096 post

216 4113 440 4172 matrimonium
453 4117 638 4170 contractum
649 4111 820 4183 tieripotcst
829 4111 929 4168 animo
938 4111 990 4169 illo
1000 4112 1115 4180 utendi;
1127 4117 1156 4169 et
1164 4127 1288 4186 conseq.
1300 4113 1392 4169 utsrat

217 4203 317 4260 animo
331 4201 404 4260 illud
418 4198 612 4269 invalidandi,
627 4199 714 4258 debet
727 4214 796 4272 pars
810 4200 915 4274 ignara
929 4200 1045 4259 edoceri
1067 4202 1103 4260 dc
1127 4201 1265 4259 nullitate
1280 4201 1389 4274 prioris

217 4293 411 4352 matrimonii.

248 4460 281 4522 (l)
292 4457 318 4508 Si
331 4456 486 4520 oboliquam
496 4455 675 4506 difficultatem
683 4469 739 4506 non
746 4456 916 4520 poesetaltari
926 4457 994 4521 parti
1002 4456 1130 4508 declarari
1140 4456 1248 4508 nullitas
1256 4457 1391 4508 matrimc

215 4535 263 4594 nii,
280 4533 416 4596 delegatus
432 4532 598 4595 delegantem
612 4531 684 4580 adire
698 4531 778 4582 debet
787 4532 898 4596 ejusque
912 4532 1044 4583 voluntati
1058 4536 1085 4582 at
1098 4533 1209 4584 consilio
1221 4534 1389 4596 acquiescere

217 4610 326 4676 (Baned.
340 4609 404 4666 xlv,
419 4609 482 4658 lust.
496 4609 535 4668 86,
554 4622 582 4657 n.
598 4608 648 4671 80).
662 4607 717 4657 Ilcc
730 4621 802 4662 casu.
821 4607 902 4657 Sedes
918 4611 1004 4674 Ipoat.
1028 4609 1162 4672 dispensat
1178 4609 1211 4660 ab
1226 4609 1388 4674 obligatione

215 4686 374 4736 certiorandi
389 4685 497 4734 alteram
514 4687 624 4748 partem,
639 4684 694 4734 sive
711 4697 758 4748 per
771 4685 936 4734 sanatIcnem
952 4685 980 4734 in
993 4685 1091 4747 radica,
1106 4685 1162 4735 sivo
1178 4699 1226 4749 per
1239 4685 1389 4750 rescriptio·

215 4775 277 4812 nem
291 4764 320 4812 ut
331 4761 441 4827 perinde
452 4760 539 4811 salem
553 4760 637 4825 prima
652 4759 821 4824 dispensatio,
832 4759 939 4825 dempta
950 4759 1111 4824 obligatione
1126 4761 1294 4812 certiorandi
