3412 5570
506 487 594 534 nrm
614 485 741 542 orimus
762 483 985 536 narraremus.
1280 471 1341 536 tls

163 601 246 670 laeso
267 607 471 686 periurium
487 605 586 671 datur
605 611 679 671 tum
697 608 750 671 rei
766 607 950 672 vindicatio
967 611 1001 672 et
1015 570 1177 676 contiictio
1193 608 1337 690 furtiva,

165 719 238 778 tum
255 715 342 778 actio
355 713 446 796 furti
455 720 490 778 et
503 717 671 778 accusatio
686 715 881 780 cn'tninolis.

618 901 637 951 1.
655 899 705 952 Rei
723 898 887 952 vindicatio.

204 1052 237 1132 a)
249 1051 308 1115 Rei
323 1051 516 1130 vindicatio,
536 1071 597 1117 seu
617 1053 705 1118 actio
725 1053 825 1117 realis
846 1071 885 1118 ac
902 1053 951 1117 rei
971 1049 1214 1136 prosecutoria,
1240 1048 1339 1116 datur

163 1159 327 1223 adversus
352 1177 588 1244 possessorem
615 1158 665 1224 rei
691 1161 842 1238 furtiva,
880 1153 1125 1244 sive'tu1·ipse
1151 1159 1335 1243 possideat,

163 1266 234 1330 sive
248 1266 334 1330 alius
349 1267 499 1351 quilibet,
519 1269 598 1352 quia
611 1269 735 1332 vitium
751 1268 801 1334 rei
815 1269 951 1333 furtivae
970 1267 1061 1332 reale
1082 1272 1143 1330 est.
1160 1267 1236 1332 Hac
1251 1269 1338 1332 aetio
1405 1332 1409 1340 ,
1455 1295 1457 1302 ⁴

161 1378 273 1456 potest
289 1376 391 1438 etiam
405 1376 536 1439 institui
557 1380 676 1440 contra
696 1379 886 1458 emptorem
911 1375 961 1439 rei
986 1375 1133 1451 furtiva,
1159 1374 1230 1438 sive
1248 1375 1339 1438 bona

163 1481 234 1546 sive
249 1482 339 1546 mala
351 1483 418 1547 fida
434 1490 509 1548 rem
523 1484 654 1547 emerit.
677 1483 844 1576 Obligatio
862 1482 1065 1568 restituendi
1084 1501 1158 1547 rem
1176 1482 1338 1547 furtivam

162 1593 269 1658 oritur
291 1596 360 1656 tam
384 1609 427 1656 ex
449 1610 486 1657 re
509 1596 657 1674 accepta,
682 1610 784 1675 qnam
800 1609 843 1654 ex
864 1592 992 1674 injusta
1006 1592 1223 1674 acceptione3
1248 1591 1337 1655 unde

161 1701 297 1784 quando
309 1720 364 1766 res
379 1700 436 1764 illa
448 1701 484 1764 in
499 1719 536 1766 se
548 1700 608 1765 vel
621 1701 658 1765 in
672 1701 891 1786 aequivalenti
907 1720 968 1766 seu
981 1703 1091 1767 tructu
1110 1721 1131 1767 a
1150 1721 1186 1765 se
1207 1701 1337 1778 relicte,

160 1812 213 1872 est
226 1826 332 1892 penes
345 1809 467 1884 iurem,
484 1808 655 1890 obligatur
668 1809 732 1874 iste
744 1828 787 1874 ex
798 1813 942 1894 utroque
957 1810 1077 1892 capite.
1093 1809 1126 1872 si
1139 1827 1194 1873 res
1206 1809 1339 1873 tuerita

159 1916 288 1980 lurein
302 1915 407 1980 alium
420 1914 593 1990 translata,
612 1913 679 2000 qna
702 1917 804 1981 ditior
821 1917 885 1982 iste
907 1917 987 1980 inde
1007 1917 1117 1981 factus
1140 1921 1202 1992 est,
1228 1921 1340 1980 cessat

161 2023 323 2106 obligatio
346 2043 389 2089 ex
410 2043 447 2088 re
471 2029 619 2110 aooepta,
642 2028 676 2089 at
694 2028 812 2090 manet
831 2024 993 2106 obligatio
1015 2045 1058 2089 ex
1077 2027 1206 2108 injusta
1224 2041 1338 2106 aecep-

161 2133 264 2198 tione.

200 2242 230 2326 b)
243 2242 298 2307 An
313 2244 374 2327 qui
388 2245 423 2308 in
438 2253 590 2310 extrema
600 2247 796 2310 necessitate
808 2246 958 2310 alienam
972 2263 1043 2309 rein
1054 2245 1204 2324 abstulit,
1217 2249 1338 2328 postca

159 2360 315 2417 teneatur
328 2355 377 2418 ud
384 2356 659 2420 restitutionem?
673 2355 707 2420 Si
716 2356 918 2439 locupletior
928 2356 1037 2420 iaetus
1053 2373 1123 2420 non
1137 2353 1190 2429 sit,
1204 2352 1339 2416 eviden-

160 2467 210 2524 ter
223 2479 294 2526 non
311 2466 446 2527 tenetur
460 2464 503 2528 ad
517 2465 780 2542 restitutionem,
794 2483 873 2528 cum
887 2482 958 2529 non
972 2465 1149 2527 remaneat
1164 2460 1228 2526 nisi
1244 2459 1337 2526 solus

158 2587 241 2633 usus
257 2569 321 2644 rei;
342 2570 402 2634 sed
422 2570 449 2633 si
466 2570 669 2654 locupletior
683 2572 726 2636 sit
738 2573 858 2647 factus,
880 2588 951 2636 non
964 2570 1104 2635 omnino
1116 2567 1339 2642 consentiunt

159 2675 229 2752 CC„
244 2677 410 2760 cumipse
424 2697 480 2742 res
494 2679 607 2744 ablata
623 2679 850 2744 remanentia
865 2697 901 2742 se
916 2676 972 2742 vel
987 2677 1023 2740 in
1037 2675 1265 2760 aequivalenti.

197 2785 212 2848 J
216 2787 1253 2869 uxtaprimamsententiam,tenereturadrestitutionem,tum
1260 2784 1339 2868 quia

158 2898 312 2960 extrema
325 2896 510 2960 necessitas
525 2897 605 2960 facit
614 2914 669 2959 res
680 2914 881 2961 communes
893 2894 1005 2958 solum
1017 2893 1129 2977 quoad
1141 2911 1253 2969 usum,
1266 2911 1337 2956 non

158 3007 274 3064 autem
293 3002 403 3085 quoad
421 3003 623 3080 dominium,
645 3008 719 3067 tum
741 3003 821 3086 quia
846 3002 1005 3066 dominus
1027 3019 1098 3065 non
1113 3005 1250 3064 tenetur
1263 3019 1337 3064 rem
1413 3027 1418 3038 ·

158 3126 257 3172 suam
269 3108 396 3174 donare
410 3110 551 3193 patienti
567 3115 757 3174 extremam
771 3109 1031 3183 necessitatem
1057 3107 1182 3172 suilloit
1204 3112 1242 3170 ut
1261 3125 1338 3172 eam

158 3215 216 3278 det
229 3215 265 3280 in
279 3221 450 3281 mutuum.

195 3323 297 3390 Juxta
315 3325 457 3390 alteram
479 3327 694 3402 sententiam,
714 3344 790 3410 quae
806 3330 858 3390 est
872 3323 1101 3401 communior,
1125 3323 1336 3404 distinguen-

158 3430 239 3494 dum
261 3436 324 3510 est,
349 3450 392 3499 an
413 3451 467 3500 res
490 3437 629 3516 accepta
650 3433 694 3498 sit
714 3452 780 3498 usu
805 3430 1077 3516 consumptibilis
1104 3430 1159 3496 vel
1178 3449 1247 3495 non
1270 3450 1278 3492 ι
1300 3429 1337 3494 in

157 3541 406 3619 secundocasu‚
420 3561 496 3608 eam
506 3543 688 3627 accipiens,
699 3548 883 3627 postquam
892 3540 1229 3616 nenessitastransilt,
1238 3539 1336 3606 resti·

156 3653 253 3716 tuere
268 3651 369 3716 debet
385 3671 392 3715 :
408 3652 456 3716 ita
471 3671 602 3717 omnes.
620 3651 657 3716 ln
671 3653 782 3735 primo
797 3670 890 3729 casu,
905 3651 933 3715 si
945 3649 1334 3733 resiueriteonsumpta,

155 3757 310 3823 nullaest
324 3759 484 3841 obligatio
500 3779 576 3824 eam
591 3759 810 3835 restituendi3
827 3777 909 3823 nam
923 3775 993 3822 non
1006 3756 1143 3823 videtur
1153 3756 1244 3821 unde
1259 3773 1336 3820 nas·

154 3869 289 3929 oeretur
303 3867 464 3948 obligatio
477 3865 570 3931 illam
580 3866 782 3931 restituendi
795 3885 802 3928 :
814 3884 885 3930 non
896 3881 939 3929 ex
949 3883 986 3928 re
997 3869 1145 3946 accepta,
1159 3881 1234 3947 quae
1245 3864 1336 3928 bona

155 3973 221 4038 ilde
245 3973 310 4038 luit
331 3979 553 4056 consumpta;
578 3993 647 4039 non
668 3993 710 4038 ex
731 3975 858 4056 injusta
881 3973 1087 4055 acceptione,
1110 3971 1233 4057 quippe
1260 3987 1334 4053 quae

154 4083 243 4146 taeta
258 4087 310 4146 est
318 4078 409 4148 licita
424 4084 460 4147 in
477 4083 540 4147 hac
556 4088 710 4148 extrema
723 4081 945 4157 necessitate·;
961 4079 1099 4144 tandem
1114 4095 1185 4142 non
1199 4097 1241 4142 ex
1255 4097 1336 4143 oon-

125 4251 127 4256 .
156 4194 263 4255 tractu
286 4192 341 4255 vel
365 4192 662 4275 quasicontractm
686 4191 766 4274 quia
794 4189 870 4255 talis
891 4207 1012 4271 reapse
1038 4205 1108 4252 non
1130 4185 1332 4262 intercessit,

154 4315 217 4363 nec
229 4316 250 4362 a
260 4301 338 4382 jure
354 4300 573 4380 praesumitur
588 4297 833 4363 intercessisse.

525 4482 556 4536 11.
575 4484 613 4536 lle
631 4482 810 4536 condictione
828 4480 940 4534 furtiva.

193 4633 225 4714 o)
240 4627 317 4696 Haeo
329 4630 496 4696 condictio
512 4632 564 4694 est
576 4628 663 4696 actio
678 4625 879 4712 personalis,
895 4623 1015 4701 civilis,
1029 4623 1078 4688 rei
1088 4623 1329 4706 persecutoria,
1422 4653 1426 4660 ·
