<?xml version="1.0" encoding="UTF-8"?>
<!DOCTYPE html PUBLIC "-//W3C//DTD XHTML 1.0 Transitional//EN"
    "http://www.w3.org/TR/xhtml1/DTD/xhtml1-transitional.dtd">
<html xmlns="http://www.w3.org/1999/xhtml" xml:lang="en" lang="en">
 <head>
  <title>
</title>
<meta http-equiv="Content-Type" content="text/html;charset=utf-8" />
  <meta name='ocr-system' content='tesseract 3.04.00' />
  <meta name='ocr-capabilities' content='ocr_page ocr_carea ocr_par ocr_line ocrx_word'/>
</head>
<body>
  <div class='ocr_page' id='page_1' title='image "./juscanonicumjux01grangoog/juscanonicumjux01grangoog_0269.png"; bbox 0 0 3482 5560; ppageno 0'>
   <div class='ocr_carea' id='block_1_1' title="bbox 548 593 1376 666">
    <p class='ocr_par' dir='ltr' id='par_1_1' title="bbox 548 593 1376 666">
     <span class='ocr_line' id='line_1_1' title="bbox 548 593 1376 666; baseline 0.001 -8"><span class='ocrx_word' id='word_1_1' title='bbox 548 611 635 658; x_wconf 79' lang='lat' dir='ltr'><strong>crass</strong></span> <span class='ocrx_word' id='word_1_2' title='bbox 656 613 782 666; x_wconf 83' lang='lat' dir='ltr'><strong>omarus</strong></span> <span class='ocrx_word' id='word_1_3' title='bbox 803 613 1020 660; x_wconf 73' lang='lat' dir='ltr'><strong>samarium.</strong></span> <span class='ocrx_word' id='word_1_4' title='bbox 1316 593 1376 659; x_wconf 73' lang='grc'><strong>259</strong></span> 
     </span>
    </p>
   </div>
   <div class='ocr_carea' id='block_1_2' title="bbox 204 721 1384 2866">
    <p class='ocr_par' dir='ltr' id='par_1_2' title="bbox 204 721 1378 912">
     <span class='ocr_line' id='line_1_2' title="bbox 204 721 1378 808; baseline -0.001 -20"><span class='ocrx_word' id='word_1_5' title='bbox 204 721 333 788; x_wconf 87' lang='lat' dir='ltr'><strong>latendi</strong></span> <span class='ocrx_word' id='word_1_6' title='bbox 355 721 545 798; x_wconf 86' lang='lat' dir='ltr'><strong>veritatem,</strong></span> <span class='ocrx_word' id='word_1_7' title='bbox 571 728 605 788; x_wconf 88' lang='lat' dir='ltr'><strong>et</strong></span> <span class='ocrx_word' id='word_1_8' title='bbox 627 723 704 790; x_wconf 89' lang='lat' dir='ltr'><strong>Ideo</strong></span> <span class='ocrx_word' id='word_1_9' title='bbox 725 741 881 808; x_wconf 84' lang='lat' dir='ltr'><strong>personae</strong></span> <span class='ocrx_word' id='word_1_10' title='bbox 904 724 1076 808; x_wconf 76' lang='lat' dir='ltr'><strong>inquisitae</strong></span> <span class='ocrx_word' id='word_1_11' title='bbox 1098 728 1258 789; x_wconf 85' lang='lat' dir='ltr'><strong>tenentur</strong></span> <span class='ocrx_word' id='word_1_12' title='bbox 1279 723 1378 789; x_wconf 86' lang='lat' dir='ltr'><strong>lateri</strong></span> 
     </span>
     <span class='ocr_line' id='line_1_3' title="bbox 204 829 709 912; baseline -0.004 -17"><span class='ocrx_word' id='word_1_13' title='bbox 204 829 334 895; x_wconf 80' lang='lat' dir='ltr'><strong>crimen</strong></span> <span class='ocrx_word' id='word_1_14' title='bbox 347 829 439 912; x_wconf 89' lang='lat' dir='ltr'><strong>quod</strong></span> <span class='ocrx_word' id='word_1_15' title='bbox 453 830 709 896; x_wconf 91' lang='lat' dir='ltr'><strong>commiserunt.</strong></span> 
     </span>
    </p>

    <p class='ocr_par' dir='ltr' id='par_1_3' title="bbox 204 937 1379 1326">
     <span class='ocr_line' id='line_1_4' title="bbox 244 937 1377 1026; baseline 0.002 -25"><span class='ocrx_word' id='word_1_16' title='bbox 244 937 381 1014; x_wconf 83' lang='lat' dir='ltr'><strong>Tamen,</strong></span> <span class='ocrx_word' id='word_1_17' title='bbox 408 938 435 1002; x_wconf 89' lang='lat' dir='ltr'><strong>si</strong></span> <span class='ocrx_word' id='word_1_18' title='bbox 457 943 618 1021; x_wconf 76' lang='lat' dir='ltr'><strong>ageretur</strong></span> <span class='ocrx_word' id='word_1_19' title='bbox 639 939 681 1006; x_wconf 93' lang='lat' dir='ltr'><strong>de</strong></span> <span class='ocrx_word' id='word_1_20' title='bbox 701 959 804 1023; x_wconf 77' lang='lat' dir='ltr'><strong>poena</strong></span> <span class='ocrx_word' id='word_1_21' title='bbox 821 941 948 1024; x_wconf 72' lang='lat' dir='ltr'><strong>mortis¹</strong></span> <span class='ocrx_word' id='word_1_22' title='bbox 959 941 1014 1008; x_wconf 92' lang='lat' dir='ltr'><strong>vel</strong></span> <span class='ocrx_word' id='word_1_23' title='bbox 1038 939 1280 1026; x_wconf 74' lang='lat' dir='ltr'><strong>aequivalente,</strong></span> <span class='ocrx_word' id='word_1_24' title='bbox 1306 957 1377 1004; x_wconf 94' lang='lat' dir='ltr'><strong>non</strong></span> 
     </span>
     <span class='ocr_line' id='line_1_5' title="bbox 205 1048 1379 1136; baseline 0 -24"><span class='ocrx_word' id='word_1_25' title='bbox 205 1051 405 1112; x_wconf 88' lang='lat' dir='ltr'><strong>tenerentur</strong></span> <span class='ocrx_word' id='word_1_26' title='bbox 423 1048 642 1124; x_wconf 80' lang='lat' dir='ltr'><strong>manilestare</strong></span> <span class='ocrx_word' id='word_1_27' title='bbox 664 1067 765 1114; x_wconf 90' lang='lat' dir='ltr'><strong>suum</strong></span> <span class='ocrx_word' id='word_1_28' title='bbox 788 1051 931 1128; x_wconf 90' lang='lat' dir='ltr'><strong>crimen,</strong></span> <span class='ocrx_word' id='word_1_29' title='bbox 957 1051 1037 1136; x_wconf 88' lang='lat' dir='ltr'><strong>quia</strong></span> <span class='ocrx_word' id='word_1_30' title='bbox 1059 1049 1116 1114; x_wconf 86' lang='lat' dir='ltr'><strong>lex</strong></span> <span class='ocrx_word' id='word_1_31' title='bbox 1135 1051 1286 1114; x_wconf 85' lang='lat' dir='ltr'><strong>humana</strong></span> <span class='ocrx_word' id='word_1_32' title='bbox 1308 1064 1379 1112; x_wconf 93' lang='lat' dir='ltr'><strong>non</strong></span> 
     </span>
     <span class='ocr_line' id='line_1_6' title="bbox 206 1153 1379 1242; baseline -0.002 -24"><span class='ocrx_word' id='word_1_33' title='bbox 206 1153 334 1236; x_wconf 88' lang='lat' dir='ltr'><strong>obligat</strong></span> <span class='ocrx_word' id='word_1_34' title='bbox 345 1173 425 1220; x_wconf 93' lang='lat' dir='ltr'><strong>cum</strong></span> <span class='ocrx_word' id='word_1_35' title='bbox 439 1159 533 1222; x_wconf 90' lang='lat' dir='ltr'><strong>tanto</strong></span> <span class='ocrx_word' id='word_1_36' title='bbox 548 1155 763 1236; x_wconf 85' lang='lat' dir='ltr'><strong>detrimento,</strong></span> <span class='ocrx_word' id='word_1_37' title='bbox 781 1163 819 1222; x_wconf 90' lang='lat' dir='ltr'><strong>ut</strong></span> <span class='ocrx_word' id='word_1_38' title='bbox 827 1161 900 1242; x_wconf 84' lang='lat' dir='ltr'><strong>jam</strong></span> <span class='ocrx_word' id='word_1_39' title='bbox 915 1157 1106 1224; x_wconf 83' lang='lat' dir='ltr'><strong>dictumest</strong></span> <span class='ocrx_word' id='word_1_40' title='bbox 1117 1157 1153 1220; x_wconf 94' lang='lat' dir='ltr'><strong>in</strong></span> <span class='ocrx_word' id='word_1_41' title='bbox 1168 1155 1265 1222; x_wconf 90' lang='lat' dir='ltr'><strong>titulo</strong></span> <span class='ocrx_word' id='word_1_42' title='bbox 1279 1153 1379 1218; x_wconf 83' lang='lat' dir='ltr'>XVIII</span> 
     </span>
     <span class='ocr_line' id='line_1_7' title="bbox 204 1261 444 1326; baseline 0 0"><span class='ocrx_word' id='word_1_43' title='bbox 204 1261 280 1326; x_wconf 85' lang='lat' dir='ltr'><strong>libri</strong></span> <span class='ocrx_word' id='word_1_44' title='bbox 294 1261 444 1326; x_wconf 89' lang='lat' dir='ltr'><strong>secundi.</strong></span> 
     </span>
    </p>

    <p class='ocr_par' dir='ltr' id='par_1_4' title="bbox 204 1369 1380 1564">
     <span class='ocr_line' id='line_1_8' title="bbox 245 1369 1380 1458; baseline 0.002 -26"><span class='ocrx_word' id='word_1_45' title='bbox 245 1369 428 1436; x_wconf 81' lang='lat' dir='ltr'><strong>Deficiente</strong></span> <span class='ocrx_word' id='word_1_46' title='bbox 447 1372 647 1454; x_wconf 81' lang='lat' dir='ltr'><strong>probatione</strong></span> <span class='ocrx_word' id='word_1_47' title='bbox 667 1373 865 1456; x_wconf 86' lang='lat' dir='ltr'><strong>semiplena,</strong></span> <span class='ocrx_word' id='word_1_48' title='bbox 881 1373 1064 1458; x_wconf 89' lang='lat' dir='ltr'><strong>inquisitus</strong></span> <span class='ocrx_word' id='word_1_49' title='bbox 1077 1391 1147 1438; x_wconf 93' lang='lat' dir='ltr'><strong>non</strong></span> <span class='ocrx_word' id='word_1_50' title='bbox 1163 1375 1298 1438; x_wconf 87' lang='lat' dir='ltr'><strong>tenetur</strong></span> <span class='ocrx_word' id='word_1_51' title='bbox 1310 1387 1380 1436; x_wconf 88' lang='lat' dir='ltr'><strong>res-</strong></span> 
     </span>
     <span class='ocr_line' id='line_1_9' title="bbox 204 1477 1163 1564; baseline 0.001 -22"><span class='ocrx_word' id='word_1_52' title='bbox 204 1477 366 1561; x_wconf 87' lang='lat' dir='ltr'><strong>pondere,</strong></span> <span class='ocrx_word' id='word_1_53' title='bbox 393 1479 608 1562; x_wconf 71' lang='lat' dir='ltr'><strong>eamindicio</strong></span> <span class='ocrx_word' id='word_1_54' title='bbox 622 1481 844 1564; x_wconf 76' lang='lat' dir='ltr'><strong>interrogatio</strong></span> <span class='ocrx_word' id='word_1_55' title='bbox 859 1500 929 1548; x_wconf 90' lang='lat' dir='ltr'><strong>non</strong></span> <span class='ocrx_word' id='word_1_56' title='bbox 944 1483 988 1546; x_wconf 88' lang='lat' dir='ltr'><strong>sit</strong></span> <span class='ocrx_word' id='word_1_57' title='bbox 1000 1481 1163 1564; x_wconf 86' lang='lat' dir='ltr'><strong>legitima.</strong></span> 
     </span>
    </p>

    <p class='ocr_par' dir='ltr' id='par_1_5' title="bbox 204 1586 1381 2110">
     <span class='ocr_line' id='line_1_10' title="bbox 243 1586 1381 1676; baseline -0.002 -24"><span class='ocrx_word' id='word_1_58' title='bbox 243 1589 276 1652; x_wconf 84' lang='grc'><strong>2·</strong></span> <span class='ocrx_word' id='word_1_59' title='bbox 293 1587 470 1673; x_wconf 85' lang='lat' dir='ltr'><strong>Inquisitio</strong></span> <span class='ocrx_word' id='word_1_60' title='bbox 489 1589 646 1656; x_wconf 84' lang='lat' dir='ltr'><strong>absoluta</strong></span> <span class='ocrx_word' id='word_1_61' title='bbox 663 1591 765 1656; x_wconf 85' lang='lat' dir='ltr'><strong>trabit</strong></span> <span class='ocrx_word' id='word_1_62' title='bbox 783 1595 861 1676; x_wconf 89' lang='lat' dir='ltr'><strong>post</strong></span> <span class='ocrx_word' id='word_1_63' title='bbox 884 1609 921 1656; x_wconf 89' lang='lat' dir='ltr'><strong>se</strong></span> <span class='ocrx_word' id='word_1_64' title='bbox 945 1590 1150 1656; x_wconf 83' lang='lat' dir='ltr'><strong>sententiam</strong></span> <span class='ocrx_word' id='word_1_65' title='bbox 1171 1588 1307 1673; x_wconf 89' lang='lat' dir='ltr'><strong>judicis,</strong></span> <span class='ocrx_word' id='word_1_66' title='bbox 1324 1586 1381 1654; x_wconf 91' lang='lat' dir='ltr'><strong>vel</strong></span> 
     </span>
     <span class='ocr_line' id='line_1_11' title="bbox 204 1696 1378 1774; baseline -0.003 -12"><span class='ocrx_word' id='word_1_67' title='bbox 204 1696 530 1774; x_wconf 80' lang='lat' dir='ltr'><strong>condemnatoriam,</strong></span> <span class='ocrx_word' id='word_1_68' title='bbox 545 1699 573 1762; x_wconf 90' lang='lat' dir='ltr'><strong>si</strong></span> <span class='ocrx_word' id='word_1_69' title='bbox 587 1715 667 1763; x_wconf 89' lang='lat' dir='ltr'><strong>reus</strong></span> <span class='ocrx_word' id='word_1_70' title='bbox 681 1697 857 1764; x_wconf 88' lang='lat' dir='ltr'><strong>convictus</strong></span> <span class='ocrx_word' id='word_1_71' title='bbox 876 1699 1005 1764; x_wconf 82' lang='lat' dir='ltr'><strong>crimen</strong></span> <span class='ocrx_word' id='word_1_72' title='bbox 1018 1698 1110 1764; x_wconf 84' lang='lat' dir='ltr'><strong>houd</strong></span> <span class='ocrx_word' id='word_1_73' title='bbox 1127 1697 1304 1762; x_wconf 79' lang='lat' dir='ltr'><strong>confessus</strong></span> <span class='ocrx_word' id='word_1_74' title='bbox 1323 1696 1378 1773; x_wconf 89' lang='lat' dir='ltr'><strong>sit,</strong></span> 
     </span>
     <span class='ocr_line' id='line_1_12' title="bbox 204 1801 1376 1890; baseline -0.003 -20"><span class='ocrx_word' id='word_1_75' title='bbox 204 1805 261 1870; x_wconf 90' lang='lat' dir='ltr'><strong>vel</strong></span> <span class='ocrx_word' id='word_1_76' title='bbox 273 1805 530 1884; x_wconf 70' lang='lat' dir='ltr'><strong>absolutorum,</strong></span> <span class='ocrx_word' id='word_1_77' title='bbox 546 1807 575 1872; x_wconf 92' lang='lat' dir='ltr'><strong>si</strong></span> <span class='ocrx_word' id='word_1_78' title='bbox 586 1825 667 1873; x_wconf 87' lang='lat' dir='ltr'><strong>reus</strong></span> <span class='ocrx_word' id='word_1_79' title='bbox 681 1805 806 1873; x_wconf 90' lang='lat' dir='ltr'><strong>indicia</strong></span> <span class='ocrx_word' id='word_1_80' title='bbox 818 1811 937 1872; x_wconf 86' lang='lat' dir='ltr'><strong>contra</strong></span> <span class='ocrx_word' id='word_1_81' title='bbox 952 1825 989 1872; x_wconf 90' lang='lat' dir='ltr'><strong>se</strong></span> <span class='ocrx_word' id='word_1_82' title='bbox 1004 1806 1136 1890; x_wconf 82' lang='lat' dir='ltr'><strong>prolata</strong></span> <span class='ocrx_word' id='word_1_83' title='bbox 1151 1806 1252 1890; x_wconf 91' lang='lat' dir='ltr'><strong>plene</strong></span> <span class='ocrx_word' id='word_1_84' title='bbox 1268 1801 1376 1868; x_wconf 85' lang='lat' dir='ltr'><strong>diluit.</strong></span> 
     </span>
     <span class='ocr_line' id='line_1_13' title="bbox 205 1913 1380 2000; baseline 0 -22"><span class='ocrx_word' id='word_1_85' title='bbox 205 1913 342 1993; x_wconf 86' lang='lat' dir='ltr'><strong>Tamen,</strong></span> <span class='ocrx_word' id='word_1_86' title='bbox 363 1922 546 2000; x_wconf 86' lang='lat' dir='ltr'><strong>antequam</strong></span> <span class='ocrx_word' id='word_1_87' title='bbox 566 1915 772 1994; x_wconf 85' lang='lat' dir='ltr'><strong>absolvatur,</strong></span> <span class='ocrx_word' id='word_1_88' title='bbox 790 1917 821 1982; x_wconf 88' lang='lat' dir='ltr'><strong>ci</strong></span> <span class='ocrx_word' id='word_1_89' title='bbox 841 1917 993 1982; x_wconf 78' lang='lat' dir='ltr'><strong>defertur</strong></span> <span class='ocrx_word' id='word_1_90' title='bbox 1007 1919 1243 2000; x_wconf 86' lang='lat' dir='ltr'><strong>juramentum</strong></span> <span class='ocrx_word' id='word_1_91' title='bbox 1256 1931 1380 1996; x_wconf 91' lang='lat' dir='ltr'><strong>purga-</strong></span> 
     </span>
     <span class='ocr_line' id='line_1_14' title="bbox 207 2025 1138 2110; baseline 0.002 -21"><span class='ocrx_word' id='word_1_92' title='bbox 207 2025 324 2104; x_wconf 89' lang='lat' dir='ltr'><strong>tionis;</strong></span> <span class='ocrx_word' id='word_1_93' title='bbox 340 2025 430 2110; x_wconf 90' lang='lat' dir='ltr'><strong>quod</strong></span> <span class='ocrx_word' id='word_1_94' title='bbox 446 2027 474 2092; x_wconf 90' lang='lat' dir='ltr'><strong>si</strong></span> <span class='ocrx_word' id='word_1_95' title='bbox 488 2027 684 2109; x_wconf 87' lang='lat' dir='ltr'><strong>denegaret,</strong></span> <span class='ocrx_word' id='word_1_96' title='bbox 699 2046 761 2110; x_wconf 90' lang='lat' dir='ltr'><strong>pro</strong></span> <span class='ocrx_word' id='word_1_97' title='bbox 776 2029 933 2094; x_wconf 79' lang='lat' dir='ltr'><strong>confesso</strong></span> <span class='ocrx_word' id='word_1_98' title='bbox 943 2028 1138 2093; x_wconf 88' lang='lat' dir='ltr'><strong>baberetur.</strong></span> 
     </span>
    </p>

    <p class='ocr_par' dir='ltr' id='par_1_6' title="bbox 204 2133 1384 2866">
     <span class='ocr_line' id='line_1_15' title="bbox 245 2133 1382 2220; baseline 0 -22"><span class='ocrx_word' id='word_1_99' title='bbox 245 2134 277 2198; x_wconf 87' lang='lat'><strong>3·</strong></span> <span class='ocrx_word' id='word_1_100' title='bbox 294 2133 489 2218; x_wconf 85' lang='lat' dir='ltr'><strong>inquisitus,</strong></span> <span class='ocrx_word' id='word_1_101' title='bbox 515 2136 657 2220; x_wconf 91' lang='lat' dir='ltr'><strong>probato</strong></span> <span class='ocrx_word' id='word_1_102' title='bbox 680 2136 838 2212; x_wconf 81' lang='lat' dir='ltr'><strong>crimme,</strong></span> <span class='ocrx_word' id='word_1_103' title='bbox 862 2136 1065 2218; x_wconf 78' lang='lat' dir='ltr'><strong>regulariter</strong></span> <span class='ocrx_word' id='word_1_104' title='bbox 1088 2152 1191 2217; x_wconf 74' lang='lat' dir='ltr'><strong>poena</strong></span> <span class='ocrx_word' id='word_1_105' title='bbox 1211 2133 1382 2198; x_wconf 89' lang='lat' dir='ltr'><strong>ordinaria</strong></span> 
     </span>
     <span class='ocr_line' id='line_1_16' title="bbox 205 2243 1381 2330; baseline -0.002 -22"><span class='ocrx_word' id='word_1_106' title='bbox 205 2244 398 2326; x_wconf 91' lang='lat' dir='ltr'><strong>puniendus</strong></span> <span class='ocrx_word' id='word_1_107' title='bbox 418 2250 487 2324; x_wconf 87' lang='lat' dir='ltr'><strong>est;</strong></span> <span class='ocrx_word' id='word_1_108' title='bbox 507 2251 641 2313; x_wconf 87' lang='lat' dir='ltr'><strong>constat</strong></span> <span class='ocrx_word' id='word_1_109' title='bbox 665 2265 707 2318; x_wconf 81' lang='lat' dir='ltr'><strong>ox</strong></span> <span class='ocrx_word' id='word_1_110' title='bbox 728 2247 824 2330; x_wconf 88' lang='lat' dir='ltr'><strong>praxi</strong></span> <span class='ocrx_word' id='word_1_111' title='bbox 848 2246 1069 2312; x_wconf 87' lang='lat' dir='ltr'><strong>tribunalium</strong></span> <span class='ocrx_word' id='word_1_112' title='bbox 1092 2248 1127 2310; x_wconf 86' lang='lat' dir='ltr'><strong>et</strong></span> <span class='ocrx_word' id='word_1_113' title='bbox 1154 2243 1381 2310; x_wconf 91' lang='lat' dir='ltr'><strong>communiori</strong></span> 
     </span>
     <span class='ocr_line' id='line_1_17' title="bbox 207 2352 1384 2440; baseline -0.003 -23"><span class='ocrx_word' id='word_1_114' title='bbox 207 2353 370 2436; x_wconf 82' lang='lat' dir='ltr'><strong>suffragio</strong></span> <span class='ocrx_word' id='word_1_115' title='bbox 395 2354 583 2434; x_wconf 71' lang='lat' dir='ltr'><strong>doctorum,</strong></span> <span class='ocrx_word' id='word_1_116' title='bbox 609 2361 643 2421; x_wconf 90' lang='lat' dir='ltr'><strong>et</strong></span> <span class='ocrx_word' id='word_1_117' title='bbox 665 2355 825 2440; x_wconf 81' lang='lat' dir='ltr'><strong>aequitote</strong></span> <span class='ocrx_word' id='word_1_118' title='bbox 848 2355 1006 2432; x_wconf 89' lang='lat' dir='ltr'><strong>naturali,</strong></span> <span class='ocrx_word' id='word_1_119' title='bbox 1031 2372 1110 2420; x_wconf 91' lang='lat' dir='ltr'><strong>cum</strong></span> <span class='ocrx_word' id='word_1_120' title='bbox 1138 2353 1313 2438; x_wconf 88' lang='lat' dir='ltr'><strong>inquisitio</strong></span> <span class='ocrx_word' id='word_1_121' title='bbox 1339 2352 1384 2414; x_wconf 86' lang='lat' dir='ltr'><strong>sIt</strong></span> 
     </span>
     <span class='ocr_line' id='line_1_18' title="bbox 205 2461 1380 2546; baseline -0.003 -20"><span class='ocrx_word' id='word_1_122' title='bbox 205 2462 304 2528; x_wconf 83' lang='lat' dir='ltr'><strong>hodIe</strong></span> <span class='ocrx_word' id='word_1_123' title='bbox 318 2462 485 2546; x_wconf 75' lang='lat' dir='ltr'><strong>Judicium</strong></span> <span class='ocrx_word' id='word_1_124' title='bbox 500 2464 721 2530; x_wconf 88' lang='lat' dir='ltr'><strong>ordinarium.</strong></span> <span class='ocrx_word' id='word_1_125' title='bbox 739 2501 779 2512; x_wconf 91' lang='lat'>-</span> <span class='ocrx_word' id='word_1_126' title='bbox 791 2463 918 2530; x_wconf 84' lang='lat' dir='ltr'><strong>&#39;lamen</strong></span> <span class='ocrx_word' id='word_1_127' title='bbox 932 2464 968 2528; x_wconf 93' lang='lat' dir='ltr'><strong>in</strong></span> <span class='ocrx_word' id='word_1_128' title='bbox 989 2465 1063 2529; x_wconf 86' lang='lat' dir='ltr'><strong>foro</strong></span> <span class='ocrx_word' id='word_1_129' title='bbox 1079 2461 1317 2536; x_wconf 88' lang='lat' dir='ltr'><strong>ecclesiastico,</strong></span> <span class='ocrx_word' id='word_1_130' title='bbox 1338 2477 1380 2523; x_wconf 84' lang='lat' dir='ltr'><strong>ex</strong></span> 
     </span>
     <span class='ocr_line' id='line_1_19' title="bbox 204 2569 1382 2657; baseline -0.002 -23"><span class='ocrx_word' id='word_1_131' title='bbox 204 2569 424 2652; x_wconf 79' lang='lat' dir='ltr'><strong>benignitate,</strong></span> <span class='ocrx_word' id='word_1_132' title='bbox 442 2570 647 2656; x_wconf 85' lang='lat' dir='ltr'><strong>quandoque</strong></span> <span class='ocrx_word' id='word_1_133' title='bbox 662 2590 725 2657; x_wconf 91' lang='lat' dir='ltr'><strong>pro</strong></span> <span class='ocrx_word' id='word_1_134' title='bbox 748 2573 904 2655; x_wconf 88' lang='lat' dir='ltr'><strong>personis</strong></span> <span class='ocrx_word' id='word_1_135' title='bbox 927 2571 1010 2636; x_wconf 86' lang='lat' dir='ltr'><strong>alios</strong></span> <span class='ocrx_word' id='word_1_136' title='bbox 1024 2571 1189 2646; x_wconf 85' lang='lat' dir='ltr'><strong>honestis,</strong></span> <span class='ocrx_word' id='word_1_137' title='bbox 1215 2574 1382 2651; x_wconf 85' lang='lat' dir='ltr'><strong>tempero·</strong></span> 
     </span>
     <span class='ocr_line' id='line_1_20' title="bbox 208 2676 1383 2772; baseline 0.001 -32"><span class='ocrx_word' id='word_1_138' title='bbox 208 2682 263 2742; x_wconf 91' lang='lat' dir='ltr'><strong>tur</strong></span> <span class='ocrx_word' id='word_1_139' title='bbox 274 2697 387 2762; x_wconf 82' lang='lat' dir='ltr'><strong>paena,</strong></span> <span class='ocrx_word' id='word_1_140' title='bbox 404 2681 594 2763; x_wconf 76' lang='lat' dir='ltr'><strong>prasertim</strong></span> <span class='ocrx_word' id='word_1_141' title='bbox 610 2681 639 2744; x_wconf 91' lang='lat' dir='ltr'><strong>si</strong></span> <span class='ocrx_word' id='word_1_142' title='bbox 650 2683 781 2746; x_wconf 89' lang='lat' dir='ltr'><strong>crimen</strong></span> <span class='ocrx_word' id='word_1_143' title='bbox 796 2681 840 2745; x_wconf 85' lang='lat' dir='ltr'><strong>sit</strong></span> <span class='ocrx_word' id='word_1_144' title='bbox 861 2679 1032 2745; x_wconf 88' lang='lat' dir='ltr'><strong>detectum</strong></span> <span class='ocrx_word' id='word_1_145' title='bbox 1049 2697 1110 2762; x_wconf 90' lang='lat' dir='ltr'><strong>per</strong></span> <span class='ocrx_word' id='word_1_146' title='bbox 1127 2676 1383 2772; x_wconf 77' lang='lat' dir='ltr'><strong>inquisitionem</strong></span> 
     </span>
     <span class='ocr_line' id='line_1_21' title="bbox 208 2777 806 2866; baseline 0.013 -17"><span class='ocrx_word' id='word_1_147' title='bbox 208 2786 417 2866; x_wconf 86' lang='lat' dir='ltr'><strong>generalem.</strong></span> <span class='ocrx_word' id='word_1_148' title='bbox 801 2777 806 2786; x_wconf 79' lang='grc'><strong>’</strong></span> 
     </span>
    </p>
   </div>
   <div class='ocr_carea' id='block_1_3' title="bbox 668 3169 924 3256">
    <p class='ocr_par' dir='ltr' id='par_1_7' title="bbox 668 3169 924 3256">
     <span class='ocr_line' id='line_1_22' title="bbox 668 3169 924 3256; baseline -0.012 -2"><span class='ocrx_word' id='word_1_149' title='bbox 668 3169 852 3256; x_wconf 88' lang='lat' dir='ltr'>TITULUS</span> <span class='ocrx_word' id='word_1_150' title='bbox 879 3179 924 3252; x_wconf 92' lang='lat' dir='ltr'><strong>Il.</strong></span> 
     </span>
    </p>
   </div>
   <div class='ocr_carea' id='block_1_4' title="bbox 542 3357 1037 3413">
    <p class='ocr_par' dir='ltr' id='par_1_8' title="bbox 542 3357 1037 3413">
     <span class='ocr_line' id='line_1_23' title="bbox 542 3357 1037 3413; baseline 0.004 -2"><span class='ocrx_word' id='word_1_151' title='bbox 542 3365 587 3412; x_wconf 81' lang='lat' dir='ltr'><strong>na</strong></span> <span class='ocrx_word' id='word_1_152' title='bbox 618 3365 958 3412; x_wconf 75' lang='lat' dir='ltr'><strong>canosumromaus</strong></span> <span class='ocrx_word' id='word_1_153' title='bbox 997 3357 1037 3413; x_wconf 81' lang='lat' dir='ltr'><strong>(o.</strong></span> 
     </span>
    </p>
   </div>
   <div class='ocr_carea' id='block_1_5' title="bbox 208 3655 1387 3962">
    <p class='ocr_par' dir='ltr' id='par_1_9' title="bbox 208 3655 1387 3962">
     <span class='ocr_line' id='line_1_24' title="bbox 248 3655 1385 3749; baseline -0.007 -20"><span class='ocrx_word' id='word_1_154' title='bbox 248 3662 342 3729; x_wconf 74' lang='lat' dir='ltr'><strong>Nori.</strong></span> <span class='ocrx_word' id='word_1_155' title='bbox 362 3663 400 3728; x_wconf 93' lang='lat' dir='ltr'><strong>In</strong></span> <span class='ocrx_word' id='word_1_156' title='bbox 421 3665 691 3730; x_wconf 85' lang='lat' dir='ltr'><strong>accusationibus</strong></span> <span class='ocrx_word' id='word_1_157' title='bbox 716 3663 867 3749; x_wconf 89' lang='lat' dir='ltr'><strong>delinqui</strong></span> <span class='ocrx_word' id='word_1_158' title='bbox 890 3667 1013 3747; x_wconf 90' lang='lat' dir='ltr'><strong>potest,</strong></span> <span class='ocrx_word' id='word_1_159' title='bbox 1037 3660 1227 3746; x_wconf 73' lang='lat' dir='ltr'><strong>presertim</strong></span> <span class='ocrx_word' id='word_1_160' title='bbox 1257 3655 1385 3724; x_wconf 83' lang='lat' dir='ltr'><strong>calum·</strong></span> 
     </span>
     <span class='ocr_line' id='line_1_25' title="bbox 208 3765 1385 3860; baseline -0.005 -24"><span class='ocrx_word' id='word_1_161' title='bbox 208 3773 333 3838; x_wconf 78' lang='lat' dir='ltr'><strong>nIando</strong></span> <span class='ocrx_word' id='word_1_162' title='bbox 362 3794 369 3836; x_wconf 93' lang='lat'><strong>:</strong></span> <span class='ocrx_word' id='word_1_163' title='bbox 394 3779 599 3860; x_wconf 89' lang='lat' dir='ltr'><strong>quapropter</strong></span> <span class='ocrx_word' id='word_1_164' title='bbox 620 3774 735 3840; x_wconf 83' lang='lat' dir='ltr'><strong>statim</strong></span> <span class='ocrx_word' id='word_1_165' title='bbox 758 3773 970 3838; x_wconf 89' lang='lat' dir='ltr'><strong>subnectitur</strong></span> <span class='ocrx_word' id='word_1_166' title='bbox 993 3770 1112 3835; x_wconf 89' lang='lat' dir='ltr'><strong>titulus</strong></span> <span class='ocrx_word' id='word_1_167' title='bbox 1135 3767 1176 3832; x_wconf 93' lang='lat' dir='ltr'><strong>de</strong></span> <span class='ocrx_word' id='word_1_168' title='bbox 1200 3765 1385 3832; x_wconf 86' lang='lat' dir='ltr'><strong>calumnia·</strong></span> 
     </span>
     <span class='ocr_line' id='line_1_26' title="bbox 210 3875 1387 3962; baseline -0.006 -19"><span class='ocrx_word' id='word_1_169' title='bbox 210 3881 349 3945; x_wconf 89' lang='lat' dir='ltr'><strong>toribus.</strong></span> <span class='ocrx_word' id='word_1_170' title='bbox 367 3880 432 3945; x_wconf 88' lang='lat' dir='ltr'><strong>Sed</strong></span> <span class='ocrx_word' id='word_1_171' title='bbox 446 3881 624 3947; x_wconf 79' lang='lat' dir='ltr'><strong>calumniae</strong></span> <span class='ocrx_word' id='word_1_172' title='bbox 642 3881 741 3948; x_wconf 89' lang='lat' dir='ltr'><strong>valde</strong></span> <span class='ocrx_word' id='word_1_173' title='bbox 758 3882 877 3946; x_wconf 78' lang='lat' dir='ltr'><strong>aflines</strong></span> <span class='ocrx_word' id='word_1_174' title='bbox 895 3883 975 3944; x_wconf 90' lang='lat' dir='ltr'><strong>sunt</strong></span> <span class='ocrx_word' id='word_1_175' title='bbox 988 3875 1219 3962; x_wconf 78' lang='lat' dir='ltr'><strong>praevaricatio</strong></span> <span class='ocrx_word' id='word_1_176' title='bbox 1236 3881 1270 3940; x_wconf 86' lang='lat' dir='ltr'><strong>et</strong></span> <span class='ocrx_word' id='word_1_177' title='bbox 1284 3875 1387 3954; x_wconf 85' lang='lat' dir='ltr'><strong>tergi-</strong></span> 
     </span>
    </p>
   </div>
   <div class='ocr_carea' id='block_1_6' title="bbox 208 3981 1386 4162">
    <p class='ocr_par' dir='ltr' id='par_1_10' title="bbox 208 3981 1386 4162">
     <span class='ocr_line' id='line_1_27' title="bbox 208 3981 1386 4074; baseline -0.008 -21"><span class='ocrx_word' id='word_1_178' title='bbox 208 3989 368 4065; x_wconf 85' lang='lat' dir='ltr'><strong>versatio,</strong></span> <span class='ocrx_word' id='word_1_179' title='bbox 386 3995 419 4054; x_wconf 85' lang='lat' dir='ltr'><strong>et</strong></span> <span class='ocrx_word' id='word_1_180' title='bbox 433 3989 510 4056; x_wconf 93' lang='lat' dir='ltr'><strong>ideo</strong></span> <span class='ocrx_word' id='word_1_181' title='bbox 527 3991 633 4055; x_wconf 88' lang='lat' dir='ltr'><strong>dehis</strong></span> <span class='ocrx_word' id='word_1_182' title='bbox 648 3990 754 4054; x_wconf 87' lang='lat' dir='ltr'><strong>tu&#39;bus</strong></span> <span class='ocrx_word' id='word_1_183' title='bbox 767 3989 878 4054; x_wconf 87' lang='lat' dir='ltr'><strong>modis</strong></span> <span class='ocrx_word' id='word_1_184' title='bbox 892 3985 1135 4074; x_wconf 76' lang='lat' dir='ltr'><strong>praevamcandi</strong></span> <span class='ocrx_word' id='word_1_185' title='bbox 1146 3985 1258 4067; x_wconf 89' lang='lat' dir='ltr'><strong>agitur</strong></span> <span class='ocrx_word' id='word_1_186' title='bbox 1272 3983 1307 4046; x_wconf 94' lang='lat' dir='ltr'><strong>in</strong></span> <span class='ocrx_word' id='word_1_187' title='bbox 1322 3981 1386 4045; x_wconf 92' lang='lat' dir='ltr'><strong>hoc</strong></span> 
     </span>
     <span class='ocr_line' id='line_1_28' title="bbox 213 4095 951 4162; baseline -0.007 0"><span class='ocrx_word' id='word_1_188' title='bbox 213 4095 320 4162; x_wconf 84' lang='lat' dir='ltr'><strong>titulo.</strong></span> <span class='ocrx_word' id='word_1_189' title='bbox 949 4095 951 4102; x_wconf 88' lang='grc'><strong>’</strong></span> 
     </span>
    </p>
   </div>
   <div class='ocr_carea' id='block_1_7' title="bbox 646 4177 951 4232">
    <p class='ocr_par' dir='ltr' id='par_1_11' title="bbox 646 4177 951 4232">
     <span class='ocr_line' id='line_1_29' title="bbox 646 4177 951 4232; baseline -0.016 0"><span class='ocrx_word' id='word_1_190' title='bbox 646 4182 665 4231; x_wconf 93' lang='lat' dir='ltr'><strong>I.</strong></span> <span class='ocrx_word' id='word_1_191' title='bbox 684 4181 723 4232; x_wconf 86' lang='lat' dir='ltr'><strong>De</strong></span> <span class='ocrx_word' id='word_1_192' title='bbox 737 4177 951 4232; x_wconf 86' lang='lat' dir='ltr'><strong>calumniatore.</strong></span> 
     </span>
    </p>
   </div>
   <div class='ocr_carea' id='block_1_8' title="bbox 205 4313 1385 4513">
    <p class='ocr_par' dir='ltr' id='par_1_12' title="bbox 205 4313 1385 4513">
     <span class='ocr_line' id='line_1_30' title="bbox 250 4313 1385 4406; baseline -0.009 -20"><span class='ocrx_word' id='word_1_193' title='bbox 250 4325 282 4405; x_wconf 87' lang='lat' dir='ltr'><strong>o)</strong></span> <span class='ocrx_word' id='word_1_194' title='bbox 297 4321 526 4388; x_wconf 84' lang='lat' dir='ltr'><strong>Calumniator</strong></span> <span class='ocrx_word' id='word_1_195' title='bbox 538 4323 574 4386; x_wconf 91' lang='lat' dir='ltr'><strong>in</strong></span> <span class='ocrx_word' id='word_1_196' title='bbox 588 4323 818 4388; x_wconf 90' lang='lat' dir='ltr'><strong>criminalibus</strong></span> <span class='ocrx_word' id='word_1_197' title='bbox 833 4322 954 4388; x_wconf 84' lang='lat' dir='ltr'><strong>dicitur</strong></span> <span class='ocrx_word' id='word_1_198' title='bbox 968 4321 1025 4406; x_wconf 94' lang='lat' dir='ltr'><strong>qui</strong></span> <span class='ocrx_word' id='word_1_199' title='bbox 1048 4319 1173 4385; x_wconf 76' lang='lat' dir='ltr'><strong>falsum</strong></span> <span class='ocrx_word' id='word_1_200' title='bbox 1193 4315 1322 4382; x_wconf 85' lang='lat' dir='ltr'><strong>crimen</strong></span> <span class='ocrx_word' id='word_1_201' title='bbox 1347 4313 1385 4376; x_wconf 84' lang='lat' dir='ltr'><strong>ln</strong></span> 
     </span>
     <span class='ocr_line' id='line_1_31' title="bbox 205 4425 1382 4513; baseline -0.009 -19"><span class='ocrx_word' id='word_1_202' title='bbox 205 4429 333 4513; x_wconf 81' lang='lat' dir='ltr'><strong>judIcio</strong></span> <span class='ocrx_word' id='word_1_203' title='bbox 357 4431 502 4496; x_wconf 89' lang='lat' dir='ltr'><strong>scienter</strong></span> <span class='ocrx_word' id='word_1_204' title='bbox 525 4436 559 4496; x_wconf 84' lang='lat' dir='ltr'><strong>et</strong></span> <span class='ocrx_word' id='word_1_205' title='bbox 581 4429 658 4497; x_wconf 97' lang='lat' dir='ltr'><strong>dolo</strong></span> <span class='ocrx_word' id='word_1_206' title='bbox 674 4430 763 4496; x_wconf 89' lang='lat' dir='ltr'><strong>malo</strong></span> <span class='ocrx_word' id='word_1_207' title='bbox 779 4431 875 4497; x_wconf 90' lang='lat' dir='ltr'><strong>alteri</strong></span> <span class='ocrx_word' id='word_1_208' title='bbox 890 4429 1058 4513; x_wconf 87' lang='lat' dir='ltr'><strong>impingit.</strong></span> <span class='ocrx_word' id='word_1_209' title='bbox 1074 4425 1306 4492; x_wconf 58' lang='lat' dir='ltr'><strong>‘Calumniator</strong></span> <span class='ocrx_word' id='word_1_210' title='bbox 1329 4425 1382 4486; x_wconf 90' lang='lat' dir='ltr'><strong>est</strong></span> 
     </span>
    </p>
   </div>
   <div class='ocr_carea' id='block_1_9' title="bbox 209 4593 1455 4821">
    <p class='ocr_par' dir='ltr' id='par_1_13' title="bbox 209 4593 1455 4821">
     <span class='ocr_line' id='line_1_32' title="bbox 243 4593 1455 4669; baseline -0.009 -14"><span class='ocrx_word' id='word_1_211' title='bbox 243 4603 277 4668; x_wconf 84' lang='lat' dir='ltr'><strong>(I)</strong></span> <span class='ocrx_word' id='word_1_212' title='bbox 292 4605 385 4669; x_wconf 76' lang='lat' dir='ltr'><strong>Agitur</strong></span> <span class='ocrx_word' id='word_1_213' title='bbox 398 4603 491 4656; x_wconf 86' lang='lat' dir='ltr'><strong>dehoc</strong></span> <span class='ocrx_word' id='word_1_214' title='bbox 502 4604 612 4656; x_wconf 85' lang='lat' dir='ltr'><strong>materia</strong></span> <span class='ocrx_word' id='word_1_215' title='bbox 627 4605 654 4655; x_wconf 93' lang='lat' dir='ltr'><strong>in</strong></span> <span class='ocrx_word' id='word_1_216' title='bbox 669 4595 804 4666; x_wconf 71' lang='lat' dir='ltr'><strong>Perdant,</strong></span> <span class='ocrx_word' id='word_1_217' title='bbox 819 4603 837 4654; x_wconf 92' lang='lat' dir='ltr'><strong>l.</strong></span> <span class='ocrx_word' id='word_1_218' title='bbox 855 4603 952 4664; x_wconf 82' lang='lat' dir='ltr'>IILVII,</span> <span class='ocrx_word' id='word_1_219' title='bbox 971 4607 990 4653; x_wconf 88' lang='lat' dir='ltr'><strong>t.</strong></span> <span class='ocrx_word' id='word_1_220' title='bbox 1010 4611 1055 4664; x_wconf 86' lang='lat' dir='ltr'><strong>xv,</strong></span> <span class='ocrx_word' id='word_1_221' title='bbox 1073 4599 1091 4650; x_wconf 93' lang='lat' dir='ltr'><strong>I.</strong></span> <span class='ocrx_word' id='word_1_222' title='bbox 1113 4598 1219 4660; x_wconf 82' lang='lat' dir='ltr'>XLVIII,</span> <span class='ocrx_word' id='word_1_223' title='bbox 1238 4601 1258 4647; x_wconf 86' lang='lat' dir='ltr'><strong>t.</strong></span> <span class='ocrx_word' id='word_1_224' title='bbox 1277 4607 1339 4656; x_wconf 82' lang='lat' dir='ltr'><strong>xv1;</strong></span> <span class='ocrx_word' id='word_1_225' title='bbox 1359 4593 1387 4644; x_wconf 86' lang='lat' dir='ltr'><strong>In</strong></span> <span class='ocrx_word' id='word_1_226' title='bbox 1453 4601 1455 4609; x_wconf 79' lang='grc'>’</span> 
     </span>
     <span class='ocr_line' id='line_1_33' title="bbox 209 4672 1386 4745; baseline -0.009 -15"><span class='ocrx_word' id='word_1_227' title='bbox 209 4679 314 4744; x_wconf 83' lang='lat' dir='ltr'><strong>Codice,</strong></span> <span class='ocrx_word' id='word_1_228' title='bbox 329 4681 348 4732; x_wconf 91' lang='lat' dir='ltr'><strong>I.</strong></span> <span class='ocrx_word' id='word_1_229' title='bbox 364 4680 403 4742; x_wconf 79' lang='lat' dir='ltr'><strong>lx,</strong></span> <span class='ocrx_word' id='word_1_230' title='bbox 417 4684 438 4731; x_wconf 88' lang='lat' dir='ltr'><strong>t.</strong></span> <span class='ocrx_word' id='word_1_231' title='bbox 455 4691 603 4742; x_wconf 80' lang='lat' dir='ltr'><strong>xtu-rtv1;</strong></span> <span class='ocrx_word' id='word_1_232' title='bbox 617 4680 705 4745; x_wconf 86' lang='lat' dir='ltr'><strong>quood</strong></span> <span class='ocrx_word' id='word_1_233' title='bbox 719 4681 765 4745; x_wconf 82' lang='lat' dir='ltr'><strong>J&#39;os</strong></span> <span class='ocrx_word' id='word_1_234' title='bbox 778 4679 845 4731; x_wconf 83' lang='lat' dir='ltr'><strong>Gall.</strong></span> <span class='ocrx_word' id='word_1_235' title='bbox 858 4680 886 4730; x_wconf 91' lang='lat' dir='ltr'><strong>in</strong></span> <span class='ocrx_word' id='word_1_236' title='bbox 900 4679 963 4732; x_wconf 77' lang='lat' dir='ltr'><strong>cod.</strong></span> <span class='ocrx_word' id='word_1_237' title='bbox 978 4675 1087 4742; x_wconf 73' lang='lat' dir='ltr'><strong>poenal,</strong></span> <span class='ocrx_word' id='word_1_238' title='bbox 1102 4675 1148 4726; x_wconf 90' lang='lat' dir='ltr'><strong>lib.</strong></span> <span class='ocrx_word' id='word_1_239' title='bbox 1164 4674 1208 4735; x_wconf 92' lang='lat' dir='ltr'><strong>III,</strong></span> <span class='ocrx_word' id='word_1_240' title='bbox 1222 4673 1262 4723; x_wconf 90' lang='lat' dir='ltr'><strong>tit.</strong></span> <span class='ocrx_word' id='word_1_241' title='bbox 1282 4684 1312 4734; x_wconf 90' lang='lat' dir='ltr'><strong>u,</strong></span> <span class='ocrx_word' id='word_1_242' title='bbox 1336 4672 1349 4736; x_wconf 66' lang='grc' dir='ltr'>ξ</span> <span class='ocrx_word' id='word_1_243' title='bbox 1362 4673 1386 4734; x_wconf 89' lang='grc'><strong>2,</strong></span> 
     </span>
     <span class='ocr_line' id='line_1_34' title="bbox 212 4755 849 4821; baseline -0.002 -14"><span class='ocrx_word' id='word_1_244' title='bbox 212 4760 239 4807; x_wconf 90' lang='lat' dir='ltr'><strong>et</strong></span> <span class='ocrx_word' id='word_1_245' title='bbox 247 4756 275 4807; x_wconf 85' lang='lat' dir='ltr'><strong>In</strong></span> <span class='ocrx_word' id='word_1_246' title='bbox 291 4755 350 4821; x_wconf 87' lang='lat' dir='ltr'><strong>lega</strong></span> <span class='ocrx_word' id='word_1_247' title='bbox 366 4759 394 4807; x_wconf 77' lang='lat' dir='ltr'><strong>II</strong></span> <span class='ocrx_word' id='word_1_248' title='bbox 409 4757 471 4807; x_wconf 85' lang='lat' dir='ltr'><strong>maii</strong></span> <span class='ocrx_word' id='word_1_249' title='bbox 489 4757 560 4818; x_wconf 76' lang='lat'><strong>1819,</strong></span> <span class='ocrx_word' id='word_1_250' title='bbox 575 4757 604 4806; x_wconf 80' lang='grc'><strong>25</strong></span> <span class='ocrx_word' id='word_1_251' title='bbox 621 4759 698 4808; x_wconf 86' lang='lat' dir='ltr'><strong>mart.</strong></span> <span class='ocrx_word' id='word_1_252' title='bbox 715 4757 784 4818; x_wconf 81' lang='grc'><strong>1822,</strong></span> <span class='ocrx_word' id='word_1_253' title='bbox 799 4760 849 4808; x_wconf 88' lang='lat' dir='ltr'><strong>etc.</strong></span> 
     </span>
    </p>
   </div>
   <div class='ocr_carea' id='block_1_10' title="bbox 0 0 1753 5560">
    <p class='ocr_par' dir='ltr' id='par_1_14' title="bbox 0 0 1753 5560">
     <span class='ocr_line' id='line_1_35' title="bbox 0 0 1753 5560; baseline 0 0"><span class='ocrx_word' id='word_1_254' title='bbox 0 0 1753 5560; x_wconf 95' lang='lat' dir='ltr'><strong> </strong></span> 
     </span>
    </p>
   </div>
  </div>
 </body>
</html>
