3412 5570
325 563 387 630 loo
650 631 653 636 ,
787 579 837 628 ros
858 581 1038 628 csuomcuu.

326 703 510 770 insumitur
530 702 629 768 aliter
649 718 753 786 quam
773 701 923 780 deberet,
940 705 978 765 ut
996 703 1025 766 si
1043 701 1269 786 depositarius
1286 721 1322 766 re
1339 703 1503 786 deposita,

325 793 1085 887 contravoluntatemdomini,utitur.Furtum
1096 828 1179 876 usus
1189 817 1251 886 est,
1262 830 1340 876 cum
1349 813 1505 897 quierem

325 922 483 998 alienam,
501 922 639 988 domino
660 920 778 998 invito,
800 922 921 986 aufert.
940 921 1081 985 Furtum
1099 921 1326 1004 possessionis
1345 927 1409 994 est,
1426 941 1504 986 cum

324 1031 397 1115 ipse
407 1030 567 1095 dominus
582 1029 687 1094 alium
701 1031 755 1094 cui
770 1031 819 1094 rei
833 1033 903 1094 suae
919 1031 1089 1113 possessio
1101 1033 1178 1113 jure
1189 1032 1415 1114 competebat,
1428 1050 1504 1114 pos-

325 1140 477 1205 sessione
493 1139 535 1204 ad
549 1136 646 1202 illum
660 1139 852 1222 pertinente
867 1138 1035 1220 privat,ut
1045 1137 1073 1202 si
1083 1138 1216 1204 debitor
1223 1139 1382 1204 creditori
1396 1140 1502 1206 invito

323 1247 448 1330 pignus
463 1251 541 1311 ante
555 1246 761 1311 solutionem
778 1245 882 1311 debiti
900 1245 1030 1310 occulte
1044 1246 1185 1311 auferat.
1203 1247 1323 1323 Quare,
1339 1246 1418 1311 licet
1432 1265 1502 1312 uon

324 1355 433 1434 detur,
446 1357 546 1440 Juxta
559 1355 764 1432 canonistas,
778 1355 908 1420 lurtum
922 1356 971 1419 rei
985 1354 1180 1432 immobilis,
1193 1356 1294 1424 datur
1307 1361 1421 1421 tamen
1436 1358 1502 1420 lur-

323 1468 397 1529 tum
408 1483 492 1529 usus
503 1464 787 1548 etpossessionis;
803 1481 924 1528 verum
937 1464 1011 1528 haec
1027 1464 1093 1529 duo
1108 1465 1379 1548 posterioranon
1391 1464 1504 1528 solent

278 1631 280 1634 .
320 1573 433 1657 puniri
448 1571 677 1650 criminaliter,
688 1576 724 1640 et
734 1572 811 1637 ideo
822 1589 893 1638 non
908 1571 973 1637 nisi
985 1573 1136 1645 materiae
1147 1573 1279 1638 ratione
1289 1573 1381 1638 furta
1392 1572 1502 1656 appel-

321 1681 446 1748 lantur·
581 1766 610 1816 ll.
627 1761 702 1820 ltodl
717 1762 789 1815 rarll
803 1761 907 1828 quibus
920 1762 1109 1816 committitur
1124 1763 1242 1817 mrtum.

361 1904 395 1984 a)
416 1901 504 1967 Varii
528 1903 620 1967 modi
642 1903 765 1987 quihus
783 1903 1008 1968 committitur
1031 1904 1172 1982 furtum,
1197 1907 1442 1968 enumerantur
1465 1903 1500 1967 in

288 2031 291 2038 ’
320 2009 432 2095 specie
445 2029 507 2093 per
522 2010 782 2094 applicationem
795 2010 1002 2077 delinitionis
1016 2011 1182 2077 hactenus
1197 2011 1284 2076 dates
1301 2030 1309 2074 ι

360 2119 392 2182 1⁰
406 2118 573 2183 Dominus
587 2118 747 2184 creditori
760 2119 848 2184 clam
867 2121 1026 2184 auferens
1044 2138 1118 2184 rem
1133 2138 1153 2184 a
1171 2137 1208 2183 se
1228 2119 1497 2202 appignoratam,

320 2231 381 2290 aut
393 2226 549 2291 usurario
571 2227 626 2291 vel
641 2228 892 2292 usufructuario
907 2247 982 2292 rem
999 2227 1035 2292 iu
1057 2245 1159 2292 usum
1173 2227 1228 2291 vel
1250 2229 1500 2292 usumfructum

319 2351 530 2410 concessam,
542 2335 673 2399 furtum
688 2336 886 2413 committit;
899 2354 990 2412 nam,
1002 2337 1121 2419 utjam
1136 2353 1240 2421 supra
1250 2335 1436 2412 innuimus,
1449 2341 1500 2400 est

321 2443 453 2507 furtum
464 2459 548 2507 usus
563 2443 619 2507 vel
633 2446 871 2527 possessionis.

359 2551 392 2614 2⁰
406 2550 568 2628 Creditur,
592 2553 620 2616 si
634 2552 788 2635 pignore,
811 2552 1047 2636 depositarius,
1067 2552 1096 2616 si
1119 2552 1284 2636 deposito,
1305 2553 1499 2618 commoda-

320 2659 437 2736 tarius,
454 2661 535 2726 sire
558 2661 786 2740 commodata,
807 2667 927 2727 contra
946 2661 1160 2726 voluntatem
1183 2660 1313 2746 domini
1334 2661 1432 2726 aliter
1445 2662 1498 2727 vel

320 2768 449 2833 diutius
465 2775 590 2848 utatur,
607 2775 659 2834 est
682 2771 785 2836 etiam
804 2770 992 2848 reusturti;
1013 2771 1053 2834 sst
1072 2769 1165 2834 enim
1184 2769 1402 2835 fraudulenta
1422 2789 1498 2836 con-

320 2879 684 2947 trectatioreialienae.
1153 2889 1156 2894 ’

360 2985 393 3048 3⁰
401 2983 593 3051 ltemliberi
603 2987 838 3053 fraudulenter
848 2989 973 3053 etlucri
981 2988 1127 3053 faciendi
1137 3005 1240 3053 causa
1250 2992 1498 3054 contrectantes

320 3111 394 3157 rem
408 3093 524 3176 patris,
542 3095 713 3178 quievere
728 3099 941 3160 contrectant
949 3114 1024 3160 rem
1033 3094 1179 3160 alienam
1194 3097 1292 3178 cujus
1309 3095 1498 3161 dominium

320 3200 385 3284 ipsi
400 3203 829 3287 nonhabent31ieetpater
845 3209 879 3268 et
890 3201 988 3268 liberi
1000 3208 1206 3269 censeantur
1216 3221 1286 3268 uua
1295 3223 1453 3287 persona,
1465 3209 1498 3268 et

320 3308 398 3374 ideo
411 3311 603 3391 generatim
621 3329 692 3376 uon
708 3312 807 3376 detur
819 3313 906 3377 actio
921 3313 1002 3376 furti
1021 3316 1141 3376 contra
1158 3310 1295 3388 liberos,
1312 3317 1428 3377 tamen
1441 3331 1498 3377 ve-

320 3433 397 3481 rum
412 3423 464 3482 cst
478 3418 569 3502 quod
582 3417 680 3482 liberi
694 3437 765 3483 non
779 3419 906 3484 habeut
922 3419 1112 3485 dominium
1128 3419 1298 3483 honorum
1315 3421 1431 3503 patris.

360 3525 393 3588 4ο
406 3523 508 3601 Uxor,
526 3543 601 3609 quae
623 3525 664 3589 de
686 3527 789 3590 rebus
804 3526 916 3591 mariti
935 3526 1170 3591 fraudulenter
1191 3525 1318 3610 aliquid
1339 3526 1495 3608 sublegit,

323 3633 425 3697 ctiam
440 3633 569 3698 furtum
583 3635 764 3700 committit
780 3654 787 3700 :
803 3653 902 3701 casus
925 3635 981 3700 ille
999 3635 1035 3700 in
1056 3633 1214 3700 omnibus
1235 3634 1355 3700 similis
1377 3641 1429 3700 est
1444 3654 1499 3699 su-

315 3739 456 3826 periuri.

360 3852 392 3914 5⁰
408 3850 470 3927 Qui
484 3852 614 3916 furtum
629 3853 770 3917 mandat
789 3859 848 3918 aut
868 3855 935 3918 iuri
958 3855 1123 3919 auxilium
1146 3859 1285 3938 praestat
1310 3855 1366 3919 vel
1389 3855 1498 3920 eonsi-

319 3960 415 4038 lium,
439 3961 467 4024 si
485 3963 615 4026 lurtum
637 3963 680 4028 sit
703 3970 870 4038 secutum,
893 3965 974 4029 furti
997 3969 1147 4041 tenetur;
1170 3983 1291 4029 verum
1317 3965 1343 4027 si
1369 3966 1497 4028 lurtum

320 4068 441 4134 luisset
454 4073 621 4148 secutum,
637 4071 770 4136 etiamsi
790 4071 972 4137 consilium
992 4090 1062 4136 nou
1085 4073 1201 4136 datum
1220 4071 1351 4148 luisset,
1368 4073 1497 4135 furtum

320 4195 390 4241 non
404 4178 631 4260 imputaretur
643 4179 846 4256 consulenti,
869 4181 927 4265 qui
947 4185 1061 4246 tamen
1080 4181 1204 4264 injure
1221 4179 1319 4243 Rom.
1337 4179 1497 4263 punieba-

319 4289 377 4348 tur
390 4303 492 4368 poena
503 4286 782 4353 extraordinaria.

358 4393 391 4456 6ο
404 4393 466 4470 Qui
481 4412 555 4457 rem
568 4395 731 4461 furtivam
740 4397 886 4463 scienter
900 4416 920 4462 a
934 4398 1010 4460 fure
1026 4397 1119 4470 emit,
1135 4395 1191 4459 vel
1203 4394 1361 4461 eamdem
1377 4397 1497 4479 accipit

317 4499 354 4563 in
370 4499 530 4577 solutum,
542 4520 621 4566 reus
635 4509 687 4567 est
700 4506 791 4581 furti,
808 4505 888 4588 quia
902 4504 1086 4589 acceptatio
1101 4505 1136 4566 iu
1151 4504 1302 4568 solutum
1318 4505 1445 4588 emptio
1462 4511 1497 4568 et

317 4607 468 4674 venditio
478 4613 665 4692 reputatur.
678 4611 804 4683 Tamen
819 4611 902 4678 illud
915 4613 1044 4680 furtum
1059 4630 1128 4677 non
1140 4611 1280 4698 punitur
1294 4630 1395 4700 poena
1408 4611 1496 4678 ordi·

317 4715 516 4790 culeum.
