3418 5566
549 589 636 634 00000
658 589 785 642 0000000
805 589 1026 635 nncnnmuuu.
1318 569 1377 634 393
1419 593 1420 596 ¹

205 708 358 790 indigere
380 722 518 790 pmnam
540 705 731 788 capitalem,
744 711 746 724 '
761 723 839 771 cum
864 706 972 790 judex
996 705 1243 770 ecclesiasticus
1257 724 1378 771 causas
1446 704 1450 724 ¹

205 816 381 898 sanguinis
396 809 539 880 tractare
553 818 712 896 nequeat.
728 813 774 878 De
795 833 897 880 causa
914 796 1138 898 separationis
1156 833 1176 879 a
1197 819 1284 893 toro,
1306 815 1378 880 dic-

205 928 278 989 tum
294 929 347 989 est
359 925 396 988 in
408 922 556 990 librolV.

242 1034 274 1097 0ο
295 1033 344 1097 Ex
364 1039 426 1098 art.
440 1034 499 1096 337
520 1033 598 1099 000.
619 1054 711 1118 poen.
729 1033 854 1111 Gallici,
871 1052 958 1099 uxor
972 1033 1127 1097 convicta
1150 1031 1192 1096 de
1211 1031 1377 1098 adulterio

202 1141 343 1225 punitur
356 1160 457 1225 piena
471 1141 756 1218 incarcerationis,
778 1161 853 1225 quae
869 1159 890 1205 a
910 1142 1017 1205 tribus
1034 1141 1209 1204 mensibus
1229 1139 1272 1204 ad
1292 1140 1377 1204 duos

203 1266 312 1314 annos
339 1250 460 1314 durare
486 1255 620 1332 potest:
646 1249 803 1333 complex
828 1249 945 1314 uxoris
962 1247 1123 1314 adulterae
1141 1249 1252 1313 eidem
1265 1267 1377 1330 poenas

205 1357 391 1439 subjicitur,
405 1359 504 1439 juxta
518 1363 579 1422 art.
596 1357 656 1422 338
668 1355 776 1441 ejusd.
790 1356 869 1421 (lod.
884 1355 1059 1420 etadditur
1071 1373 1173 1439 poena
1182 1355 1379 1439 pecuniaria

206 1466 264 1530 000
277 1467 317 1531 00.
335 1466 378 1532 00
391 1467 484 1542 0000
504 1469 519 1532 i
539 1516 544 1530 .
769 1458 771 1464 ’

245 1573 380 1650 Verum,
392 1575 486 1640 solus
496 1577 638 1641 maritus
649 1573 886 1640 admittiturad
897 1574 1167 1638 denuntiandum
1175 1572 1380 1638 adulterium

205 1683 322 1747 uxoris
337 1687 409 1762 (art.
425 1683 578 1750 330000.
594 1686 711 1768 pren).

244 1792 381 1855 Maritus
402 1791 514 1876 quiin
536 1793 637 1857 domo
656 1791 829 1876 conjugali
851 1791 991 1882 retinuit
1008 1791 1244 1868 concubinam,
1267 1791 1380 1873 puniri

204 1904 318 1982 potest
355 1898 475 1964 eadem
499 1919 602 1983 poena
625 1900 821 1984 pecuniaria
843 1903 962 1964 contra
989 1898 1189 1983 complicem
1217 1896 1379 1964 adulterae

205 2007 334 2072 sancita
346 2009 419 2089 (art.
435 2007 495 2088 330
510 2006 588 2072 000.
605 2009 720 2091 pren).
748 2006 814 2071 Sed
837 2007 865 2071 si
880 2007 1086 2072 adulterium
1105 2007 1274 2071 rationem
1290 2007 1380 2089 biga-

204 2114 282 2178 miae
306 2115 456 2190 baberet,
482 2133 606 2197 nempe
633 2115 661 2177 si
685 2114 838 2190 maritus,
867 2114 1011 2178 durante
1035 2113 1265 2191 matrimonio,
1287 2113 1379 2178 aliud

204 2221 404 2287 contrahere
418 2227 629 2299 attentasset,
646 2221 746 2306 plecti
761 2222 901 2287 deberet
921 2222 1140 2287 damnatione
1155 2222 1198 2286 00
1224 2223 1380 2286 triremes

204 2332 247 2395 ad
265 2335 398 2415 tempus
411 2331 485 2414 (000.
502 2332 561 2397 340
582 2331 660 2396 Cod.
683 2332 769 2415 cin).
788 2332 894 2397 Varia
908 2331 998 2415 apud
1011 2330 1164 2395 diversas
1176 2335 1298 2413 gentes
1309 2331 1380 2396 lue-

205 2443 286 2504 runt
300 2438 444 2504 adulteri
458 2458 580 2524 poenae.

244 2551 271 2626 c)
286 2547 406 2613 Causa
427 2556 624 2612 excusantes
638 2567 658 2614 a
671 2550 782 2633 poenis
797 2548 953 2614 adulterii
978 2553 1058 2613 sunt
1077 2554 1260 2632 sequentes
1276 2568 1282 2609 :
1300 2549 1331 2610 1⁰
1346 2548 1380 2612 Si

204 2657 290 2722 alter
307 2660 434 2740 conjux
447 2658 656 2723 commiserit
669 2658 885 2735 adulterium,
897 2659 932 2721 in
944 2659 1008 2722 hoc
1023 2675 1104 2722 casu
1118 2661 1240 2721 neuter
1253 2658 1380 2740 conjux

203 2769 317 2847 000000
330 2782 432 2846 agere
447 2764 490 2829 ad
507 2765 690 2830 000οο000000
704 2765 759 2830 vel
778 2766 866 2830 dotis
882 2771 1021 2849 propter
1040 2766 1175 2848 nuptias
1196 2764 1379 2830 restitutio-

205 2891 284 2936 nem
301 2873 338 2954 (c.
363 2874 433 2936 600
451 2891 479 2936 0.
496 2873 604 2937 dnh.
622 2873 671 2955 0.).
687 2873 813 2937 Tamen
830 2873 926 2938 locus
949 2878 1001 2938 est
1018 2874 1128 2956 poenis
1148 2872 1380 2938 criminalibus

206 2998 281 3063 quie
307 2983 462 3062 spectant
485 2981 750 3045 satisfactionem
777 2979 981 3063 reipublice.
1008 2979 1075 3044 Sed
1095 2981 1124 3042 00
1146 2998 1234 3044 unus
1254 2983 1381 3062 conjux

204 3086 336 3169 publice
358 3091 392 3150 et
406 3086 632 3152 alterocculte
649 3087 878 3174 commisisset
889 3086 1105 3163 adulterium,
1126 3087 1259 3152 adulter
1272 3087 1381 3152 occul-

205 3199 260 3258 tus
272 3199 433 3276 possetne
454 3197 570 3277 petere
586 3194 794 3258 divortium?
816 3194 916 3260 Juxta
933 3195 1060 3279 plures,
1076 3199 1194 3278 posset
1207 3200 1324 3278 petere
1345 3195 1380 3260 in
1416 3185 1419 3190 ’

204 3303 279 3366 foro
293 3304 445 3376 externo,
463 3302 526 3365 etsi
540 3319 611 3365 non
624 3302 732 3383 possit
741 3301 776 3365 in
788 3303 863 3366 foro
874 3303 1019 3366 interno.

245 3409 277 3472 2⁰
292 3408 326 3472 Si
342 3429 428 3474 uxor
442 3409 545 3474 luerit
565 3409 732 3474 violenter
753 3426 926 3494 oppressa,
949 3428 1028 3474 cum
1044 3408 1138 3474 nulla
1151 3410 1254 3474 fuerit
1270 3410 1378 3494 culpa,

206 3536 339 3584 cessare
354 3519 455 3584 debet
470 3537 592 3602 prena:
609 3536 718 3593 secus,
736 3517 764 3581 si
779 3537 841 3601 per
854 3537 995 3600 gravem
1009 3523 1140 3582 metum
1154 3519 1382 3583 commisisset

206 3627 420 3704 adulterium,
434 3628 512 3712 quia
521 3627 572 3692 vis
581 3646 652 3693 non
666 3627 752 3693 tollit
760 3632 861 3693 omne
871 3625 1102 3692 voluntarium
1114 3648 1121 3703 ;
1134 3628 1251 3692 mitius
1268 3631 1382 3693 tamen

205 3737 317 3820 puniri
334 3737 482 3801 deberet.
498 3737 530 3800 3⁰
544 3735 740 3816 Ignorantia
753 3735 976 3819 inculpabilis,
990 3733 1098 3819 qualis
1114 3742 1215 3812 esset,
1231 3755 1262 3801 v.
1277 3753 1311 3817 g.
1326 3734 1382 3801 illa

207 3863 274 3927 qua
287 3843 420 3919 mulier,
434 3843 576 3908 credens
588 3843 749 3908 maritum
760 3861 860 3907 suum
875 3851 1062 3918 mortuum,
1078 3861 1157 3907 cum
1172 3843 1237 3907 alio
1250 3849 1382 3908 contra-

206 3953 303 4016 heret
316 3952 462 4036 nuptias.
478 3952 510 4015 4⁰
525 3951 559 4015 Si
574 3953 663 4015 facta
676 3951 720 4014 sit
735 3949 963 4015 reconciliatio
978 3950 1250 4033 perpetitionem
1263 3949 1382 4015 etred-

207 4060 371 4125 ditionem
394 4058 496 4123 debiti
515 4056 715 4141 conjugalis.
740 4057 803 4121 Per
823 4057 1025 4140 petitionem
1047 4059 1189 4122 maritus
1209 4059 1307 4121 uxori
1331 4075 1381 4122 re·

207 4155 341 4230 mittere
356 4166 492 4230 videtur
505 4166 676 4248 injuriam.

248 4275 450 4358 approbatio
465 4274 628 4359 requisita
642 4278 680 4337 ut
691 4273 993 4358 quiscondemnari
1007 4275 1114 4358 possit
1126 4279 1289 4358 tanquam
1301 4293 1381 4338 reus

102 4369 103 4374 ἵ
203 4373 364 4449 ¹adulterii
377 4405 383 4447 :
396 4384 526 4448 Sulsscit
538 4389 576 4446 ut
589 4383 776 4448 afferantur
788 4381 946 4448 violentae
961 4401 1000 4448 ac
1010 4383 1311 4447 vehementissime
1327 4403 1382 4448 ur-

207 4497 328 4574 gentes
338 4490 632 4575 praesumptiones,
647 4509 708 4553 seu
722 4488 806 4554 tales
821 4507 895 4574 quae
910 4509 953 4554 ex
967 4489 1229 4554 circumstantiis
1249 4488 1383 4556 ordina·

196 4593 255 4664 'rie
270 4618 349 4664 curn
364 4599 485 4663 delicto
500 4599 691 4680 conjunctis
707 4599 869 4663 oriantur.
886 4599 983 4662 Ratio
1003 4601 1064 4674 est,
1083 4597 1161 4681 quia
1181 4597 1296 4662 habita
1324 4599 1382 4662 tali

206 4702 483 4792 praesumptione,
489 4706 1380 4790 jamhabeturcertitudomoralisperpetraticriminis.
