3404 6584
362 551 422 620 602
820 569 871 620 ms
890 549 1068 621 0000000000.

361 693 415 756 vis
428 689 766 775 perscnaeinteratur,
782 709 906 776 nempe
918 693 1117 776 prohibetur
1132 689 1205 756 0010
1214 688 1377 757 violentia
1390 686 1532 756 exterio

360 799 407 863 ris
421 817 544 864 manus
555 816 711 882 personae
725 800 825 865 factu.
842 799 982 876 Quando
997 798 1141 864 casualis
1157 802 1219 874 001,
1237 798 1301 863 0101
1312 797 1531 863 homicidium

361 908 405 972 sit
423 927 461 974 00
479 907 668 972 mortaliter
680 907 967 989 peccaminosum,
984 907 1291 973 excommunicatio
1307 925 1378 972 non
1391 905 1530 972 incurri·

360 1022 426 1082 tur.
444 1015 497 1080 Sic
511 1015 623 1100 quoad
637 1016 806 1081 actionem
826 1020 1014 1080 externam.

400 1126 430 1207 b)
446 1124 621 1192 Suedecte
636 1124 780 1190 diabolo.
797 1123 855 1190 ilic
871 1125 1062 1190 ostenditur
1076 1125 1186 1210 qualis
1208 1143 1284 1191 esse
1307 1125 1432 1191 debeat
1445 1126 1531 1190 actio

359 1253 404 1300 ex
418 1236 513 1316 parte
527 1233 759 1316 percutientis,
785 1251 847 1296 seu
869 1233 1057 1315 subjective
1073 1237 1234 1317 spectata.
1250 1233 1328 1298 liaec
1343 1251 1425 1314 ergo
1445 1233 1531 1298 actio

358 1340 481 1406 clerico
495 1339 661 1422 injuriosa
673 1339 775 1404 debet
783 1339 967 1423 procedere
982 1359 1025 1406 ex
1037 1359 1142 1424 pravo
1155 1341 1269 1406 animo
1285 1357 1323 1405 ac
1347 1339 1530 1405 deliberata

358 1447 506 1513 hominis
524 1447 710 1524 voluntate,
733 1445 781 1510 ita
799 1451 838 1510 ut
854 1446 949 1511 nullo
968 1453 1067 1530 pacto
1086 1466 1300 1532 percussore
1317 1447 1414 1529 gravi
1434 1446 1533 1529 culpe

358 1558 466 1641 possit
484 1555 649 1621 excusari.
672 1553 755 1619 Cum
779 1555 1085 1622 excommunicatio
1106 1559 1218 1640 major
1242 1573 1467 1640 0000000000
1490 1556 1532 1619 011

357 1683 461 1748 poena
481 1663 693 1745 gravissima,
714 1681 784 1728 non
804 1666 918 1746 potest
937 1663 1078 1746 imponi,
1091 1663 1157 1727 nisi
1170 1661 1331 1727 delictum
1345 1662 1390 1726 sit
1412 1663 1530 1746 010000-

357 1774 600 1856 portionatum,
618 1787 679 1834 seu
694 1769 884 1836 mortaliter
901 1771 1188 1853 peccaminosum.

396 1881 480 1946 Hinc
494 1881 523 1944 si
537 1881 711 1963 percussio
726 1879 780 1956 sit,
797 1881 871 1943 1000
881 1879 1070 1944 secundum
1084 1897 1132 1956 00,
1145 1884 1219 1945 tum
1232 1879 1430 1963 respective,
1444 1877 1530 1944 levis

358 1995 394 2054 01
406 1988 484 2053 talis
498 1992 536 2051 01
550 1991 727 2070 peccatum
739 1986 872 2051 veniale
894 2003 965 2052 nen
979 1990 1127 2069 superet,
1153 1986 1344 2070 percutiens
1365 1988 1530 2052 immunis

357 2096 473 2161 eritab
489 2093 851 2170 excommunicatione,
875 2112 907 2157 v.
924 2111 957 2175 g.
977 2093 1095 2177 siquis
1109 2093 1269 2158 clericum
1283 2097 1478 2177 percuteret
1496 2095 1530 2160 iu

357 2207 456 2270 motu
469 2203 716 2288 primo-primo,
730 2203 786 2268 vel
803 2204 839 2268 in
851 2206 941 2288 joco.

337 2352 341 2360 ·
402 2312 521 2378 Gousa’
533 2320 730 2376 errorentes
744 2313 786 2376 ab
797 2311 861 2376 doc
874 2313 1219 2377 excommunicatione
1234 2313 1449 2378 incurrendo.

396 2419 484 2504 cilix
493 2411 746 2485 circumstantia
758 2444 773 2477 a
784 2436 939 2503 personae
953 2437 1125 2503 percussa
1134 2418 1191 2485 vel
1202 2421 1423 2504 percutientis
1436 2446 1463 2498 0,
1473 2440 1530 2486 ex-

355 2532 518 2593 cusantur
527 2526 728 2610 plerumque
741 2524 852 2590 clerici
866 2527 963 2610 pueri
977 2527 1128 2591 rixantes
1146 2533 1181 2591 01
1200 2545 1236 2592 00
1253 2528 1400 2592 invicem
1412 2547 1529 2611 pugno

355 2637 594 2719 percutientes,
612 2635 768 2718 quamvis
783 2635 923 2715 sanguis
940 2634 1057 2700 eilluat
1074 2655 1093 2699 0
1112 2636 1252 2700 naribus
1262 2636 1373 2719 ςο010
1387 2653 1528 2717 genera-

356 2745 418 2808 tim
432 2743 518 2808 levis
541 2747 700 2808 censetur
712 2741 785 2806 baec
805 2740 931 2823 injuria
952 2743 1042 2808 inter
1054 2744 1157 2828 ipsos.
1174 2744 1300 2810 Tamen
1318 2748 1432 2827 potest
1454 2761 1529 2808 esse

354 2851 529 2935 percussio
544 2855 579 2915 et
591 2849 717 2934 injurie
730 2853 863 2933 gravis;
884 2855 918 2918 01
930 2853 996 2916 hoc
1010 2849 1180 2933 colligitur
1195 2871 1238 2916 ex
1251 2851 1526 2916 circumstantiis.

394 2959 694 3024 Excusaturetiam
706 2960 775 3043 001,
791 2977 834 3024 ex
850 2959 1012 3025 mandato
1025 2958 1168 3042 praelati,
1177 2959 1266 3042 capit
1277 2958 1451 3036 clericum,
1464 2959 1530 3022 00101

355 3067 516 3132 eumdem
530 3085 600 3131 non
612 3069 829 3132 resistentem
838 3066 1115 3152 percutiatculce,
1129 3085 1246 3150 pugno
1256 3066 1311 3132 vel
1328 3065 1395 3132 alio
1410 3068 1527 3133 modo.

354 3173 449 3239 Idem
462 3175 644 3240 dicendum
658 3180 712 3239 est
731 3175 772 3240 de
792 3175 992 3241 officialibus
1008 3175 1065 3259 001
1079 3175 1290 3258 reperientes
1305 3174 1469 3240 clericum
1489 3175 1529 3239 de

353 3288 464 3361 nocte,
480 3302 582 3367 quem
596 3285 815 3367 probabiliter
827 3285 950 3350 timent
965 3269 1230 3350 commissurum
1243 3283 1416 3358 delictum,
1435 3301 1530 3349 eum-

354 3391 433 3455 dem
446 3393 584 3474 capiunt
598 3397 638 3457 01
655 3398 864 3476 praesentent
878 3393 1028 3477 praelato.
1119 3375 1140 3422 ³

393 3496 478 3564 ltem
499 3500 658 3584 praelatus
680 3503 739 3586 001
762 3503 923 3568 clericum
945 3502 1131 3579 subditum,
1159 3503 1314 3587 00000010
1334 3502 1398 3566 1010
1424 3502 1470 3566 011
1494 3503 1529 3566 10

354 3609 457 3672 sacris
480 3610 696 3687 constitutus,
720 3612 939 3676 correctionis
975 3616 1009 3676 et
1035 3610 1218 3696 disciplinae
1242 3628 1345 3676 causa
1363 3609 1527 3692 percutit:

353 3715 444 3780 idem
468 3717 508 3781 de
530 3717 719 3800 pedagogo.
747 3719 814 3784 Sed
835 3721 1018 3802 requiritur
1032 3724 1071 3783 01
1084 3719 1248 3784 correctio
1268 3718 1311 3782 011
1337 3719 1528 3801 proportio

250 3909 252 3913 Α
353 3828 434 3889 0010
447 3822 580 3902 delicto,
598 3843 657 3890 seu
674 3831 713 3889 ut
727 3844 797 3890 non
811 3828 854 3891 011
868 3827 1027 3893 0010101110
1042 3845 1213 3893 excessus.

392 3931 422 4012 d)
435 3929 483 3994 lix
505 3933 609 3998 modo
633 3961 649 3992 «
669 3937 929 4019 percussionis»
946 3941 1127 4002 excusatur
1144 3937 1247 4002 etiam
1270 3935 1329 4018 001
1349 3954 1393 3999 000
1416 3935 1530 3999 0010110

352 4039 522 4122 passione,
538 4041 653 4106 animo
676 4060 746 4106 non
766 4043 866 4126 plene
886 4044 1096 4120 advertente,
1118 4063 1150 4108 v.
1167 4063 1200 4126 g.
1226 4044 1262 4106 in
1284 4042 1378 4119 ludo,
1396 4043 1529 4108 socium

352 4165 454 4210 suum
468 4147 628 4213 clericum
641 4152 797 4232 percutit,
814 4153 964 4217 maxime
979 4153 1006 4216 si
1018 4153 1060 4217 ab
1073 4153 1139 4217 boc
1152 4152 1245 4236 prius
1257 4169 1442 4236 percussus
1456 4151 1527 4215 iue-

351 4253 405 4317 rit.
430 4253 480 4318 110
505 4256 697 4320 communis
722 4259 900 4324 sententia.
923 4259 1009 4323 ltem
1029 4259 1099 4344 001,
1119 4259 1282 4340 ignorans
1307 4256 1530 4341 probabiliter

353 4379 428 4425 esse
446 4360 616 4441 clericum,
634 4381 714 4428 eum
732 4366 948 4448 percusserit,
964 4366 1098 4431 etiamsi
1115 4364 1289 4448 percussio
1312 4365 1356 4429 sit
1376 4363 1530 4446 grauiter

352 4468 480 4551 injusta
496 4489 504 4546 3
520 4488 600 4536 nam
614 4489 685 4536 non
699 4478 838 4557 propter
851 4476 1108 4557 percussionem
1119 4475 1294 4557 injustam,
1312 4472 1373 4537 sed
1386 4475 1528 4555 propter

352 4578 607 4658 percussionem
631 4580 830 4663 sacrilegam
851 4587 885 4647 et
904 4583 1006 4649 statui
1025 4583 1146 4648 clerico
1161 4583 1374 4665 injuriosam,
1392 4595 1527 4644 excom·

352 4684 538 4750 municatio
553 4689 723 4754 statuitur.
