3500 5552
353 551 412 618 558
811 565 863 622 tus
884 566 1063 622 canonicali.

353 691 489 755 namin
510 692 604 757 nullo
628 711 710 758 casu
731 694 915 776 requiritur
932 711 1103 778 expressa,
1128 693 1230 757 etiam
1255 683 1527 776 quandosagitur

354 796 395 861 de
415 799 568 863 oratione
588 801 784 883 praescripta
806 819 868 884 pro
888 801 957 864 ssne
977 799 1170 884 particulari
1186 799 1229 882 (S.
1247 799 1369 882 Congr.
1393 800 1524 882 lndulg.

352 905 393 967 Ὦ
415 905 498 969 febr.
525 906 626 989 1847).
649 907 682 970 4⁰
705 906 902 992 Requiritur
925 911 1032 972 status
1053 909 1182 989 gratiss,
1209 909 1288 991 quia
1307 908 1435 1000 remitti
1455 927 1527 974 non

352 1019 466 1094 potest
478 1032 580 1096 poena
591 1015 798 1098 temporalis,
816 1017 880 1080 nisi
890 1017 984 1099 prins
1000 1017 1192 1081 remittatur
1205 1015 1314 1098 culpa,
1332 1034 1370 1080 ac
1384 1016 1526 1099 proinde

353 1120 512 1202 obligatio
533 1123 576 1188 ad
590 1139 728 1206 poenam
742 1130 917 1189 aeternam.
940 1124 1067 1189 Tamen
1088 1142 1158 1188 non
1179 1142 1319 1190 necesse
1347 1129 1401 1188 est
1422 1128 1459 1188 ut
1479 1125 1527 1188 in-

352 1228 571 1314 dulgentiam¹
588 1231 780 1298 lucraturus
810 1233 853 1296 sit
875 1233 911 1296 in
927 1237 1018 1297 statu
1042 1232 1159 1314 gratiae
1183 1235 1253 1296 toto
1277 1237 1432 1315 tempore
1458 1250 1525 1315 quo

351 1337 634 1432 omniainjuncta
654 1359 758 1424 opera
780 1339 1019 1424 adimplentur.
1037 1337 1168 1404 Sulllcit
1180 1339 1235 1404 ille
1252 1344 1371 1416 status,
1390 1340 1526 1424 quando

351 1444 511 1511 ultimum
541 1466 627 1530 opus
656 1449 848 1531 injunctum
876 1446 1090 1531 adimpletur,
1127 1449 1249 1511 souin
1277 1447 1354 1526 line,
1390 1447 1525 1532 quando

352 1553 493 1618 effectus
521 1555 741 1637 indulgentie
768 1555 988 1641 applicandus
1012 1559 1090 1620 est:
1114 1559 1247 1620 constat
1270 1575 1313 1620 ex
1332 1555 1424 1620 birlla
1441 1555 1527 1622 Corr-

351 1665 477 1727 vocatis
496 1663 621 1729 Bened.
638 1664 708 1728 xlv
724 1671 759 1730 et
776 1685 819 1730 ex
834 1665 931 1748 praxi
950 1665 1106 1730 Ecclesiae
1123 1665 1374 1730 contessionem
1395 1670 1430 1729 et
1447 1684 1527 1730 con·

352 1770 524 1835 tritionem
537 1771 748 1854 injungentis
766 1773 856 1837 iuter
871 1789 975 1856 opera
996 1771 1039 1838 ad
1061 1771 1310 1854 indulgentiam
1328 1771 1527 1838 lucrandam

352 1880 523 1962 requisita.
1457 1879 1459 1884 ¹

391 1987 420 2069 b)
441 1987 615 2071 Reqru'sita
635 2009 677 2054 ec
692 1998 791 2073 parte
812 1992 929 2074 operis.
951 1991 982 2053 l⁰
1002 1988 1196 2054 Generatim
1218 1989 1402 2073 requiritur
1414 1994 1454 2052 ut
1469 1988 1525 2073 qui

349 2093 1527 2181 lucraturusestindulgentiam,praestetcompleteeaquaepraescripta

350 2209 431 2266 sunt
443 2223 463 2268 a
477 2205 651 2287 superiore
670 2205 920 2287 indulgentiam
935 2203 1154 2270 concedente.
1172 2204 1268 2270 Ratio
1286 2209 1348 2282 est,
1368 2206 1448 2289 quia
1470 2223 1527 2268 su-

348 2313 463 2395 perior
483 2314 644 2379 concedit
663 2315 912 2398 indulgentiam
942 2317 1004 2380 sub
1033 2316 1227 2381 conditione
1257 2319 1295 2379 ut
1321 2319 1526 2399 praestentur

350 2419 429 2484 talia
446 2438 563 2503 opera;
587 2423 711 2510 igitur,
724 2441 794 2487 non
812 2424 924 2505 posita
937 2423 1142 2498 conditione,
1160 2423 1234 2506 ipsa
1254 2422 1429 2486 concessio
1455 2440 1526 2486 non

349 2528 511 2592 subsistit.
530 2529 698 2612 Sequitur,
712 2530 845 2613 quodsi
860 2547 940 2614 pars
954 2530 1113 2596 notabilis
1121 2531 1346 2605 omitteretur,
1359 2530 1462 2594 etiam
1476 2529 1525 2591 in-

349 2634 626 2718 culpabiliterseu
639 2655 682 2700 ex
696 2637 899 2718 ignorantia,
914 2639 1085 2703 oblivione
1098 2638 1153 2702 vel
1161 2641 1254 2721 justo
1265 2637 1523 2720 impedimento,

350 2746 489 2810 minime
504 2750 771 2830 consequeretur
785 2745 1012 2828 indulgentia;
1030 2764 1128 2810 secus
1144 2748 1172 2810 si
1186 2765 1265 2829 pars
1275 2744 1524 2810 minimaomit-

350 2858 488 2928 teretur,
496 2871 585 2942 ‚uam
601 2853 676 2916 talis
691 2853 831 2918 omissio
846 2871 916 2917 uon
931 2853 1074 2936 impedit
1091 2856 1273 2937 quominus
1288 2872 1374 2936 opus
1387 2871 1526 2917 censea-

351 2964 406 3023 tur
418 2958 591 3025 moraliter
601 2961 785 3042 integrum‚
800 2963 899 3043 juxta
912 2962 1068 3026 silatum:
1080 2962 1223 3026 «Parum
1235 2961 1411 3045 pronihilo
1425 2951 1525 3043 r'epu-

351 3074 449 3132 tatur.
461 3093 476 3126 a
492 3069 605 3132 Monet
618 3069 722 3150 Lugo,
736 3069 822 3144 «Qui
838 3068 976 3133 exhibet
989 3069 1285 3152 dimidiamoperis
1300 3074 1441 3152 partem,
1452 3086 1533 3176 non·
1556 3143 1559 3148 ,

351 3175 500 3242 lucratur
514 3174 690 3238 dimidium
704 3175 936 3262 indulgentie,
959 3177 1039 3260 quia
1058 3175 1271 3257 indulgentia
1285 3195 1355 3241 non
1369 3175 1525 3249 concedi-

351 3289 406 3347 tur
425 3281 666 3347 divisibiliter»
684 3283 718 3364 (l.
739 3285 805 3358 cit,
823 3303 857 3348 n.
874 3284 935 3366 89).
955 3285 1206 3360 Verumtamen,
1222 3285 1358 3368 quando
1378 3282 1525 3347 Ecclesia

349 3392 535 3476 plenariam
547 3391 702 3455 concedit
714 3391 973 3472 indulgentiam,
991 3411 1061 3457 non
1077 3394 1230 3477 sequitur
1244 3411 1364 3456 omnes
1384 3393 1442 3474 qui
1455 3391 1525 3454 sul-

349 3499 502 3562 tlcienter
516 3498 658 3582 implent
672 3499 895 3574 conditiones,
914 3499 1007 3564 illam
1021 3500 1144 3564 lucrari
1158 3506 1264 3564 totam
1279 3517 1341 3563 seu
1354 3498 1523 3581 plenarie;

350 3623 430 3668 nam
444 3605 605 3688 accipitur
619 3606 836 3689 proportione
853 3611 987 3671 servata
1000 3607 1267 3690 uniuscujusque
1279 3599 1522 3688 dispositionis,

350 3731 425 3795 quse
440 3731 516 3777 raro
533 3718 602 3776 tam
616 3713 766 3796 perfecta
780 3718 833 3776 est
845 3718 885 3776 ut
893 3715 1002 3776 omnis
1016 3732 1118 3796 poena
1129 3713 1276 3778 tollatur.

389 3821 421 3883 2⁰
438 3821 618 3904 Specietim
631 3822 673 3885 de
688 3823 901 3886 confessione
916 3829 950 3886 et
962 3823 1203 3888 communione
1218 3841 1294 3914 quae
1305 3824 1523 3904 conjungun-

350 3935 416 4004 tur,
432 3928 855 3994 nonnullasuntnotanda.
881 3931 1053 4012 Contessio
1064 3949 1133 3995 non
1146 3929 1523 4013 praescribiturpraecise

350 4043 389 4102 ut
406 4038 558 4101 medium
579 4039 801 4121 recuperandi
822 4025 978 4120 gratiam,
999 4040 1059 4104 sed
1073 4045 1112 4102 ut
1125 4057 1210 4122 opus
1229 4039 1432 4120 injunctum,
1450 4037 1523 4100 sine

350 4164 417 4230 quo
436 4164 506 4210 non
525 4145 712 4210 lucraretur
728 4145 940 4226 indulgentia
958 4167 965 4208 :
983 4146 1047 4211 boc
1070 4145 1234 4211 delaravit
1253 4145 1284 4208 S.
1306 4145 1427 4226 Congr.
1449 4142 1521 4206 lnd.

349 4254 570 4318 ltmaiittac.
591 4255 895 4338 Atconfessioquae
910 4251 1521 4339 llerisoleretsemelinbebdomada,
1613 4305 1618 4314 .

348 4364 538 4442 generatim
559 4349 650 4426 esset
669 4363 839 4427 sussiciens
858 4363 899 4426 ad
919 4364 1177 4447 consequendas
1203 4379 1323 4428 omnes
1344 4359 1523 4441 indulgen-

351 4470 413 4534 tias
432 4470 475 4552 (S.
492 4470 613 4552 Congr.
630 4468 760 4552 ludulg.
777 4472 815 4533 15
830 4488 909 4535 nov.
933 4472 1033 4554 1841).
1053 4471 1236 4536 Diximus«
1252 4487 1327 4553 quse
1345 4467 1470 4533 soleret
1487 4486 1521 4540 »;

350 4578 429 4659 quia
447 4578 629 4660 requiritur
649 4578 860 4644 cousuetudo
881 4579 924 4660 (S.
944 4578 1065 4660 Congr.
1087 4579 1158 4643 lud.
1181 4579 1219 4642 li
1240 4577 1320 4642 maii
1340 4576 1440 4656 1835).
1462 4573 1524 4636 lix-

349 4684 470 4766 cipitur
494 4691 610 4750 tame'n
632 4687 845 4768 indulgentia
862 4686 1002 4768 jubilaei,
1023 4705 1097 4770 quae
1118 4687 1223 4768 exigit
1244 4683 1425 4767 specialem
1443 4701 1522 4748 con-

1710 4540 1737 4606 u
