<?xml version="1.0" encoding="UTF-8"?>
<!DOCTYPE html PUBLIC "-//W3C//DTD XHTML 1.0 Transitional//EN"
    "http://www.w3.org/TR/xhtml1/DTD/xhtml1-transitional.dtd">
<html xmlns="http://www.w3.org/1999/xhtml" xml:lang="en" lang="en">
 <head>
  <title>
</title>
<meta http-equiv="Content-Type" content="text/html;charset=utf-8" />
  <meta name='ocr-system' content='tesseract 3.04.00' />
  <meta name='ocr-capabilities' content='ocr_page ocr_carea ocr_par ocr_line ocrx_word'/>
</head>
<body>
  <div class='ocr_page' id='page_1' title='image "./juscanonicumjux01grangoog/juscanonicumjux01grangoog_0094.png"; bbox 0 0 3508 5568; ppageno 0'>
   <div class='ocr_carea' id='block_1_1' title="bbox 367 567 1074 632">
    <p class='ocr_par' dir='ltr' id='par_1_1' title="bbox 367 567 1074 632">
     <span class='ocr_line' id='line_1_1' title="bbox 367 567 1074 632; baseline -0.003 0"><span class='ocrx_word' id='word_1_1' title='bbox 367 567 407 632; x_wconf 72' lang='lat'><strong>84</strong></span> <span class='ocrx_word' id='word_1_2' title='bbox 825 580 876 632; x_wconf 78' lang='lat' dir='ltr'><strong>aus</strong></span> <span class='ocrx_word' id='word_1_3' title='bbox 896 582 1074 632; x_wconf 74' lang='lat' dir='ltr'><strong>canonicos.</strong></span> 
     </span>
    </p>
   </div>
   <div class='ocr_carea' id='block_1_2' title="bbox 316 701 1620 2933">
    <p class='ocr_par' dir='ltr' id='par_1_2' title="bbox 362 701 1540 1762">
     <span class='ocr_line' id='line_1_2' title="bbox 367 701 1540 788; baseline 0.003 -22"><span class='ocrx_word' id='word_1_4' title='bbox 367 702 488 768; x_wconf 90' lang='lat' dir='ltr'><strong>invitet</strong></span> <span class='ocrx_word' id='word_1_5' title='bbox 502 701 545 768; x_wconf 90' lang='lat' dir='ltr'><strong>ad</strong></span> <span class='ocrx_word' id='word_1_6' title='bbox 559 708 746 785; x_wconf 87' lang='lat' dir='ltr'><strong>peccatum,</strong></span> <span class='ocrx_word' id='word_1_7' title='bbox 758 701 906 768; x_wconf 87' lang='lat' dir='ltr'><strong>Ecclesia</strong></span> <span class='ocrx_word' id='word_1_8' title='bbox 913 705 1093 788; x_wconf 57' lang='lat' dir='ltr'><strong>praesumit,</strong></span> <span class='ocrx_word' id='word_1_9' title='bbox 1102 703 1195 770; x_wconf 87' lang='lat' dir='ltr'><strong>illam</strong></span> <span class='ocrx_word' id='word_1_10' title='bbox 1210 722 1279 770; x_wconf 95' lang='lat' dir='ltr'><strong>non</strong></span> <span class='ocrx_word' id='word_1_11' title='bbox 1290 721 1365 769; x_wconf 88' lang='lat' dir='ltr'><strong>esse</strong></span> <span class='ocrx_word' id='word_1_12' title='bbox 1380 706 1469 770; x_wconf 86' lang='lat' dir='ltr'><strong>serio</strong></span> <span class='ocrx_word' id='word_1_13' title='bbox 1484 703 1540 770; x_wconf 91' lang='lat' dir='ltr'><strong>ad·</strong></span> 
     </span>
     <span class='ocr_line' id='line_1_3' title="bbox 364 812 1540 896; baseline 0 -20"><span class='ocrx_word' id='word_1_14' title='bbox 364 813 506 896; x_wconf 77' lang='lat' dir='ltr'>jectam,</span> <span class='ocrx_word' id='word_1_15' title='bbox 523 815 558 875; x_wconf 92' lang='lat' dir='ltr'><strong>et</strong></span> <span class='ocrx_word' id='word_1_16' title='bbox 570 814 820 894; x_wconf 75' lang='lat' dir='ltr'><strong>consequenter</strong></span> <span class='ocrx_word' id='word_1_17' title='bbox 832 812 935 876; x_wconf 86' lang='lat' dir='ltr'><strong>habet</strong></span> <span class='ocrx_word' id='word_1_18' title='bbox 949 812 1043 878; x_wconf 90' lang='lat' dir='ltr'><strong>illam</strong></span> <span class='ocrx_word' id='word_1_19' title='bbox 1056 830 1118 895; x_wconf 91' lang='lat' dir='ltr'><strong>pro</strong></span> <span class='ocrx_word' id='word_1_20' title='bbox 1131 830 1201 878; x_wconf 93' lang='lat' dir='ltr'><strong>non</strong></span> <span class='ocrx_word' id='word_1_21' title='bbox 1217 813 1350 896; x_wconf 88' lang='lat' dir='ltr'><strong>adjecta</strong></span> <span class='ocrx_word' id='word_1_22' title='bbox 1370 813 1406 876; x_wconf 96' lang='lat' dir='ltr'><strong>in</strong></span> <span class='ocrx_word' id='word_1_23' title='bbox 1426 814 1540 878; x_wconf 87' lang='lat' dir='ltr'><strong>matri-</strong></span> 
     </span>
     <span class='ocr_line' id='line_1_4' title="bbox 366 917 1536 1002; baseline 0 -18"><span class='ocrx_word' id='word_1_24' title='bbox 366 921 494 997; x_wconf 89' lang='lat' dir='ltr'><strong>monio,</strong></span> <span class='ocrx_word' id='word_1_25' title='bbox 508 921 543 984; x_wconf 94' lang='lat' dir='ltr'><strong>in</strong></span> <span class='ocrx_word' id='word_1_26' title='bbox 553 917 682 982; x_wconf 80' lang='lat' dir='ltr'><strong>ultimis</strong></span> <span class='ocrx_word' id='word_1_27' title='bbox 693 918 926 983; x_wconf 88' lang='lat' dir='ltr'><strong>voluntatibus</strong></span> <span class='ocrx_word' id='word_1_28' title='bbox 939 919 972 1000; x_wconf 81' lang='lat' dir='ltr'><strong>(l.</strong></span> <span class='ocrx_word' id='word_1_29' title='bbox 985 920 1050 996; x_wconf 81' lang='lat' dir='ltr'><strong>XV,</strong></span> <span class='ocrx_word' id='word_1_30' title='bbox 1065 920 1102 982; x_wconf 84' lang='lat' dir='ltr'><strong>ll.</strong></span> <span class='ocrx_word' id='word_1_31' title='bbox 1114 920 1156 984; x_wconf 82' lang='lat' dir='ltr'><strong>de</strong></span> <span class='ocrx_word' id='word_1_32' title='bbox 1167 919 1390 985; x_wconf 81' lang='lat' dir='ltr'><strong>Condr&#39;tiom&#39;d.</strong></span> <span class='ocrx_word' id='word_1_33' title='bbox 1407 921 1536 1002; x_wconf 60' lang='lat' dir='ltr'><strong>institi.</strong></span> 
     </span>
     <span class='ocr_line' id='line_1_5' title="bbox 366 1007 1539 1112; baseline 0.001 -20"><span class='ocrx_word' id='word_1_34' title='bbox 366 1027 745 1111; x_wconf 82' lang='lat' dir='ltr'><strong>Sitamenpraesumptio</strong></span> <span class='ocrx_word' id='word_1_35' title='bbox 753 1007 847 1093; x_wconf 79' lang='lat' dir='ltr'><strong>sallat</strong></span> <span class='ocrx_word' id='word_1_36' title='bbox 855 1033 891 1091; x_wconf 87' lang='lat' dir='ltr'><strong>ct</strong></span> <span class='ocrx_word' id='word_1_37' title='bbox 899 1028 1047 1093; x_wconf 92' lang='lat' dir='ltr'><strong>conditio</strong></span> <span class='ocrx_word' id='word_1_38' title='bbox 1062 1031 1169 1112; x_wconf 89' lang='lat' dir='ltr'><strong>turpis</strong></span> <span class='ocrx_word' id='word_1_39' title='bbox 1179 1030 1293 1094; x_wconf 84' lang='lat' dir='ltr'><strong>animo</strong></span> <span class='ocrx_word' id='word_1_40' title='bbox 1310 1029 1539 1112; x_wconf 85' lang='lat' dir='ltr'><strong>scrinadjecta</strong></span> 
     </span>
     <span class='ocr_line' id='line_1_6' title="bbox 366 1137 1539 1228; baseline 0 -24"><span class='ocrx_word' id='word_1_41' title='bbox 366 1143 428 1214; x_wconf 88' lang='lat' dir='ltr'><strong>est,</strong></span> <span class='ocrx_word' id='word_1_42' title='bbox 444 1139 479 1203; x_wconf 95' lang='lat' dir='ltr'><strong>in</strong></span> <span class='ocrx_word' id='word_1_43' title='bbox 491 1139 565 1204; x_wconf 86' lang='lat' dir='ltr'><strong>loro</strong></span> <span class='ocrx_word' id='word_1_44' title='bbox 580 1138 796 1204; x_wconf 76' lang='lat' dir='ltr'><strong>conscientia·</strong></span> <span class='ocrx_word' id='word_1_45' title='bbox 820 1139 997 1222; x_wconf 77' lang='lat' dir='ltr'><strong>suspendit</strong></span> <span class='ocrx_word' id='word_1_46' title='bbox 1013 1137 1165 1228; x_wconf 78' lang='lat' dir='ltr'><strong>retorem</strong></span> <span class='ocrx_word' id='word_1_47' title='bbox 1185 1139 1403 1215; x_wconf 82' lang='lat' dir='ltr'><strong>matrimonii,</strong></span> <span class='ocrx_word' id='word_1_48' title='bbox 1430 1139 1539 1204; x_wconf 87' lang='lat' dir='ltr'><strong>donee</strong></span> 
     </span>
     <span class='ocr_line' id='line_1_7' title="bbox 363 1244 1538 1332; baseline 0.002 -22"><span class='ocrx_word' id='word_1_49' title='bbox 363 1245 564 1330; x_wconf 62' lang='lat' dir='ltr'><strong>impleatnrq</strong></span> <span class='ocrx_word' id='word_1_50' title='bbox 593 1264 673 1311; x_wconf 87' lang='lat' dir='ltr'><strong>cum</strong></span> <span class='ocrx_word' id='word_1_51' title='bbox 698 1247 920 1330; x_wconf 86' lang='lat' dir='ltr'><strong>praesumptio</strong></span> <span class='ocrx_word' id='word_1_52' title='bbox 948 1244 1047 1311; x_wconf 89' lang='lat' dir='ltr'><strong>cedat</strong></span> <span class='ocrx_word' id='word_1_53' title='bbox 1066 1247 1212 1323; x_wconf 83' lang='lat' dir='ltr'><strong>veritati,</strong></span> <span class='ocrx_word' id='word_1_54' title='bbox 1238 1247 1325 1312; x_wconf 85' lang='lat' dir='ltr'><strong>sicut</strong></span> <span class='ocrx_word' id='word_1_55' title='bbox 1347 1265 1451 1332; x_wconf 88' lang='lat' dir='ltr'><strong>supra</strong></span> <span class='ocrx_word' id='word_1_56' title='bbox 1472 1248 1538 1312; x_wconf 81' lang='lat' dir='ltr'><strong>dic</strong></span> 
     </span>
     <span class='ocr_line' id='line_1_8' title="bbox 364 1352 1539 1438; baseline 0 -20"><span class='ocrx_word' id='word_1_57' title='bbox 364 1359 439 1418; x_wconf 92' lang='lat' dir='ltr'><strong>tum</strong></span> <span class='ocrx_word' id='word_1_58' title='bbox 463 1353 505 1419; x_wconf 85' lang='lat' dir='ltr'><strong>de</strong></span> <span class='ocrx_word' id='word_1_59' title='bbox 525 1353 719 1419; x_wconf 89' lang='lat' dir='ltr'><strong>conditione</strong></span> <span class='ocrx_word' id='word_1_60' title='bbox 742 1352 952 1437; x_wconf 86' lang='lat' dir='ltr'><strong>impossibili.</strong></span> <span class='ocrx_word' id='word_1_61' title='bbox 979 1354 1056 1418; x_wconf 71' lang='lat' dir='ltr'><strong>llaec</strong></span> <span class='ocrx_word' id='word_1_62' title='bbox 1080 1354 1255 1438; x_wconf 84' lang='lat' dir='ltr'><strong>dispositio</strong></span> <span class='ocrx_word' id='word_1_63' title='bbox 1281 1355 1477 1420; x_wconf 82' lang='lat' dir='ltr'><strong>exorbitans</strong></span> <span class='ocrx_word' id='word_1_64' title='bbox 1504 1361 1539 1419; x_wconf 89' lang='lat' dir='ltr'><strong>et</strong></span> 
     </span>
     <span class='ocr_line' id='line_1_9' title="bbox 363 1459 1537 1528; baseline 0 -2"><span class='ocrx_word' id='word_1_65' title='bbox 363 1461 582 1528; x_wconf 87' lang='lat' dir='ltr'><strong>matrimonio</strong></span> <span class='ocrx_word' id='word_1_66' title='bbox 607 1466 643 1526; x_wconf 85' lang='lat' dir='ltr'><strong>ot</strong></span> <span class='ocrx_word' id='word_1_67' title='bbox 670 1459 799 1524; x_wconf 85' lang='lat' dir='ltr'><strong>ultimis</strong></span> <span class='ocrx_word' id='word_1_68' title='bbox 823 1459 1056 1528; x_wconf 88' lang='lat' dir='ltr'><strong>voluntatibus</strong></span> <span class='ocrx_word' id='word_1_69' title='bbox 1076 1479 1146 1526; x_wconf 95' lang='lat' dir='ltr'><strong>non</strong></span> <span class='ocrx_word' id='word_1_70' title='bbox 1176 1466 1228 1527; x_wconf 89' lang='lat' dir='ltr'><strong>est</strong></span> <span class='ocrx_word' id='word_1_71' title='bbox 1251 1461 1467 1528; x_wconf 88' lang='lat' dir='ltr'><strong>extendenda</strong></span> <span class='ocrx_word' id='word_1_72' title='bbox 1494 1462 1537 1526; x_wconf 95' lang='lat' dir='ltr'><strong>ad</strong></span> 
     </span>
     <span class='ocr_line' id='line_1_10' title="bbox 363 1568 1537 1654; baseline 0 -20"><span class='ocrx_word' id='word_1_73' title='bbox 363 1569 533 1654; x_wconf 85' lang='lat' dir='ltr'><strong>sponsalia</strong></span> <span class='ocrx_word' id='word_1_74' title='bbox 547 1575 581 1634; x_wconf 88' lang='lat' dir='ltr'><strong>ct</strong></span> <span class='ocrx_word' id='word_1_75' title='bbox 595 1568 680 1634; x_wconf 91' lang='lat' dir='ltr'><strong>alios</strong></span> <span class='ocrx_word' id='word_1_76' title='bbox 695 1573 907 1646; x_wconf 87' lang='lat' dir='ltr'><strong>contractus;</strong></span> <span class='ocrx_word' id='word_1_77' title='bbox 925 1570 1035 1636; x_wconf 91' lang='lat' dir='ltr'><strong>sedin</strong></span> <span class='ocrx_word' id='word_1_78' title='bbox 1044 1570 1098 1634; x_wconf 88' lang='lat' dir='ltr'><strong>his</strong></span> <span class='ocrx_word' id='word_1_79' title='bbox 1109 1570 1258 1636; x_wconf 88' lang='lat' dir='ltr'><strong>conditio</strong></span> <span class='ocrx_word' id='word_1_80' title='bbox 1269 1571 1377 1653; x_wconf 93' lang='lat' dir='ltr'><strong>turpis</strong></span> <span class='ocrx_word' id='word_1_81' title='bbox 1390 1571 1537 1636; x_wconf 83' lang='lat' dir='ltr'><strong>habetur</strong></span> 
     </span>
     <span class='ocr_line' id='line_1_11' title="bbox 362 1661 1367 1762; baseline -0.005 -16"><span class='ocrx_word' id='word_1_82' title='bbox 362 1696 424 1761; x_wconf 86' lang='lat' dir='ltr'><strong>pro</strong></span> <span class='ocrx_word' id='word_1_83' title='bbox 438 1661 581 1762; x_wconf 87' lang='lat' dir='ltr'><strong>adjecta,</strong></span> <span class='ocrx_word' id='word_1_84' title='bbox 597 1677 663 1740; x_wconf 89' lang='lat' dir='ltr'><strong>nisi</strong></span> <span class='ocrx_word' id='word_1_85' title='bbox 677 1680 811 1741; x_wconf 91' lang='lat' dir='ltr'><strong>constet</strong></span> <span class='ocrx_word' id='word_1_86' title='bbox 824 1695 900 1742; x_wconf 86' lang='lat' dir='ltr'><strong>eam</strong></span> <span class='ocrx_word' id='word_1_87' title='bbox 911 1680 991 1760; x_wconf 86' lang='lat' dir='ltr'><strong>joco</strong></span> <span class='ocrx_word' id='word_1_88' title='bbox 1009 1677 1178 1761; x_wconf 85' lang='lat' dir='ltr'><strong>adjectam</strong></span> <span class='ocrx_word' id='word_1_89' title='bbox 1193 1677 1299 1742; x_wconf 88' lang='lat' dir='ltr'><strong>fuisse</strong></span> <span class='ocrx_word' id='word_1_90' title='bbox 1314 1679 1367 1760; x_wconf 89' lang='lat' dir='ltr'><strong>(l).</strong></span> 
     </span>
    </p>

    <p class='ocr_par' dir='ltr' id='par_1_3' title="bbox 316 1783 1620 2933">
     <span class='ocr_line' id='line_1_12' title="bbox 401 1783 1535 1870; baseline 0.002 -20"><span class='ocrx_word' id='word_1_91' title='bbox 401 1786 500 1869; x_wconf 88' lang='lat' dir='ltr'><strong>Resp.</strong></span> <span class='ocrx_word' id='word_1_92' title='bbox 516 1784 710 1850; x_wconf 68' lang='lat' dir='ltr'><strong>attendido</strong></span> <span class='ocrx_word' id='word_1_93' title='bbox 726 1783 833 1868; x_wconf 91' lang='lat' dir='ltr'><strong>turpis</strong></span> <span class='ocrx_word' id='word_1_94' title='bbox 843 1784 885 1849; x_wconf 88' lang='lat' dir='ltr'><strong>de</strong></span> <span class='ocrx_word' id='word_1_95' title='bbox 900 1786 1071 1868; x_wconf 73' lang='lat' dir='ltr'><strong>praeterito</strong></span> <span class='ocrx_word' id='word_1_96' title='bbox 1084 1783 1462 1868; x_wconf 84' lang='lat' dir='ltr'><strong>velpraesentihabetur</strong></span> <span class='ocrx_word' id='word_1_97' title='bbox 1477 1805 1535 1870; x_wconf 87' lang='lat' dir='ltr'><strong>pro</strong></span> 
     </span>
     <span class='ocr_line' id='line_1_13' title="bbox 361 1891 1533 1978; baseline -0.002 -18"><span class='ocrx_word' id='word_1_98' title='bbox 361 1893 493 1978; x_wconf 85' lang='lat' dir='ltr'><strong>adjecta</strong></span> <span class='ocrx_word' id='word_1_99' title='bbox 511 1898 546 1958; x_wconf 88' lang='lat' dir='ltr'><strong>et</strong></span> <span class='ocrx_word' id='word_1_100' title='bbox 558 1910 695 1976; x_wconf 85' lang='lat' dir='ltr'><strong>conseq.</strong></span> <span class='ocrx_word' id='word_1_101' title='bbox 712 1891 808 1957; x_wconf 88' lang='lat' dir='ltr'><strong>valor</strong></span> <span class='ocrx_word' id='word_1_102' title='bbox 822 1892 1030 1958; x_wconf 77' lang='lat' dir='ltr'><strong>matrimonii</strong></span> <span class='ocrx_word' id='word_1_103' title='bbox 1045 1893 1087 1957; x_wconf 92' lang='lat' dir='ltr'><strong>ab</strong></span> <span class='ocrx_word' id='word_1_104' title='bbox 1109 1911 1151 1958; x_wconf 91' lang='lat' dir='ltr'><strong>ea</strong></span> <span class='ocrx_word' id='word_1_105' title='bbox 1170 1893 1298 1976; x_wconf 86' lang='lat' dir='ltr'><strong>pendet</strong></span> <span class='ocrx_word' id='word_1_106' title='bbox 1315 1893 1359 1972; x_wconf 85' lang='lat' dir='ltr'><strong>(S.</strong></span> <span class='ocrx_word' id='word_1_107' title='bbox 1376 1893 1428 1972; x_wconf 75' lang='lat'><strong>1),</strong></span> <span class='ocrx_word' id='word_1_108' title='bbox 1449 1894 1485 1957; x_wconf 92' lang='lat' dir='ltr'><strong>in</strong></span> <span class='ocrx_word' id='word_1_109' title='bbox 1502 1895 1533 1970; x_wconf 76' lang='lat' dir='ltr'><strong>t,</strong></span> 
     </span>
     <span class='ocr_line' id='line_1_14' title="bbox 361 2000 1533 2086; baseline -0.001 -18"><span class='ocrx_word' id='word_1_110' title='bbox 361 2002 393 2068; x_wconf 90' lang='lat' dir='ltr'><strong>d.</strong></span> <span class='ocrx_word' id='word_1_111' title='bbox 409 2003 459 2079; x_wconf 71' lang='lat'><strong>99,</strong></span> <span class='ocrx_word' id='word_1_112' title='bbox 476 2023 508 2086; x_wconf 89' lang='lat' dir='ltr'><strong>q.</strong></span> <span class='ocrx_word' id='word_1_113' title='bbox 526 2004 555 2077; x_wconf 86' lang='lat' dir='ltr'><strong>l,</strong></span> <span class='ocrx_word' id='word_1_114' title='bbox 573 2019 603 2066; x_wconf 94' lang='lat' dir='ltr'><strong>a.</strong></span> <span class='ocrx_word' id='word_1_115' title='bbox 621 2001 662 2083; x_wconf 86' lang='lat'><strong>3),</strong></span> <span class='ocrx_word' id='word_1_116' title='bbox 680 2019 759 2066; x_wconf 90' lang='lat' dir='ltr'><strong>nam</strong></span> <span class='ocrx_word' id='word_1_117' title='bbox 773 2000 852 2066; x_wconf 85' lang='lat' dir='ltr'><strong>licet</strong></span> <span class='ocrx_word' id='word_1_118' title='bbox 869 2019 941 2085; x_wconf 89' lang='lat' dir='ltr'><strong>cap.</strong></span> <span class='ocrx_word' id='word_1_119' title='bbox 966 2002 1026 2065; x_wconf 90' lang='lat' dir='ltr'><strong>ssn.</strong></span> <span class='ocrx_word' id='word_1_120' title='bbox 1042 2002 1076 2065; x_wconf 93' lang='lat' dir='ltr'><strong>h.</strong></span> <span class='ocrx_word' id='word_1_121' title='bbox 1095 2006 1118 2065; x_wconf 89' lang='lat' dir='ltr'><strong>t.</strong></span> <span class='ocrx_word' id='word_1_122' title='bbox 1135 2001 1342 2082; x_wconf 83' lang='lat' dir='ltr'><strong>generaliter</strong></span> <span class='ocrx_word' id='word_1_123' title='bbox 1364 2000 1533 2086; x_wconf 91' lang='lat' dir='ltr'><strong>loquatur,</strong></span> 
     </span>
     <span class='ocr_line' id='line_1_15' title="bbox 360 2107 1534 2194; baseline -0.002 -18"><span class='ocrx_word' id='word_1_124' title='bbox 360 2116 476 2176; x_wconf 88' lang='lat' dir='ltr'><strong>tamen</strong></span> <span class='ocrx_word' id='word_1_125' title='bbox 490 2110 640 2193; x_wconf 86' lang='lat' dir='ltr'><strong>pressius</strong></span> <span class='ocrx_word' id='word_1_126' title='bbox 656 2113 709 2173; x_wconf 89' lang='lat' dir='ltr'><strong>est</strong></span> <span class='ocrx_word' id='word_1_127' title='bbox 721 2107 982 2190; x_wconf 79' lang='lat' dir='ltr'><strong>intelligendum</strong></span> <span class='ocrx_word' id='word_1_128' title='bbox 1001 2107 1042 2172; x_wconf 90' lang='lat' dir='ltr'><strong>de</strong></span> <span class='ocrx_word' id='word_1_129' title='bbox 1057 2107 1114 2174; x_wconf 91' lang='lat' dir='ltr'><strong>illa</strong></span> <span class='ocrx_word' id='word_1_130' title='bbox 1134 2108 1329 2174; x_wconf 89' lang='lat' dir='ltr'><strong>conditione</strong></span> <span class='ocrx_word' id='word_1_131' title='bbox 1351 2109 1440 2192; x_wconf 89' lang='lat' dir='ltr'><strong>turpi</strong></span> <span class='ocrx_word' id='word_1_132' title='bbox 1457 2123 1534 2194; x_wconf 83' lang='lat' dir='ltr'><strong>quae</strong></span> 
     </span>
     <span class='ocr_line' id='line_1_16' title="bbox 359 2217 1534 2304; baseline -0.001 -20"><span class='ocrx_word' id='word_1_133' title='bbox 359 2219 494 2304; x_wconf 85' lang='lat' dir='ltr'><strong>propria</strong></span> <span class='ocrx_word' id='word_1_134' title='bbox 519 2223 572 2284; x_wconf 91' lang='lat' dir='ltr'><strong>est</strong></span> <span class='ocrx_word' id='word_1_135' title='bbox 594 2219 742 2285; x_wconf 90' lang='lat' dir='ltr'><strong>conditio</strong></span> <span class='ocrx_word' id='word_1_136' title='bbox 762 2224 797 2284; x_wconf 88' lang='lat' dir='ltr'><strong>et</strong></span> <span class='ocrx_word' id='word_1_137' title='bbox 819 2219 943 2284; x_wconf 90' lang='lat' dir='ltr'><strong>invitat</strong></span> <span class='ocrx_word' id='word_1_138' title='bbox 963 2217 1006 2284; x_wconf 91' lang='lat' dir='ltr'><strong>ad</strong></span> <span class='ocrx_word' id='word_1_139' title='bbox 1027 2223 1215 2301; x_wconf 91' lang='lat' dir='ltr'><strong>peccatum,</strong></span> <span class='ocrx_word' id='word_1_140' title='bbox 1240 2218 1290 2282; x_wconf 92' lang='lat' dir='ltr'><strong>uti</strong></span> <span class='ocrx_word' id='word_1_141' title='bbox 1311 2225 1363 2282; x_wconf 90' lang='lat' dir='ltr'><strong>est</strong></span> <span class='ocrx_word' id='word_1_142' title='bbox 1385 2217 1534 2283; x_wconf 88' lang='lat' dir='ltr'><strong>conditio</strong></span> 
     </span>
     <span class='ocr_line' id='line_1_17' title="bbox 360 2319 1620 2412; baseline -0.001 -20"><span class='ocrx_word' id='word_1_143' title='bbox 360 2328 467 2412; x_wconf 87' lang='lat' dir='ltr'><strong>turpis</strong></span> <span class='ocrx_word' id='word_1_144' title='bbox 483 2325 524 2392; x_wconf 90' lang='lat' dir='ltr'><strong>de</strong></span> <span class='ocrx_word' id='word_1_145' title='bbox 538 2328 670 2403; x_wconf 87' lang='lat' dir='ltr'><strong>luturo;</strong></span> <span class='ocrx_word' id='word_1_146' title='bbox 686 2325 747 2392; x_wconf 88' lang='lat' dir='ltr'><strong>scd</strong></span> <span class='ocrx_word' id='word_1_147' title='bbox 760 2325 909 2391; x_wconf 91' lang='lat' dir='ltr'><strong>conditio</strong></span> <span class='ocrx_word' id='word_1_148' title='bbox 924 2326 1031 2410; x_wconf 87' lang='lat' dir='ltr'><strong>turpis</strong></span> <span class='ocrx_word' id='word_1_149' title='bbox 1047 2325 1089 2390; x_wconf 90' lang='lat' dir='ltr'><strong>de</strong></span> <span class='ocrx_word' id='word_1_150' title='bbox 1104 2327 1275 2409; x_wconf 85' lang='lat' dir='ltr'><strong>praeterito</strong></span> <span class='ocrx_word' id='word_1_151' title='bbox 1296 2344 1359 2390; x_wconf 92' lang='lat' dir='ltr'><strong>nec</strong></span> <span class='ocrx_word' id='word_1_152' title='bbox 1382 2329 1435 2390; x_wconf 87' lang='lat' dir='ltr'><strong>est</strong></span> <span class='ocrx_word' id='word_1_153' title='bbox 1457 2344 1534 2409; x_wconf 88' lang='lat' dir='ltr'><strong>pro·</strong></span> <span class='ocrx_word' id='word_1_154' title='bbox 1611 2319 1620 2342; x_wconf 78' lang='lat'>⁸</span> 
     </span>
     <span class='ocr_line' id='line_1_18' title="bbox 316 2426 1534 2518; baseline -0.002 -18"><span class='ocrx_word' id='word_1_155' title='bbox 316 2426 320 2435; x_wconf 83' lang='grc'>’</span> <span class='ocrx_word' id='word_1_156' title='bbox 359 2436 430 2518; x_wconf 88' lang='lat' dir='ltr'><strong>prie</strong></span> <span class='ocrx_word' id='word_1_157' title='bbox 450 2435 610 2512; x_wconf 89' lang='lat' dir='ltr'><strong>conditio,</strong></span> <span class='ocrx_word' id='word_1_158' title='bbox 633 2453 697 2500; x_wconf 88' lang='lat' dir='ltr'><strong>nec</strong></span> <span class='ocrx_word' id='word_1_159' title='bbox 716 2435 839 2499; x_wconf 89' lang='lat' dir='ltr'><strong>invitat</strong></span> <span class='ocrx_word' id='word_1_160' title='bbox 856 2435 900 2499; x_wconf 86' lang='lat' dir='ltr'><strong>ad</strong></span> <span class='ocrx_word' id='word_1_161' title='bbox 921 2438 1110 2517; x_wconf 89' lang='lat' dir='ltr'><strong>peccatum,</strong></span> <span class='ocrx_word' id='word_1_162' title='bbox 1132 2434 1193 2498; x_wconf 90' lang='lat' dir='ltr'><strong>sed</strong></span> <span class='ocrx_word' id='word_1_163' title='bbox 1212 2435 1351 2518; x_wconf 86' lang='lat' dir='ltr'><strong>praecise</strong></span> <span class='ocrx_word' id='word_1_164' title='bbox 1373 2435 1534 2517; x_wconf 91' lang='lat' dir='ltr'><strong>importat</strong></span> 
     </span>
     <span class='ocr_line' id='line_1_19' title="bbox 357 2537 1533 2623; baseline -0.001 -16"><span class='ocrx_word' id='word_1_165' title='bbox 357 2543 496 2619; x_wconf 86' lang='lat' dir='ltr'><strong>iactum,</strong></span> <span class='ocrx_word' id='word_1_166' title='bbox 509 2543 563 2607; x_wconf 91' lang='lat' dir='ltr'><strong>cui</strong></span> <span class='ocrx_word' id='word_1_167' title='bbox 578 2542 782 2608; x_wconf 85' lang='lat' dir='ltr'><strong>contrahens</strong></span> <span class='ocrx_word' id='word_1_168' title='bbox 804 2559 902 2606; x_wconf 87' lang='lat' dir='ltr'><strong>suam</strong></span> <span class='ocrx_word' id='word_1_169' title='bbox 915 2541 1143 2606; x_wconf 89' lang='lat' dir='ltr'><strong>intentionem</strong></span> <span class='ocrx_word' id='word_1_170' title='bbox 1167 2537 1300 2623; x_wconf 73' lang='lat' dir='ltr'><strong>alligat,</strong></span> <span class='ocrx_word' id='word_1_171' title='bbox 1328 2559 1421 2622; x_wconf 82' lang='lat' dir='ltr'><strong>ergo.</strong></span> <span class='ocrx_word' id='word_1_172' title='bbox 1439 2541 1533 2607; x_wconf 87' lang='lat' dir='ltr'><strong>Unde</strong></span> 
     </span>
     <span class='ocr_line' id='line_1_20' title="bbox 357 2631 1534 2733; baseline 0 -19"><span class='ocrx_word' id='word_1_173' title='bbox 357 2650 412 2716; x_wconf 89' lang='lat' dir='ltr'><strong>hic</strong></span> <span class='ocrx_word' id='word_1_174' title='bbox 426 2655 618 2716; x_wconf 83' lang='lat' dir='ltr'><strong>contractus</strong></span> <span class='ocrx_word' id='word_1_175' title='bbox 636 2669 643 2712; x_wconf 92' lang='lat'>:</span> <span class='ocrx_word' id='word_1_176' title='bbox 660 2675 676 2708; x_wconf 75' lang='grc' dir='ltr'>α</span> <span class='ocrx_word' id='word_1_177' title='bbox 693 2649 785 2714; x_wconf 87' lang='lat' dir='ltr'><strong>Duco</strong></span> <span class='ocrx_word' id='word_1_178' title='bbox 800 2653 845 2726; x_wconf 88' lang='lat' dir='ltr'><strong>te,</strong></span> <span class='ocrx_word' id='word_1_179' title='bbox 860 2649 888 2713; x_wconf 91' lang='lat' dir='ltr'><strong>si</strong></span> <span class='ocrx_word' id='word_1_180' title='bbox 903 2656 1035 2733; x_wconf 88' lang='lat' dir='ltr'><strong>patrem</strong></span> <span class='ocrx_word' id='word_1_181' title='bbox 1050 2655 1149 2714; x_wconf 89' lang='lat' dir='ltr'><strong>tuum</strong></span> <span class='ocrx_word' id='word_1_182' title='bbox 1162 2631 1324 2725; x_wconf 88' lang='lat' dir='ltr'><strong>occidisti,</strong></span> <span class='ocrx_word' id='word_1_183' title='bbox 1342 2649 1370 2712; x_wconf 90' lang='lat' dir='ltr'><strong>si</strong></span> <span class='ocrx_word' id='word_1_184' title='bbox 1388 2650 1534 2733; x_wconf 85' lang='lat' dir='ltr'><strong>superba</strong></span> 
     </span>
     <span class='ocr_line' id='line_1_21' title="bbox 358 2756 1530 2835; baseline -0.001 -12"><span class='ocrx_word' id='word_1_185' title='bbox 358 2773 405 2834; x_wconf 89' lang='lat' dir='ltr'><strong>es,</strong></span> <span class='ocrx_word' id='word_1_186' title='bbox 423 2783 439 2817; x_wconf 87' lang='lat'>»</span> <span class='ocrx_word' id='word_1_187' title='bbox 454 2757 555 2835; x_wconf 87' lang='lat' dir='ltr'><strong>valet,</strong></span> <span class='ocrx_word' id='word_1_188' title='bbox 570 2776 652 2823; x_wconf 89' lang='lat' dir='ltr'><strong>vera</strong></span> <span class='ocrx_word' id='word_1_189' title='bbox 674 2757 841 2822; x_wconf 85' lang='lat' dir='ltr'><strong>existente</strong></span> <span class='ocrx_word' id='word_1_190' title='bbox 865 2756 1080 2833; x_wconf 87' lang='lat' dir='ltr'><strong>conditione;</strong></span> <span class='ocrx_word' id='word_1_191' title='bbox 1097 2775 1139 2822; x_wconf 87' lang='lat' dir='ltr'><strong>ea</strong></span> <span class='ocrx_word' id='word_1_192' title='bbox 1162 2775 1243 2823; x_wconf 86' lang='lat' dir='ltr'><strong>vero</strong></span> <span class='ocrx_word' id='word_1_193' title='bbox 1266 2775 1335 2822; x_wconf 93' lang='lat' dir='ltr'><strong>non</strong></span> <span class='ocrx_word' id='word_1_194' title='bbox 1349 2759 1530 2833; x_wconf 84' lang='lat' dir='ltr'><strong>existente,</strong></span> 
     </span>
     <span class='ocr_line' id='line_1_22' title="bbox 358 2865 542 2933; baseline -0.005 -4"><span class='ocrx_word' id='word_1_195' title='bbox 358 2884 428 2933; x_wconf 90' lang='lat' dir='ltr'><strong>non</strong></span> <span class='ocrx_word' id='word_1_196' title='bbox 442 2865 542 2932; x_wconf 89' lang='lat' dir='ltr'><strong>valet.</strong></span> 
     </span>
    </p>
   </div>
   <div class='ocr_carea' id='block_1_3' title="bbox 355 3003 1532 3348">
    <p class='ocr_par' dir='ltr' id='par_1_4' title="bbox 355 3003 1532 3348">
     <span class='ocr_line' id='line_1_23' title="bbox 392 3003 1530 3078; baseline 0 -16"><span class='ocrx_word' id='word_1_197' title='bbox 392 3005 480 3063; x_wconf 82' lang='lat' dir='ltr'><strong>liices</strong></span> <span class='ocrx_word' id='word_1_198' title='bbox 496 3023 503 3062; x_wconf 77' lang='grc' dir='ltr'><strong>ε</strong></span> <span class='ocrx_word' id='word_1_199' title='bbox 520 3003 656 3063; x_wconf 81' lang='lat' dir='ltr'><strong>conditio</strong></span> <span class='ocrx_word' id='word_1_200' title='bbox 671 3003 868 3076; x_wconf 87' lang='lat' dir='ltr'><strong>impossibilis</strong></span> <span class='ocrx_word' id='word_1_201' title='bbox 887 3003 924 3062; x_wconf 87' lang='lat' dir='ltr'><strong>de</strong></span> <span class='ocrx_word' id='word_1_202' title='bbox 942 3004 1089 3076; x_wconf 84' lang='lat' dir='ltr'><strong>praeterito</strong></span> <span class='ocrx_word' id='word_1_203' title='bbox 1109 3005 1236 3068; x_wconf 82' lang='lat' dir='ltr'><strong>habetur</strong></span> <span class='ocrx_word' id='word_1_204' title='bbox 1251 3019 1304 3078; x_wconf 90' lang='lat' dir='ltr'><strong>pro</strong></span> <span class='ocrx_word' id='word_1_205' title='bbox 1325 3019 1385 3062; x_wconf 94' lang='lat' dir='ltr'><strong>non</strong></span> <span class='ocrx_word' id='word_1_206' title='bbox 1405 3003 1530 3076; x_wconf 84' lang='lat' dir='ltr'><strong>adjecta,</strong></span> 
     </span>
     <span class='ocr_line' id='line_1_24' title="bbox 356 3093 1532 3170; baseline -0.003 -16"><span class='ocrx_word' id='word_1_207' title='bbox 356 3109 429 3170; x_wconf 82' lang='lat' dir='ltr'><strong>ergo</strong></span> <span class='ocrx_word' id='word_1_208' title='bbox 442 3101 473 3154; x_wconf 90' lang='lat' dir='ltr'><strong>et</strong></span> <span class='ocrx_word' id='word_1_209' title='bbox 485 3095 582 3168; x_wconf 85' lang='lat' dir='ltr'><strong>turpis</strong></span> <span class='ocrx_word' id='word_1_210' title='bbox 594 3094 797 3168; x_wconf 84' lang='lat' dir='ltr'><strong>depraeterito.</strong></span> <span class='ocrx_word' id='word_1_211' title='bbox 814 3098 901 3166; x_wconf 83' lang='lat' dir='ltr'><strong>Resp.</strong></span> <span class='ocrx_word' id='word_1_212' title='bbox 913 3097 984 3168; x_wconf 80' lang='lat' dir='ltr'><strong>Neg.</strong></span> <span class='ocrx_word' id='word_1_213' title='bbox 1001 3109 1098 3165; x_wconf 88' lang='lat' dir='ltr'><strong>cons.;</strong></span> <span class='ocrx_word' id='word_1_214' title='bbox 1112 3109 1181 3154; x_wconf 89' lang='lat' dir='ltr'><strong>nam</strong></span> <span class='ocrx_word' id='word_1_215' title='bbox 1193 3093 1388 3166; x_wconf 88' lang='lat' dir='ltr'><strong>impossibilis</strong></span> <span class='ocrx_word' id='word_1_216' title='bbox 1398 3093 1532 3166; x_wconf 83' lang='lat' dir='ltr'><strong>rejicitur</strong></span> 
     </span>
     <span class='ocr_line' id='line_1_25' title="bbox 356 3183 1531 3258; baseline -0.002 -16"><span class='ocrx_word' id='word_1_217' title='bbox 356 3199 393 3243; x_wconf 85' lang='lat' dir='ltr'><strong>ex</strong></span> <span class='ocrx_word' id='word_1_218' title='bbox 408 3184 473 3242; x_wconf 87' lang='lat' dir='ltr'><strong>solo</strong></span> <span class='ocrx_word' id='word_1_219' title='bbox 486 3199 580 3243; x_wconf 86' lang='lat' dir='ltr'><strong>causa</strong></span> <span class='ocrx_word' id='word_1_220' title='bbox 600 3183 869 3256; x_wconf 81' lang='lat' dir='ltr'><strong>impossibilitatis3</strong></span> <span class='ocrx_word' id='word_1_221' title='bbox 885 3184 982 3258; x_wconf 89' lang='lat' dir='ltr'><strong>turpis</strong></span> <span class='ocrx_word' id='word_1_222' title='bbox 997 3199 1067 3242; x_wconf 83' lang='lat' dir='ltr'><strong>vero</strong></span> <span class='ocrx_word' id='word_1_223' title='bbox 1081 3200 1118 3243; x_wconf 83' lang='lat' dir='ltr'><strong>er</strong></span> <span class='ocrx_word' id='word_1_224' title='bbox 1139 3199 1190 3254; x_wconf 91' lang='lat' dir='ltr'><strong>eo,</strong></span> <span class='ocrx_word' id='word_1_225' title='bbox 1204 3184 1275 3256; x_wconf 89' lang='lat' dir='ltr'><strong>quia</strong></span> <span class='ocrx_word' id='word_1_226' title='bbox 1292 3183 1398 3240; x_wconf 87' lang='lat' dir='ltr'><strong>invitat</strong></span> <span class='ocrx_word' id='word_1_227' title='bbox 1412 3183 1448 3242; x_wconf 87' lang='lat' dir='ltr'><strong>ad</strong></span> <span class='ocrx_word' id='word_1_228' title='bbox 1463 3198 1531 3256; x_wconf 90' lang='lat' dir='ltr'><strong>pec·</strong></span> 
     </span>
     <span class='ocr_line' id='line_1_26' title="bbox 355 3271 1408 3348; baseline -0.001 -18"><span class='ocrx_word' id='word_1_229' title='bbox 355 3279 471 3344; x_wconf 85' lang='lat' dir='ltr'><strong>catum;</strong></span> <span class='ocrx_word' id='word_1_230' title='bbox 487 3288 554 3348; x_wconf 75' lang='lat' dir='ltr'><strong>quac</strong></span> <span class='ocrx_word' id='word_1_231' title='bbox 568 3287 662 3332; x_wconf 86' lang='lat' dir='ltr'><strong>eausa</strong></span> <span class='ocrx_word' id='word_1_232' title='bbox 676 3273 823 3345; x_wconf 87' lang='lat' dir='ltr'><strong>reperitur</strong></span> <span class='ocrx_word' id='word_1_233' title='bbox 838 3273 867 3330; x_wconf 94' lang='lat' dir='ltr'><strong>in</strong></span> <span class='ocrx_word' id='word_1_234' title='bbox 887 3273 953 3331; x_wconf 87' lang='lat' dir='ltr'><strong>sola</strong></span> <span class='ocrx_word' id='word_1_235' title='bbox 966 3271 1138 3331; x_wconf 87' lang='lat' dir='ltr'><strong>conditione</strong></span> <span class='ocrx_word' id='word_1_236' title='bbox 1149 3273 1228 3345; x_wconf 83' lang='lat' dir='ltr'><strong>turpi</strong></span> <span class='ocrx_word' id='word_1_237' title='bbox 1248 3271 1284 3330; x_wconf 90' lang='lat' dir='ltr'><strong>de</strong></span> <span class='ocrx_word' id='word_1_238' title='bbox 1296 3273 1408 3330; x_wconf 84' lang='lat' dir='ltr'><strong>futuro.</strong></span> 
     </span>
    </p>
   </div>
   <div class='ocr_carea' id='block_1_4' title="bbox 323 3425 1587 4481">
    <p class='ocr_par' dir='ltr' id='par_1_5' title="bbox 323 3425 1587 4481">
     <span class='ocr_line' id='line_1_27' title="bbox 395 3425 1530 3510; baseline -0.001 -19"><span class='ocrx_word' id='word_1_239' title='bbox 395 3427 495 3510; x_wconf 84' lang='lat' dir='ltr'><strong>Resp.</strong></span> <span class='ocrx_word' id='word_1_240' title='bbox 510 3427 540 3490; x_wconf 88' lang='lat'><strong>3.</strong></span> <span class='ocrx_word' id='word_1_241' title='bbox 555 3429 587 3492; x_wconf 80' lang='lat' dir='ltr'><strong>l·</strong></span> <span class='ocrx_word' id='word_1_242' title='bbox 598 3427 675 3491; x_wconf 83' lang='lat' dir='ltr'><strong>llaec</strong></span> <span class='ocrx_word' id='word_1_243' title='bbox 689 3425 848 3502; x_wconf 88' lang='lat' dir='ltr'><strong>conditio,</strong></span> <span class='ocrx_word' id='word_1_244' title='bbox 860 3449 875 3488; x_wconf 80' lang='lat' dir='ltr'><strong>a</strong></span> <span class='ocrx_word' id='word_1_245' title='bbox 886 3426 978 3492; x_wconf 86' lang='lat' dir='ltr'><strong>Duco</strong></span> <span class='ocrx_word' id='word_1_246' title='bbox 990 3432 1033 3504; x_wconf 90' lang='lat' dir='ltr'><strong>te,</strong></span> <span class='ocrx_word' id='word_1_247' title='bbox 1044 3427 1214 3491; x_wconf 88' lang='lat' dir='ltr'><strong>sidederis</strong></span> <span class='ocrx_word' id='word_1_248' title='bbox 1226 3431 1374 3502; x_wconf 87' lang='lat' dir='ltr'><strong>centum,</strong></span> <span class='ocrx_word' id='word_1_249' title='bbox 1387 3427 1530 3508; x_wconf 87' lang='lat' dir='ltr'><strong>»injure</strong></span> 
     </span>
     <span class='ocr_line' id='line_1_28' title="bbox 355 3533 1527 3619; baseline -0.002 -21"><span class='ocrx_word' id='word_1_250' title='bbox 355 3539 533 3619; x_wconf 88' lang='lat' dir='ltr'><strong>reputatur</strong></span> <span class='ocrx_word' id='word_1_251' title='bbox 543 3535 651 3617; x_wconf 90' lang='lat' dir='ltr'><strong>turpis</strong></span> <span class='ocrx_word' id='word_1_252' title='bbox 660 3538 695 3598; x_wconf 91' lang='lat' dir='ltr'><strong>et</strong></span> <span class='ocrx_word' id='word_1_253' title='bbox 704 3551 820 3598; x_wconf 88' lang='lat' dir='ltr'><strong>amore</strong></span> <span class='ocrx_word' id='word_1_254' title='bbox 831 3533 979 3598; x_wconf 89' lang='lat' dir='ltr'><strong>libidinis</strong></span> <span class='ocrx_word' id='word_1_255' title='bbox 990 3535 1077 3599; x_wconf 82' lang='lat' dir='ltr'><strong>iacta</strong></span> <span class='ocrx_word' id='word_1_256' title='bbox 1086 3533 1118 3616; x_wconf 71' lang='lat' dir='ltr'><strong>(l.</strong></span> <span class='ocrx_word' id='word_1_257' title='bbox 1127 3533 1244 3610; x_wconf 87' lang='lat' dir='ltr'><strong>CXVII,</strong></span> <span class='ocrx_word' id='word_1_258' title='bbox 1256 3534 1310 3612; x_wconf 65' lang='lat' dir='ltr'><strong>§Q</strong></span> <span class='ocrx_word' id='word_1_259' title='bbox 1324 3534 1360 3596; x_wconf 85' lang='lat' dir='ltr'><strong>ll.</strong></span> <span class='ocrx_word' id='word_1_260' title='bbox 1370 3533 1412 3598; x_wconf 85' lang='lat' dir='ltr'><strong>de</strong></span> <span class='ocrx_word' id='word_1_261' title='bbox 1428 3533 1462 3598; x_wconf 90' lang='lat' dir='ltr'><strong>V.</strong></span> <span class='ocrx_word' id='word_1_262' title='bbox 1476 3533 1527 3608; x_wconf 88' lang='grc'><strong>0.,</strong></span> 
     </span>
     <span class='ocr_line' id='line_1_29' title="bbox 354 3639 1530 3726; baseline -0.002 -20"><span class='ocrx_word' id='word_1_263' title='bbox 354 3641 377 3706; x_wconf 88' lang='lat' dir='ltr'><strong>l.</strong></span> <span class='ocrx_word' id='word_1_264' title='bbox 395 3642 433 3721; x_wconf 92' lang='lat' dir='ltr'><strong>ll,</strong></span> <span class='ocrx_word' id='word_1_265' title='bbox 449 3643 485 3706; x_wconf 88' lang='lat' dir='ltr'><strong>ll.</strong></span> <span class='ocrx_word' id='word_1_266' title='bbox 496 3643 537 3706; x_wconf 82' lang='lat' dir='ltr'><strong>de</strong></span> <span class='ocrx_word' id='word_1_267' title='bbox 549 3641 672 3706; x_wconf 83' lang='lat' dir='ltr'><strong>Donat.</strong></span> <span class='ocrx_word' id='word_1_268' title='bbox 684 3642 770 3704; x_wconf 83' lang='lat' dir='ltr'><strong>inter</strong></span> <span class='ocrx_word' id='word_1_269' title='bbox 785 3640 820 3707; x_wconf 91' lang='lat' dir='ltr'><strong>V.</strong></span> <span class='ocrx_word' id='word_1_270' title='bbox 831 3649 864 3704; x_wconf 89' lang='lat' dir='ltr'><strong>et</strong></span> <span class='ocrx_word' id='word_1_271' title='bbox 879 3641 941 3724; x_wconf 71' lang='grc'><strong>0.).</strong></span> <span class='ocrx_word' id='word_1_272' title='bbox 958 3639 1165 3726; x_wconf 84' lang='lat' dir='ltr'><strong>Excipe,nisi</strong></span> <span class='ocrx_word' id='word_1_273' title='bbox 1179 3641 1312 3724; x_wconf 88' lang='lat' dir='ltr'><strong>adjecta</strong></span> <span class='ocrx_word' id='word_1_274' title='bbox 1323 3642 1366 3704; x_wconf 90' lang='lat' dir='ltr'><strong>sit</strong></span> <span class='ocrx_word' id='word_1_275' title='bbox 1382 3658 1424 3703; x_wconf 85' lang='lat' dir='ltr'><strong>ex</strong></span> <span class='ocrx_word' id='word_1_276' title='bbox 1436 3641 1530 3722; x_wconf 89' lang='lat' dir='ltr'><strong>justa</strong></span> 
     </span>
     <span class='ocr_line' id='line_1_30' title="bbox 354 3737 1587 3838; baseline -0.002 -23"><span class='ocrx_word' id='word_1_277' title='bbox 354 3768 467 3826; x_wconf 88' lang='lat' dir='ltr'><strong>causa,</strong></span> <span class='ocrx_word' id='word_1_278' title='bbox 486 3769 519 3814; x_wconf 90' lang='lat' dir='ltr'><strong>v.</strong></span> <span class='ocrx_word' id='word_1_279' title='bbox 540 3769 574 3831; x_wconf 80' lang='lat' dir='ltr'><strong>g.</strong></span> <span class='ocrx_word' id='word_1_280' title='bbox 591 3748 627 3814; x_wconf 92' lang='lat' dir='ltr'><strong>in</strong></span> <span class='ocrx_word' id='word_1_281' title='bbox 641 3749 955 3832; x_wconf 87' lang='lat' dir='ltr'><strong>compensationem</strong></span> <span class='ocrx_word' id='word_1_282' title='bbox 971 3749 1069 3827; x_wconf 86' lang='lat' dir='ltr'><strong>dotis,</strong></span> <span class='ocrx_word' id='word_1_283' title='bbox 1086 3748 1281 3824; x_wconf 87' lang='lat' dir='ltr'><strong>nobilitatis,</strong></span> <span class='ocrx_word' id='word_1_284' title='bbox 1310 3753 1372 3838; x_wconf 82' lang='lat' dir='ltr'><strong>etc.</strong></span> <span class='ocrx_word' id='word_1_285' title='bbox 1396 3747 1429 3810; x_wconf 70' lang='lat'><strong>2⁰</strong></span> <span class='ocrx_word' id='word_1_286' title='bbox 1453 3748 1529 3812; x_wconf 75' lang='lat' dir='ltr'><strong>liaeo</strong></span> <span class='ocrx_word' id='word_1_287' title='bbox 1582 3737 1587 3746; x_wconf 75' lang='grc'>’</span> 
     </span>
     <span class='ocr_line' id='line_1_31' title="bbox 354 3840 1529 3938; baseline -0.005 -14"><span class='ocrx_word' id='word_1_288' title='bbox 354 3856 519 3932; x_wconf 85' lang='lat' dir='ltr'><strong>conditio,</strong></span> <span class='ocrx_word' id='word_1_289' title='bbox 540 3881 554 3916; x_wconf 77' lang='lat' dir='ltr'><strong>o</strong></span> <span class='ocrx_word' id='word_1_290' title='bbox 575 3857 604 3920; x_wconf 91' lang='lat' dir='ltr'><strong>si</strong></span> <span class='ocrx_word' id='word_1_291' title='bbox 622 3862 655 3921; x_wconf 88' lang='lat' dir='ltr'><strong>te</strong></span> <span class='ocrx_word' id='word_1_292' title='bbox 676 3856 845 3937; x_wconf 81' lang='lat' dir='ltr'><strong>virginem</strong></span> <span class='ocrx_word' id='word_1_293' title='bbox 858 3840 1035 3932; x_wconf 89' lang='lat' dir='ltr'><strong>invenero,</strong></span> <span class='ocrx_word' id='word_1_294' title='bbox 1055 3883 1070 3916; x_wconf 76' lang='lat' dir='ltr'><strong>a</strong></span> <span class='ocrx_word' id='word_1_295' title='bbox 1086 3858 1114 3920; x_wconf 86' lang='lat' dir='ltr'><strong>si</strong></span> <span class='ocrx_word' id='word_1_296' title='bbox 1132 3855 1341 3938; x_wconf 82' lang='lat' dir='ltr'><strong>intelligatur</strong></span> <span class='ocrx_word' id='word_1_297' title='bbox 1356 3854 1397 3919; x_wconf 93' lang='lat' dir='ltr'><strong>de</strong></span> <span class='ocrx_word' id='word_1_298' title='bbox 1414 3855 1529 3938; x_wconf 85' lang='lat' dir='ltr'><strong>explo-</strong></span> 
     </span>
     <span class='ocr_line' id='line_1_32' title="bbox 354 3947 1529 4048; baseline -0.005 -18"><span class='ocrx_word' id='word_1_299' title='bbox 354 3965 486 4031; x_wconf 91' lang='lat' dir='ltr'><strong>ratione</strong></span> <span class='ocrx_word' id='word_1_300' title='bbox 500 3963 685 4048; x_wconf 85' lang='lat' dir='ltr'><strong>illieitaper</strong></span> <span class='ocrx_word' id='word_1_301' title='bbox 694 3947 923 4040; x_wconf 84' lang='lat' dir='ltr'><strong>concubitum,</strong></span> <span class='ocrx_word' id='word_1_302' title='bbox 936 3964 1043 4048; x_wconf 88' lang='lat' dir='ltr'><strong>turpis</strong></span> <span class='ocrx_word' id='word_1_303' title='bbox 1055 3970 1117 4040; x_wconf 89' lang='lat' dir='ltr'><strong>est;</strong></span> <span class='ocrx_word' id='word_1_304' title='bbox 1132 3964 1278 4028; x_wconf 87' lang='lat' dir='ltr'><strong>honesta</strong></span> <span class='ocrx_word' id='word_1_305' title='bbox 1286 3981 1379 4038; x_wconf 85' lang='lat' dir='ltr'><strong>vero,</strong></span> <span class='ocrx_word' id='word_1_306' title='bbox 1396 3961 1529 4030; x_wconf 88' lang='lat' dir='ltr'><strong>siintel-</strong></span> 
     </span>
     <span class='ocr_line' id='line_1_33' title="bbox 353 4070 1529 4155; baseline -0.004 -17"><span class='ocrx_word' id='word_1_307' title='bbox 353 4073 479 4155; x_wconf 81' lang='lat' dir='ltr'><strong>ligatur</strong></span> <span class='ocrx_word' id='word_1_308' title='bbox 491 4071 533 4136; x_wconf 93' lang='lat' dir='ltr'><strong>de</strong></span> <span class='ocrx_word' id='word_1_309' title='bbox 549 4070 781 4155; x_wconf 86' lang='lat' dir='ltr'><strong>exploratione</strong></span> <span class='ocrx_word' id='word_1_310' title='bbox 789 4071 948 4155; x_wconf 89' lang='lat' dir='ltr'><strong>licitaper</strong></span> <span class='ocrx_word' id='word_1_311' title='bbox 956 4076 1130 4138; x_wconf 86' lang='lat' dir='ltr'><strong>matronas</strong></span> <span class='ocrx_word' id='word_1_312' title='bbox 1139 4072 1312 4136; x_wconf 88' lang='lat' dir='ltr'><strong>honestas.</strong></span> <span class='ocrx_word' id='word_1_313' title='bbox 1322 4071 1354 4134; x_wconf 78' lang='grc' dir='ltr'><strong>3ο</strong></span> <span class='ocrx_word' id='word_1_314' title='bbox 1365 4070 1441 4134; x_wconf 71' lang='lat' dir='ltr'><strong>llaec</strong></span> <span class='ocrx_word' id='word_1_315' title='bbox 1450 4087 1529 4134; x_wconf 85' lang='lat' dir='ltr'><strong>oon-</strong></span> 
     </span>
     <span class='ocr_line' id='line_1_34' title="bbox 354 4177 1528 4263; baseline -0.003 -17"><span class='ocrx_word' id='word_1_316' title='bbox 354 4181 446 4259; x_wconf 89' lang='lat' dir='ltr'><strong>ditio,</strong></span> <span class='ocrx_word' id='word_1_317' title='bbox 465 4205 481 4240; x_wconf 77' lang='lat' dir='ltr'><strong>s</strong></span> <span class='ocrx_word' id='word_1_318' title='bbox 499 4181 527 4244; x_wconf 91' lang='lat' dir='ltr'><strong>si</strong></span> <span class='ocrx_word' id='word_1_319' title='bbox 542 4179 692 4263; x_wconf 89' lang='lat' dir='ltr'><strong>corporis</strong></span> <span class='ocrx_word' id='word_1_320' title='bbox 704 4199 805 4245; x_wconf 90' lang='lat' dir='ltr'><strong>usum</strong></span> <span class='ocrx_word' id='word_1_321' title='bbox 818 4180 962 4256; x_wconf 90' lang='lat' dir='ltr'><strong>dederis,</strong></span> <span class='ocrx_word' id='word_1_322' title='bbox 981 4205 997 4238; x_wconf 88' lang='lat'>»</span> <span class='ocrx_word' id='word_1_323' title='bbox 1009 4178 1115 4245; x_wconf 87' lang='lat' dir='ltr'><strong>relata</strong></span> <span class='ocrx_word' id='word_1_324' title='bbox 1125 4179 1168 4244; x_wconf 94' lang='lat' dir='ltr'><strong>ad</strong></span> <span class='ocrx_word' id='word_1_325' title='bbox 1178 4177 1352 4261; x_wconf 84' lang='lat' dir='ltr'><strong>expletum</strong></span> <span class='ocrx_word' id='word_1_326' title='bbox 1367 4178 1528 4242; x_wconf 82' lang='lat' dir='ltr'><strong>bimestre</strong></span> 
     </span>
     <span class='ocr_line' id='line_1_35' title="bbox 323 4286 1527 4372; baseline -0.003 -19"><span class='ocrx_word' id='word_1_327' title='bbox 323 4289 570 4365; x_wconf 85' lang='lat' dir='ltr'><strong>matrimonii,</strong></span> <span class='ocrx_word' id='word_1_328' title='bbox 607 4286 768 4372; x_wconf 90' lang='lat' dir='ltr'><strong>relinquit</strong></span> <span class='ocrx_word' id='word_1_329' title='bbox 795 4287 1052 4353; x_wconf 89' lang='lat' dir='ltr'><strong>matrimonium</strong></span> <span class='ocrx_word' id='word_1_330' title='bbox 1075 4287 1289 4363; x_wconf 90' lang='lat' dir='ltr'><strong>ahsolutum,</strong></span> <span class='ocrx_word' id='word_1_331' title='bbox 1321 4287 1400 4370; x_wconf 92' lang='lat' dir='ltr'><strong>quia</strong></span> <span class='ocrx_word' id='word_1_332' title='bbox 1427 4287 1527 4350; x_wconf 88' lang='lat' dir='ltr'><strong>tacite</strong></span> 
     </span>
     <span class='ocr_line' id='line_1_36' title="bbox 352 4393 1527 4481; baseline -0.003 -21"><span class='ocrx_word' id='word_1_333' title='bbox 352 4397 442 4465; x_wconf 90' lang='lat' dir='ltr'><strong>inest</strong></span> <span class='ocrx_word' id='word_1_334' title='bbox 456 4400 499 4463; x_wconf 85' lang='lat' dir='ltr'><strong>ob</strong></span> <span class='ocrx_word' id='word_1_335' title='bbox 511 4401 569 4481; x_wconf 90' lang='lat' dir='ltr'><strong>jus</strong></span> <span class='ocrx_word' id='word_1_336' title='bbox 582 4395 736 4462; x_wconf 89' lang='lat' dir='ltr'><strong>maritale</strong></span> <span class='ocrx_word' id='word_1_337' title='bbox 751 4397 795 4461; x_wconf 91' lang='lat' dir='ltr'><strong>ad</strong></span> <span class='ocrx_word' id='word_1_338' title='bbox 809 4395 987 4480; x_wconf 90' lang='lat' dir='ltr'><strong>copulam;</strong></span> <span class='ocrx_word' id='word_1_339' title='bbox 1015 4394 1122 4460; x_wconf 84' lang='lat' dir='ltr'><strong>relata</strong></span> <span class='ocrx_word' id='word_1_340' title='bbox 1146 4412 1227 4459; x_wconf 86' lang='lat' dir='ltr'><strong>raro</strong></span> <span class='ocrx_word' id='word_1_341' title='bbox 1249 4394 1292 4458; x_wconf 90' lang='lat' dir='ltr'><strong>ad</strong></span> <span class='ocrx_word' id='word_1_342' title='bbox 1314 4393 1464 4477; x_wconf 89' lang='lat' dir='ltr'><strong>primum</strong></span> <span class='ocrx_word' id='word_1_343' title='bbox 1478 4395 1527 4457; x_wconf 87' lang='lat' dir='ltr'><strong>hi-</strong></span> 
     </span>
    </p>
   </div>
   <div class='ocr_carea' id='block_1_5' title="bbox 352 4567 1526 4716">
    <p class='ocr_par' dir='ltr' id='par_1_6' title="bbox 352 4567 1526 4716">
     <span class='ocr_line' id='line_1_37' title="bbox 384 4567 1526 4640; baseline -0.008 -14"><span class='ocrx_word' id='word_1_344' title='bbox 384 4575 418 4640; x_wconf 88' lang='lat' dir='ltr'><strong>(t)</strong></span> <span class='ocrx_word' id='word_1_345' title='bbox 433 4575 530 4626; x_wconf 77' lang='lat' dir='ltr'><strong>ductor</strong></span> <span class='ocrx_word' id='word_1_346' title='bbox 545 4575 634 4624; x_wconf 90' lang='lat' dir='ltr'><strong>denuo</strong></span> <span class='ocrx_word' id='word_1_347' title='bbox 650 4573 776 4638; x_wconf 85' lang='lat' dir='ltr'><strong>supponit</strong></span> <span class='ocrx_word' id='word_1_348' title='bbox 789 4575 915 4638; x_wconf 80' lang='lat' dir='ltr'><strong>tanquam</strong></span> <span class='ocrx_word' id='word_1_349' title='bbox 932 4573 1042 4632; x_wconf 85' lang='lat' dir='ltr'><strong>eertum,</strong></span> <span class='ocrx_word' id='word_1_350' title='bbox 1058 4573 1209 4620; x_wconf 85' lang='lat' dir='ltr'><strong>contractus</strong></span> <span class='ocrx_word' id='word_1_351' title='bbox 1222 4569 1272 4620; x_wconf 85' lang='lat' dir='ltr'><strong>sub</strong></span> <span class='ocrx_word' id='word_1_352' title='bbox 1284 4567 1438 4620; x_wconf 90' lang='lat' dir='ltr'><strong>conditione</strong></span> <span class='ocrx_word' id='word_1_353' title='bbox 1455 4567 1526 4632; x_wconf 86' lang='lat' dir='ltr'><strong>turpi</strong></span> 
     </span>
     <span class='ocr_line' id='line_1_38' title="bbox 352 4642 1526 4716; baseline -0.006 -14"><span class='ocrx_word' id='word_1_354' title='bbox 352 4652 432 4703; x_wconf 83' lang='lat' dir='ltr'><strong>initos</strong></span> <span class='ocrx_word' id='word_1_355' title='bbox 450 4663 507 4702; x_wconf 82' lang='lat' dir='ltr'><strong>essa</strong></span> <span class='ocrx_word' id='word_1_356' title='bbox 530 4650 591 4716; x_wconf 83' lang='lat' dir='ltr'><strong>jura</strong></span> <span class='ocrx_word' id='word_1_357' title='bbox 614 4653 717 4700; x_wconf 76' lang='lat' dir='ltr'><strong>naturai</strong></span> <span class='ocrx_word' id='word_1_358' title='bbox 734 4647 846 4699; x_wconf 75' lang='lat' dir='ltr'><strong>validos.</strong></span> <span class='ocrx_word' id='word_1_359' title='bbox 863 4647 1030 4698; x_wconf 85' lang='lat' dir='ltr'><strong>Contrarium</strong></span> <span class='ocrx_word' id='word_1_360' title='bbox 1050 4650 1141 4697; x_wconf 84' lang='lat' dir='ltr'><strong>tamon</strong></span> <span class='ocrx_word' id='word_1_361' title='bbox 1163 4646 1254 4696; x_wconf 75' lang='lat' dir='ltr'><strong>Amori</strong></span> <span class='ocrx_word' id='word_1_362' title='bbox 1273 4643 1301 4695; x_wconf 90' lang='lat' dir='ltr'><strong>in</strong></span> <span class='ocrx_word' id='word_1_363' title='bbox 1320 4642 1414 4704; x_wconf 75' lang='lat' dir='ltr'><strong>Theot,</strong></span> <span class='ocrx_word' id='word_1_364' title='bbox 1436 4647 1471 4694; x_wconf 92' lang='lat' dir='ltr'><strong>tr.</strong></span> <span class='ocrx_word' id='word_1_365' title='bbox 1494 4643 1526 4696; x_wconf 83' lang='lat' dir='ltr'><strong>de</strong></span> 
     </span>
    </p>
   </div>
   <div class='ocr_carea' id='block_1_6' title="bbox 353 4721 839 4792">
    <p class='ocr_par' dir='ltr' id='par_1_7' title="bbox 353 4721 839 4792">
     <span class='ocr_line' id='line_1_39' title="bbox 353 4721 839 4792; baseline -0.014 -12"><span class='ocrx_word' id='word_1_366' title='bbox 353 4721 493 4791; x_wconf 70' lang='lat' dir='ltr'><strong>Contucci,</strong></span> <span class='ocrx_word' id='word_1_367' title='bbox 510 4727 613 4792; x_wconf 85' lang='lat' dir='ltr'><strong>probat.</strong></span> <span class='ocrx_word' id='word_1_368' title='bbox 631 4724 704 4788; x_wconf 86' lang='lat' dir='ltr'><strong>(adit.</strong></span> <span class='ocrx_word' id='word_1_369' title='bbox 718 4723 839 4789; x_wconf 76' lang='lat' dir='ltr'><strong>dimid).</strong></span> 
     </span>
    </p>
   </div>
   <div class='ocr_carea' id='block_1_7' title="bbox 0 0 1758 5568">
    <p class='ocr_par' dir='ltr' id='par_1_8' title="bbox 0 0 1758 5568">
     <span class='ocr_line' id='line_1_40' title="bbox 0 0 1758 5568; baseline 0 5"><span class='ocrx_word' id='word_1_370' title='bbox 0 0 1758 5568; x_wconf 95' lang='lat' dir='ltr'><strong> </strong></span> 
     </span>
    </p>
   </div>
  </div>
 </body>
</html>
