3514 5564
362 555 421 620 166
820 571 870 620 rus
890 571 1068 619 00000001.

330 759 333 766 ,
362 690 520 757 restituta
538 693 591 755 est
603 688 831 756 matrimonio.
848 687 975 770 Collige
993 688 1026 752 2⁰
1047 705 1111 753 neo
1128 687 1273 770 judaeos,
1298 703 1362 752 nec
1386 685 1532 768 gentilos

363 799 464 866 bodie
492 817 593 884 posse
619 797 804 865 dissolvere
828 795 1056 874 matrimonia,
1084 797 1189 863 etiem
1211 795 1364 880 legitima
1385 799 1530 871 tantum,

362 927 432 974 000
449 912 701 984 consummem
724 907 803 993 quia
827 909 904 990 jure
931 906 1076 974 naturali
1094 905 1257 988 ligantur,
1274 905 1323 970 uti
1345 908 1380 970 et
1403 901 1530 980 divino,

364 1035 433 1103 000
449 1015 583 1084 libellus
597 1015 729 1101 repudii
741 1015 895 1083 sublatus
910 1021 972 1082 est.

396 1161 484 1222 Dices
499 1179 507 1218 t
529 1165 630 1220 Patres
645 1161 750 1220 dicunt
764 1159 988 1221 matrimonium
1002 1175 1071 1220 esso
1087 1157 1261 1230 insolubile,
1276 1157 1348 1232 quia
1363 1171 1532 1216 sacramen-

359 1260 424 1314 tum
445 1258 493 1312 ost
514 1269 551 1312 ex
569 1253 688 1327 tiphos,
708 1269 738 1324 v,
757 1257 787 1311 et
804 1267 869 1326 cap.
888 1256 917 1324 7,
935 1251 992 1312 boc
1010 1252 1069 1322 tit,
1095 1254 1125 1311 et
1144 1265 1211 1311 can.
1233 1255 1282 1320 15,
1307 1263 1376 1308 cnm
1397 1263 1462 1322 seq.
1484 1254 1532 1318 27,

359 1343 762 1419 quaestionantium,
779 1348 887 1417 quest.
906 1349 930 1414 t;
947 1357 1018 1418 ergo
1037 1341 1290 1402 indissolubilius
1308 1355 1369 1400 000
1390 1341 1534 1412 competit

359 1433 551 1494 matrimonio
565 1433 602 1492 ab
618 1433 791 1504 intrinseco,
802 1433 854 1492 sed
869 1433 906 1492 ab
921 1433 1090 1492 extrinseco
1102 1431 1219 1492 ratione
1235 1431 1424 1490 sacramenti.
1441 1435 1532 1504 ftcsp.

359 1529 569 1602 argumentum
584 1522 666 1582 istud
681 1522 772 1580 nimis
791 1521 928 1596 probare,
943 1523 1022 1596 quod
1043 1522 1157 1582 scilicet
1177 1521 1401 1580 matrimonium
1422 1526 1532 1592 ratum,

359 1615 439 1690 quod
454 1612 573 1687 proprie
588 1616 633 1671 cst
650 1615 886 1683 sacramentum,
902 1627 962 1671 non
982 1613 1166 1672 dissolvatur
1183 1627 1237 1686 per
1254 1611 1474 1685 professionem
1489 1627 1534 1669 rc-

359 1705 516 1780 ligiosam,
537 1703 613 1762 bene
627 1717 699 1760 vero
719 1706 978 1774 consummatum,
998 1703 1078 1776 qnod
1098 1703 1217 1784 proprie
1234 1707 1453 1761 sacramentum
1472 1717 1532 1760 non

359 1799 421 1867 est;
436 1791 506 1852 item
527 1792 607 1864 quod
622 1791 812 1850 matrimonia
825 1791 1002 1862 infidelium,
1018 1807 1087 1851 cum
1106 1807 1167 1850 non
1189 1791 1251 1850 sint
1265 1795 1468 1862 sacramenta,
1482 1805 1533 1850 va·

359 1883 419 1943 lide
432 1882 470 1942 ab
484 1883 546 1941 illis
561 1881 777 1952 dissolvantnm
789 1896 856 1955 000
869 1882 972 1940 omnia
985 1888 1058 1940 sunt
1070 1879 1156 1940 falso.
1169 1881 1251 1940 Unde
1264 1879 1455 1938 auctoritates
1467 1880 1533 1939 ista

360 1987 434 2032 sane
460 1976 533 2030 suot
556 1971 773 2045 intelligendae,
795 1971 874 2044 quod
902 1971 1018 2030 scilicet
1041 1969 1264 2030 matrimonium
1290 1976 1533 2030 consummatum

360 2059 592 2120 christianorum
610 2059 692 2117 nulla
706 2065 852 2132 potestate
863 2059 996 2118 bumana
1010 2059 1050 2117 sit
1065 2058 1203 2130 solubile,
1218 2059 1291 2132 quia
1307 2065 1353 2118 ast
1368 2073 1534 2118 sacramen-

360 2157 435 2222 tum,
450 2149 507 2208 boc
521 2153 568 2207 est
581 2149 768 2223 mysterium,
785 2163 839 2206 seu
854 2148 975 2222 signum
993 2149 1209 2222 speculativum
1225 2147 1403 2222 significans
1417 2147 1532 2206 insolu-

359 2239 449 2298 bilem
472 2241 615 2298 unionem
636 2238 722 2298 Verbi
738 2237 832 2296 divini
846 2251 914 2296 cum
929 2237 1062 2298 Ecclesia
1081 2251 1133 2312 per
1150 2253 1281 2308 carnem,
1294 2238 1323 2296 vi
1339 2237 1427 2310 cujus
1443 2237 1535 2312 signi-

360 2329 508 2388 ficationis
524 2329 598 2388 adeo
612 2327 787 2387 confirmata
800 2332 847 2386 est
861 2327 1115 2388 indissolubilitas
1132 2327 1278 2386 naturalis
1294 2327 1488 2398 matrimonii,
1502 2332 1535 2386 ut

359 2417 416 2478 boc
432 2419 516 2478 nulla
527 2419 659 2478 bumana
675 2418 851 2478 auctoritate
870 2418 997 2478 dissolvi
1013 2419 1135 2492 possit:
1156 2419 1236 2493 quod
1255 2434 1316 2478 uon
1332 2418 1422 2478 babet
1437 2419 1535 2478 metri-

281 2557 285 2572 .
360 2508 496 2568 monium
510 2514 619 2578 ratum,
635 2522 690 2567 nec
703 2513 956 2578 consummatum,
979 2509 1057 2582 apud
1081 2507 1227 2578 infideles
1253 2523 1322 2566 cum
1344 2507 1451 2566 borum
1472 2523 1533 2566 ma-

361 2598 502 2658 trimonia
521 2597 646 2658 dissolvi
670 2598 790 2672 possint
812 2598 843 2656 in
870 2598 921 2656 illo
941 2613 1015 2658 casu
1040 2614 1100 2672 quo
1127 2599 1180 2658 uni
1203 2613 1348 2658 converso
1370 2599 1407 2656 ad
1432 2599 1531 2668 fidem,

361 2685 435 2744 alter
454 2687 529 2746 citra
550 2687 761 2747 contumeliam
781 2687 928 2748 creatoris
949 2687 1118 2748 cohabitare
1137 2703 1198 2746 non
1213 2688 1287 2746 vult.
1307 2691 1349 2746 Ex
1362 2687 1411 2747 bis
1428 2693 1534 2748 caetera

362 2782 539 2851 argumenta
553 2776 629 2836 levia
641 2777 726 2836 facile
741 2777 938 2850 dissipantur.

399 2941 499 3024 Resp.
514 2941 545 3006 i.
559 2921 810 3005 Matrimonium
824 2944 938 3006 ratum
954 2942 1065 3027 quoad
1079 2940 1254 3008 vinculum
1269 2941 1466 3009 dissolvitur
1475 2964 1535 3028 per

360 3049 608 3132 professionem
636 3047 842 3130 religiosam,
859 3048 963 3134 idque
981 3052 1058 3133 jure
1086 3051 1214 3128 divino,
1240 3070 1301 3117 seu
1329 3070 1372 3116 ex
1397 3052 1534 3136 speciali

360 3157 538 3242 privilegio
551 3157 671 3222 Christi
687 3177 694 3220 :
711 3158 743 3219 l*
764 3175 842 3241 pars
858 3158 921 3221 sub
939 3158 1155 3223 anathemate
1170 3159 1310 3225 definita
1324 3165 1377 3226 est
1397 3161 1531 3236 aliid,

362 3285 445 3334 sess.
468 3269 519 3346 61,
546 3286 619 3334 can.
637 3267 656 3331 6
674 3286 681 3331 :
700 3292 715 3324 «
732 3265 857 3352 Siquis
882 3266 1005 3332 dixerit
1031 3269 1287 3334 matrimonium
1309 3275 1433 3349 ratum,
1463 3289 1534 3336 000

361 3381 649 3456 consummatum,
677 3396 739 3461 per
762 3376 953 3442 solemnem
980 3374 1155 3458 religionis
1183 3377 1433 3458 professionem
1455 3379 1534 3446 alte-

361 3485 432 3550 rins
445 3487 632 3568 coniugum
646 3503 716 3551 non
729 3485 1051 3570 dirimianathema
1066 3485 1119 3548 sit.
1137 3509 1152 3544 »
1169 3485 1263 3550 Idem
1290 3487 1437 3554 babetur
1456 3508 1485 3554 c.
1502 3491 1532 3567 1,

363 3593 412 3670 11,
428 3593 470 3658 de
486 3593 588 3658 Cone.
607 3596 754 3680 conjug,
772 3600 901 3660 extrav.
918 3613 977 3659 un.
989 3593 1109 3660 loann.
1126 3594 1223 3672 llllll,
1241 3597 1282 3662 de
1300 3595 1393 3672 Veto,
1410 3599 1468 3662 ubi
1483 3600 1535 3664 vis

362 3701 427 3766 ista
450 3701 647 3766 attribuitur
666 3703 872 3786 professioni
890 3701 1075 3784 religiosae;
1101 3707 1247 3784 negatur
1260 3721 1344 3768 vero
1370 3703 1425 3770 SS.
1449 3706 1535 3772 ordi-

362 3808 472 3874 nibus.
502 3810 534 3873 6·
563 3829 642 3894 pars
666 3817 719 3877 est
744 3813 876 3879 bomin.
895 3810 986 3888 soto,
1013 3811 1189 3888 Salmant,
1207 3811 1356 3878 Sancbez
1384 3813 1473 3896 (1.11,
1492 3815 1533 3880 de

361 3917 478 3999 Matr,
494 3919 579 4004 disp.
597 3921 645 3998 19,
663 3939 697 3985 n.
719 3921 760 4005 6),
784 3939 863 3987 cum
883 3922 938 3988 cit.
955 3927 1075 3988 contra
1090 3921 1271 4008 plerosque
1291 3923 1535 3990 trudonenses

362 4027 396 4092 id
422 4027 589 4094 11000010
619 4030 697 4112 jure
721 4028 959 4106 ecclesiastico,
990 4036 1024 4097 et
1050 4035 1170 4098 contra
1192 4031 1224 4096 S.
1252 4031 1392 4110 60000,
1417 4032 1532 4098 Palud.

363 4135 973 4206 010110010100600100011010100010
985 4142 1043 4223 jus
1058 4139 1223 4205 naturale.
1242 4140 1338 4206 Prob.
1356 4142 1387 4205 l⁰
1405 4140 1536 4207 Profes-

362 4245 412 4312 010
426 4244 586 4326 religiosa
596 4247 673 4329 jure
689 4247 834 4312 naturali
848 4264 918 4312 non
929 4247 1031 4312 solvit
1044 4246 1218 4313 vinculum
1232 4249 1440 4314 matrimonii
1454 4251 1534 4326 rati;

362 4355 525 4420 namhoc
544 4357 623 4438 jure
646 4355 904 4422 matrimonium
927 4361 1040 4422 ratum
1063 4362 1115 4422 eet
1134 4356 1325 4434 insolubile,
1341 4357 1411 4423 imo
1432 4358 1536 4443 impe·

363 4465 451 4531 diret
463 4465 616 4530 valorem
629 4465 849 4548 professionis
868 4487 875 4530 :
892 4465 1060 4552 siquidem
1074 4469 1177 4534 homo
1200 4485 1261 4550 per
1278 4467 1536 4533 matrimonium

361 4571 459 4637 uxori
488 4572 630 4637 traditus
652 4590 722 4638 non
742 4572 845 4638 habet
865 4577 1070 4656 potestatem
1094 4574 1248 4640 tradendi
1273 4594 1310 4640 se
1332 4574 1441 4650 alteri,
1457 4593 1537 4640 curn

363 4697 466 4746 nemo
480 4679 537 4746 dot
556 4680 647 4764 qnod
662 4699 732 4746 non
745 4680 859 4747 babet.
876 4682 909 4746 6ο
924 4683 1039 4767 Neque
1054 4683 1221 4766 professio
1237 4701 1333 4750 mero
1345 4684 1423 4766 jure
1435 4683 1537 4750 eccle·
