3500 5552
560 621 647 666 niara
668 622 795 675 ourrrus
816 623 1039 668 oscanmuuu.
1294 628 1298 638 ·
1334 604 1389 668 sol

224 746 367 824 utroque
389 739 462 804 foro
482 757 660 806 censuram
682 741 834 806 relaxare
855 743 973 825 possit.
991 741 1067 806 Haec
1082 726 1258 808 consessio
1278 762 1297 806 a
1313 743 1392 826 jure

222 850 310 914 facta
317 847 484 931 reperitur
496 866 657 932 expressa
670 851 706 913 in
719 867 747 914 o.
762 850 801 914 99
815 850 848 913 h.
864 853 887 913 t.
904 849 943 913 Et
957 851 1028 913 hac
1042 849 1210 915 absolutio
1221 849 1312 914 valet
1323 855 1393 915 tam

222 973 284 1038 pro
300 960 442 1020 externo
457 972 561 1040 quam
580 974 641 1039 pro
661 957 807 1033 interno,
824 975 901 1021 curn
924 957 1064 1021 citatum
1083 961 1183 1040 caput
1201 957 1314 1022 forum
1336 975 1394 1022 ex-

224 1068 359 1128 ternum
372 1063 539 1147 praecipue
555 1067 694 1146 spectet.

262 1171 288 1252 o)
312 1169 461 1235 Censura
475 1171 566 1252 juris
588 1179 760 1236 reservata
787 1189 857 1237 non
871 1176 983 1256 potest
1005 1171 1087 1246 tolli,
1104 1171 1169 1236 nisi
1184 1190 1205 1237 a
1218 1173 1391 1238 conditore

223 1277 487 1344 eanonisvelcui
500 1279 572 1362 ipse
583 1283 788 1362 potestatem
807 1280 899 1344 dedit
913 1281 952 1362 (c.
964 1279 1004 1344 29
1018 1280 1051 1343 h.
1068 1282 1118 1362 t).
1135 1281 1231 1346 ilatio
1243 1281 1393 1364 estquis

222 1387 361 1452 inferior
384 1385 502 1472 nequit
518 1385 669 1452 relaxare
690 1389 748 1470 jus
769 1388 963 1470 supa1ioris.
990 1387 1065 1452 lstse
1085 1405 1237 1453 censuras
1261 1389 1392 1454 ratione

223 1493 464 1559 reservationis
478 1499 558 1558 sunt
572 1493 712 1578 triplicis
726 1495 862 1576 generis
880 1515 887 1558 :
901 1495 975 1559 aliae
988 1499 1068 1560 sunt
1082 1495 1221 1579 speciali
1229 1497 1329 1560 modo
1343 1515 1394 1560 re-

86 1619 92 1630 ’
223 1605 377 1678 servatae,
386 1619 407 1668 a
417 1601 766 1687 quibusnemopotast
777 1603 963 1678 absolvere,
977 1588 1043 1668 nisi'
1055 1603 1216 1668 Summus
1227 1603 1393 1682 Pontifex,

223 1710 294 1774 sive
310 1727 408 1773 casus
423 1709 467 1772 sit
481 1708 632 1773 occultus
648 1709 719 1774 sive
735 1709 778 1773 sit
791 1708 946 1792 publicus
966 1729 973 1773 :
989 1711 1054 1775 hoc
1071 1729 1234 1794 expresse
1250 1710 1397 1776 declara·

222 1823 278 1881 tur
295 1817 332 1881 in
346 1820 454 1886 const.
471 1815 671 1902 Apostoifca·
689 1817 787 1884 Sedis
801 1817 849 1881 Pii
864 1817 917 1894 lll,
935 1824 970 1882 et
984 1823 1037 1883 est
1053 1818 1108 1882 lex
1123 1817 1264 1884 actualis
1279 1821 1395 1884 obser-

221 1925 342 2002 vanda,
355 1924 518 2009 quidquid
526 1925 569 2001 sit
579 1925 620 1991 da
630 1925 872 1990 controversiis
882 1925 971 2009 apud
980 1926 1187 1990 vateresllll.
1196 1927 1284 1991 circa
1293 1945 1392 1992 casus

222 2033 425 2099 occultoset
438 2033 605 2118 privilegii
625 2033 810 2100 Tridentini
829 2033 1075 2100 extensionem.
1092 2033 1174 2098 Aliae
1196 2039 1276 2100 sunt
1295 2054 1393 2117 pene-

221 2143 290 2206 rala'
301 2143 400 2206 modo
411 2147 604 2218 reservatae,
622 2147 655 2206 et
671 2146 751 2207 tunc
766 2160 809 2206 ex
824 2141 1003 2225 privilegio
1017 2142 1213 2207 Tridentino
1226 2142 1323 2224 (sess.
1338 2143 1389 2220 sl,

221 2267 292 2333 cap.
309 2250 338 2324 6,
356 2249 579 2332 dedissem),
594 2251 772 2334 episcopus
787 2249 915 2334 accepit
927 2254 1131 2334 potestatem
1146 2249 1344 2316 absolvendi
1357 2251 1392 2314 in

221 2359 354 2423 casibus
376 2357 526 2422 occultis.
542 2357 692 2424 Tandem
716 2358 855 2422 tertium
874 2377 984 2440 genus
1005 2357 1161 2423 consistit
1179 2359 1214 2422 in
1239 2358 1392 2423 censuris

224 2468 394 2532 ordinario
410 2467 602 2532 reservatis.
619 2466 736 2552 ltaque
751 2467 787 2530 in
807 2467 929 2550 specie,

261 2577 291 2642 i⁰
303 2575 486 2660 Episcopus
499 2575 619 2658 nequit
634 2574 810 2638 absolvere
826 2593 845 2637 a
860 2574 993 2639 casibus
1007 2574 1142 2660 speciali
1157 2573 1260 2640 modo
1284 2592 1393 2641 reser-

221 2685 319 2762 vatis,
336 2683 467 2748 etiamsi
480 2679 527 2747 illi
542 2699 641 2747 ossus
657 2685 737 2746 suut
751 2680 883 2760 occulti,
901 2687 938 2745 ut
952 2687 1047 2766 patet
1062 2701 1104 2747 ex
1118 2683 1292 2748 constitut.
1306 2684 1393 2768 Apo-

220 2794 343 2858 stolicae
368 2790 465 2856 Sedis
487 2809 500 2854 .·
521 2815 536 2848 u
561 2791 707 2854 Firmum
730 2794 846 2854 tamen
870 2809 944 2854 esse
964 2791 1136 2866 volumus,
1155 2792 1202 2855 ait
1223 2791 1388 2868 Pontifex,

221 2900 417 2967 absolvendi
427 2897 621 2964 facultatem
635 2898 860 2964 aTridentina
873 2899 1003 2983 synodo
1014 2900 1179 2984 episcopis
1193 2918 1390 2965 concessam

221 3011 259 3092 (s.
276 3009 327 3085 il,
343 3023 373 3074 o:
388 3009 417 3084 6,
435 3009 476 3072 de
490 3008 664 3090 Reform),
682 3009 717 3072 iu
736 3008 1005 3092 quibuscumque
1020 3008 1172 3072 censuris
1191 3008 1391 3090 spostolicae

222 3119 299 3185 Sedi
313 3119 376 3182 hae
394 3120 510 3181 nostra
532 3116 773 3180 constitutione
794 3117 986 3193 reservatis,
1016 3116 1057 3180 iis
1081 3120 1214 3180 tantum
1242 3117 1391 3198 exeeptis

163 3239 166 3246 ·
222 3245 304 3311 quas
330 3225 440 3290 eidem
458 3223 658 3308 Apostolicae
675 3224 752 3289 Sedi
774 3225 909 3308 speciali
925 3225 1027 3290 modo
1042 3229 1232 3289 reservatas
1247 3223 1394 3288 declara-

220 3335 369 3398 vimus.»
385 3333 550 3397 Remanet
573 3349 654 3412 ergo
676 3331 894 3415 privilegium
908 3331 1143 3396 Tridentinum
1159 3330 1272 3416 quoad
1293 3349 1392 3396 casus

221 3441 374 3524 generali
388 3439 491 3505 modo
506 3442 708 3515 reservatos,
722 3458 742 3504 a
754 3440 876 3523 quihus
888 3439 1067 3522 episcopus
1077 3444 1190 3522 potest
1204 3437 1391 3513 absolvere,

222 3549 358 3633 quando
386 3565 485 3613 casus
513 3547 578 3611 fuit
606 3551 641 3611 et
667 3552 823 3612 remanet
854 3546 1016 3613 occultus.
1052 3547 1117 3611 Sed
1145 3546 1286 3611 dubium
1317 3564 1392 3642 esse

221 3662 345 3741 potest,

259 3765 378 3830 Utrum
392 3766 504 3832 valeat
517 3768 589 3833 haeo
603 3767 744 3833 facultas
757 3765 961 3844 Tridentina,
981 3767 1085 3830 etiam
1098 3765 1134 3829 in
1147 3782 1228 3831 casu
1249 3781 1316 3848 quo
1331 3763 1393 3828 ori-

219 3891 310 3950 men,
328 3873 391 3937 etsi
406 3874 442 3937 in
457 3892 525 3940 uno
539 3875 614 3940 loco
629 3875 812 3958 publicum,
839 3878 930 3939 esset
949 3878 1064 3938 tamen
1078 3871 1248 3938 occultum
1267 3871 1303 3934 in
1316 3869 1391 3936 loco

221 3982 276 4046 ubi
301 3983 478 4067 episcopus
504 3983 670 4048 absolvit?
694 3982 805 4047 Prima
831 3982 1001 4046 sententia
1025 3981 1180 4056 affirmat,
1205 3979 1391 4044 dummodo

219 4091 307 4154 absit
320 4090 422 4155 timor
434 4109 477 4154 ne
491 4091 620 4155 crimen
636 4093 729 4155 brevi
746 4091 937 4175 publicetur
949 4091 983 4154 in
994 4090 1069 4154 loco
1080 4089 1136 4152 ubi
1147 4093 1200 4153 est
1209 4085 1389 4152 occultum.

219 4198 282 4263 slii
296 4199 405 4275 multi,
423 4203 461 4262 ut
475 4197 609 4276 Suarez,
633 4199 813 4277 Bonacina,
831 4206 910 4275 etc,
927 4204 1066 4281 negant,
1082 4198 1161 4282 quia
1175 4197 1304 4262 crimen
1323 4213 1393 4260 non

218 4311 273 4370 est
287 4305 484 4391 simpliciter
496 4305 666 4371 occultum
682 4306 790 4391 (Apud
806 4307 837 4370 S.
854 4307 939 4388 lig„
954 4305 1011 4370 lih.
1028 4305 1094 4379 vll,
1111 4324 1145 4368 n.
1162 4305 1223 4387 98).

258 4413 451 4480 Notandum
465 4419 526 4490 est,
544 4412 634 4498 quod
647 4413 682 4476 in
693 4412 869 4498 privilegio
883 4413 1079 4478 Tridentino
1088 4411 1228 4478 nomine
1244 4411 1393 4496 episcopi

219 4524 363 4589 veniunt
372 4521 420 4585 illi
430 4539 550 4586 omnes
561 4523 620 4605 qui
628 4521 756 4586 habent
762 4521 1035 4604 jurisdictionem
1046 4521 1143 4605 quasi
1153 4519 1390 4604 episcopalem.

219 4637 257 4696 nt
269 4632 406 4696 abbates
420 4633 455 4694 et
465 4628 520 4694 alii
533 4629 662 4713 praelati
672 4628 857 4710 regulares,
872 4627 1058 4712 capitulum
1068 4627 1150 4694 sede
1160 4631 1313 4700 vacante,
1326 4630 1389 4691 etc.

220 4740 345 4806 Tamen
364 4737 588 4804 declaratione
604 4736 755 4818 Gregorii
767 4735 837 4800 lllll
853 4737 952 4820 (apud
966 4737 1174 4820 Tagnanum,
1189 4735 1225 4800 in
1240 4753 1268 4801 c.
1286 4735 1335 4810 lt,
1350 4734 1391 4800 de
