3388 5582
582 551 669 598 trasn
691 553 821 606 ausurus
842 547 1065 598 nncnnrnurun.
1353 530 1412 594 ot3

238 673 418 752 magnates
440 673 476 735 et
494 669 608 747 duces,
629 670 695 735 nisi
711 669 902 754 privilegio,
924 667 1183 750 consuetudine,
1206 667 1410 732 eximantur.

277 777 500 861 Excipiuntur
521 782 638 844 autem
652 778 810 863 episcopi,
827 778 892 842 nisi
907 776 949 841 de
963 775 1045 859 ipsis
1064 776 1123 840 liat
1137 793 1300 858 expressa
1318 793 1414 839 men-

239 885 286 948 tio
301 886 341 970 (o.
355 885 376 948 4
388 886 423 949 h.
441 890 464 948 t.
480 885 517 949 in
535 886 591 966 6⁰),
608 885 755 950 infantes
771 885 839 950 doli
853 883 1008 949 nondum
1023 899 1173 966 capaces,
1193 887 1227 946 et
1245 887 1411 961 amentes,

239 992 298 1076 qui
315 997 432 1057 tamen
450 1011 521 1057 non
538 998 684 1076 possunt
703 992 789 1058 tradi
811 991 993 1077 sepulturae
1014 990 1259 1066 ecclesiasticae,
1284 995 1323 1054 ut
1344 991 1413 1055 ani-

237 1100 458 1166 madvertunt
470 1119 594 1167 comm.
609 1103 674 1166 llll.
691 1101 910 1184 Excipiuntur
924 1101 1027 1166 etiam
1043 1100 1100 1184 qui
1119 1103 1254 1162 mutant
1276 1099 1414 1163 domici·

238 1205 322 1296 lium
335 1225 397 1272 seu
413 1208 555 1293 apapali
565 1209 745 1274 interdicto
760 1208 942 1274 recedunt:
955 1209 1137 1273 itacomm.
1152 1211 1311 1282 sentent,
1322 1207 1412 1290 apud

239 1313 438 1397 schmetzg,
449 1335 482 1380 n.
492 1317 561 1382 335.
574 1317 794 1401 Excipiuntur
804 1317 906 1381 etiarn
917 1315 1136 1399 probabiliter
1147 1314 1266 1390 exteri,
1278 1314 1341 1378 etsi
1355 1313 1411 1378 diu

237 1421 273 1486 in
288 1423 413 1506 populo
433 1424 609 1489 habitent:
627 1442 697 1491 uon
712 1423 872 1492 videntur
887 1423 1029 1506 subjecti
1052 1422 1119 1503 legi
1139 1422 1320 1498 interdicti,
1336 1440 1411 1505 quae

238 1530 428 1610 singulares
442 1550 606 1615 personas
618 1532 731 1597 aflicit.

275 1639 308 1702 2⁰
332 1638 513 1705 interdicto
531 1641 670 1726 populo,
695 1641 806 1706 clerus
829 1659 900 1706 non
925 1643 1084 1704 censetur
1107 1638 1321 1713 interdictus,
1350 1657 1413 1702 nec

238 1746 366 1821 contra,
390 1747 568 1813 interdicto
592 1748 689 1824 clero,
715 1748 862 1832 populus
883 1769 890 1812 :
914 1747 1001 1812 ratio
1026 1753 1088 1822 est,
1111 1747 1190 1832 quia
1206 1745 1312 1809 verba
1334 1750 1413 1809 sunt

238 1855 351 1918 stricte
365 1855 629 1938 interpretanda.
647 1854 712 1920 Sed
727 1874 782 1931 an,
798 1854 977 1920 interdicto
993 1853 1130 1937 populo,
1151 1853 1227 1917 loca
1245 1852 1335 1916 illius
1352 1871 1413 1935 po·
1464 1927 1466 1936 Ι

237 1959 307 2042 puli
322 1961 500 2027 interdicta
514 1963 604 2027 sint?
617 1962 836 2028 Communior
850 1961 1019 2026 sententia
1032 1963 1147 2043 negat,
1164 1960 1243 2045 quia
1257 1959 1412 2024 interdic-

238 2071 313 2131 tum
325 2068 505 2151 personale
521 2068 634 2134 differt
647 2089 667 2134 a
681 2069 774 2134 reati.

278 2176 437 2261 Sequitur
452 2178 555 2242 etiam
570 2178 673 2262 quod,
689 2177 868 2242 interdicto
889 2176 979 2242 clero
1000 2177 1144 2258 ulicujus
1162 2175 1322 2248 ecolesiae,
1341 2193 1410 2239 non

236 2283 301 2348 hoc
324 2283 397 2368 ipso
420 2284 496 2349 talis
521 2284 663 2351 ecclesia
678 2284 858 2350 interdicta
878 2289 1047 2360 censetur,
1071 2288 1108 2349 ut
1123 2287 1220 2349 notat
1235 2281 1353 2348 Glosse
1376 2283 1410 2348 in

237 2391 523 2456 offlntmffl

654 2563 697 2613 ill.
720 2562 816 2614 cause
839 2559 991 2614 interdicti.

277 2723 309 2806 a)
325 2722 432 2789 Causa
450 2725 600 2807 efficiens
619 2743 678 2789 seu
699 2725 855 2789 minister
872 2723 1042 2788 interdicti
1063 2727 1115 2787 est
1131 2722 1160 2785 is
1182 2721 1239 2805 qui
1254 2720 1412 2804 jurisdic-

236 2831 366 2895 tionem
380 2831 415 2894 in
437 2833 512 2897 loro
531 2832 745 2897 contentioso
759 2833 863 2896 habet
883 2831 1102 2912 regulariter;
1125 2830 1182 2914 qui
1205 2829 1411 2892 sententiam

236 2938 597 3004 excommunicationis
612 2944 647 3003 et
660 2937 894 3022 suspensionis
908 2939 996 3002 terre
1009 2939 1132 3020 potest,
1157 2937 1260 3000 etiam
1274 2934 1411 2999 interdi-

235 3062 312 3110 cere
326 3050 451 3128 potest.
468 3045 643 3128 Colligitur
661 3065 705 3110 ex
718 3065 747 3111 o.
764 3047 794 3122 3,
813 3047 855 3111 de
877 3045 941 3127 Off.
965 3044 1072 3108 ordin.
1090 3043 1250 3126 Sequitur
1264 3040 1355 3124 quod
1375 3042 1410 3104 in

236 3152 347 3234 specie
360 3153 561 3219 interdicere
575 3157 720 3238 possunt
732 3174 738 3217 :
752 3153 913 3218 Summus
926 3151 1092 3224 Pontifex,
1107 3151 1249 3233 ejusque
1262 3148 1407 3229 legatus,

235 3260 387 3337 nuntius,
412 3261 604 3344 delegatus;
625 3262 815 3346 episcopus,
841 3261 944 3326 etiam
969 3279 1039 3324 non
1066 3262 1284 3322 consecratus
1308 3262 1408 3339 atque

234 3365 335 3432 hodie
351 3368 424 3433 sine
439 3387 610 3436 consensu
624 3370 772 3454 capituli,
790 3375 825 3438 et
838 3370 1044 3454 quicumque
1059 3366 1114 3432 alii
1129 3367 1187 3450 qui
1205 3365 1409 3449 J'urisdictio-

236 3493 317 3540 nem
328 3477 426 3560 quasi
440 3477 666 3562 episcopalem
675 3478 812 3554 hahent;
827 3477 1023 3560 capitulum,
1034 3475 1114 3539 sede
1124 3479 1276 3550 vacante,
1288 3472 1409 3536 saltem

234 3581 407 3648 mediante
417 3584 543 3650 vicario
557 3584 744 3668 capitulari.
757 3584 887 3648 Praelati
903 3581 1077 3664 regulares
1087 3585 1322 3664 possuntsuos
1333 3578 1409 3642 reli·
1516 3575 1518 3583 '

235 3688 351 3770 giosos
362 3690 530 3774 subjicere
544 3691 734 3766 interdicto,
745 3696 784 3756 ut
798 3691 922 3756 docent
934 3689 1033 3754 multi
1042 3687 1315 3772 (Schmalzgr.,n.
1325 3687 1407 3770 341).

235 3793 279 3858 nt
298 3797 354 3860 isti
368 3814 502 3875 omnes,
532 3803 570 3863 ut
589 3800 678 3865 terre
690 3800 828 3884 possint
848 3797 1077 3869 interdictum,
1102 3814 1171 3861 non
1195 3795 1319 3859 debent
1335 3813 1410 3896 esse

236 3905 394 3986 suspensi
409 3905 466 3970 vel
485 3908 786 3983 excommunicati3
809 3912 925 3971 tamen
942 3904 1057 3968 illicite
1079 3906 1211 3968 tantum
1231 3904 1357 3978 ferunt,
1382 3905 1411 3967 si

235 4027 306 4074 non
327 4015 409 4076 sunt
427 4013 627 4089 denuntiati,
650 4014 797 4080 invalide
816 4018 932 4078 autem
956 4012 983 4076 si
1009 4015 1090 4075 sunt
1109 4010 1309 4088 denuntiati,
1332 4028 1411 4074 cum

235 4122 317 4183 tunc
331 4125 470 4185 careant
486 4120 734 4204 jurisdictione.
1402 4135 1406 4144 '

276 4227 305 4308 b)
317 4227 425 4292 causa
438 4230 553 4310 finalis
568 4235 621 4294 est
634 4230 741 4314 culpae
757 4229 950 4296 emendatio
965 4229 1021 4295 vel
1036 4227 1178 4313 punitio.
1205 4225 1282 4290 Haec
1296 4229 1412 4292 autem

235 4333 335 4418 culpa
352 4336 396 4400 ob
419 4354 522 4419 quam
541 4337 651 4401 fertur
673 4336 901 4415 interdictum,
920 4337 1041 4403 saltem
1060 4333 1256 4400 absolutum
1275 4339 1310 4397 et
1328 4335 1412 4400 inte-

236 4460 348 4524 grum,
367 4443 468 4507 debet
482 4448 743 4527 essepeccatum
753 4444 909 4520 mortale,
921 4462 1001 4510 cum
1016 4444 1242 4508 haeccensura
1254 4441 1298 4504 sit
1309 4457 1413 4524 poeua

236 4549 449 4630 gravissima.
471 4549 544 4615 lmo
557 4549 718 4632 generale
739 4551 819 4616 terri
843 4552 963 4635 nequit
985 4551 1050 4654 nisi
1067 4567 1088 4614 a
1111 4552 1143 4613 S.
1161 4548 1295 4624 Pontis,
1314 4554 1349 4612 et
1368 4550 1412 4612 ob

235 4657 372 4742 culpam
386 4658 530 4742 alicuius
549 4677 717 4743 personae,
733 4661 799 4724 uisi
815 4660 891 4733 ,haee
909 4677 1058 4744 persona
1072 4658 1116 4721 sit
1139 4662 1241 4739 caput
1259 4674 1413 4722 commu-
