3418 5566
339 531 399 600 830
797 547 849 598 rus
870 549 1050 600 curorrcuu.

207 688 208 699 ¹
338 687 410 748 cus,
436 669 575 737 dimisse
593 670 725 750 heresi,
751 677 871 755 sponte
890 673 1063 755 comperet
1082 677 1198 738 coram
1218 669 1393 756 episcopoy
1407 685 1514 740 ceusu

339 797 402 866 pro
413 779 487 862 ipso
499 783 551 843 θεῖ
563 779 599 846 in
609 779 777 862 ,iudicium
792 779 946 845 deducto.

379 887 411 952 3⁰
425 887 498 953 Non
516 887 629 970 egitur
646 887 701 952 hic
725 887 767 953 de
786 885 909 952 haeresi
926 905 1020 953 inere
1039 887 1174 952 interne
1189 887 1224 952 et
1244 886 1396 966 mentali,
1417 887 1512 952 nullo

341 996 440 1077 signo
463 997 622 1061 exteriori
637 997 875 1072 manifestuum
904 1015 985 1061 narn
1007 996 1080 1061 haec
1101 1015 1171 1061 non
1193 1001 1246 1061 θεῖ
1268 999 1452 1074 reservate,
1472 1015 1522 1061 ao·

339 1105 481 1190 proinde
496 1105 671 1191 ssimplici
684 1105 890 1171 confessario
905 1103 1036 1170 absolvi
1048 1109 1172 1188 polest,
1188 1109 1226 1170 ut
1238 1105 1509 1188 supradiximus.

340 1213 391 1282 Ite
403 1215 596 1282 communis
611 1214 790 1291 sententis,
807 1217 894 1279 teste
906 1213 1031 1279 Bened.
1048 1212 1128 1292 xlv,
1145 1213 1187 1280 dc
1201 1213 1301 1299 Syre,
1314 1213 1336 1278 l.
1353 1213 1406 1290 lx,
1423 1231 1451 1279 c.
1467 1233 1510 1292 ιν,

340 1341 375 1390 n.
391 1325 433 1406 4).
450 1323 507 1389 Ηίε
520 1324 651 1409 positis,

381 1433 410 1516 d)
422 1434 456 1498 Si
471 1434 599 1500 crimen
612 1436 855 1512 solariumst,
871 1432 985 1500 nullus
999 1440 1124 1518 praeter
1136 1432 1262 1518 Pepem
1275 1432 1318 1499 ol)
1330 1431 1388 1498 illo
1403 1431 1513 1498 obsol-

340 1559 421 1608 vere
435 1548 563 1627 potest;
578 1561 658 1608 nom
673 1543 802 1608 crimen
814 1543 954 1608 heresis
970 1546 1005 1608 et
1018 1541 1324 1608 excommunicatio
1333 1541 1365 1606 ei
1377 1558 1512 1606 annexa

340 1655 514 1742 reservato
529 1657 582 1718 θεῖ
599 1651 677 1716 Sedi
695 1651 908 1736 Apostolicae‚
928 1670 971 1716 ex
988 1650 1080 1716 bulla
1095 1650 1208 1718 Goeooe
1225 1655 1260 1716 θῖ
1275 1649 1446 1716 recentius
1468 1668 1513 1715 ex

340 1761 582 1827 constitutione
604 1761 803 1847 Apostolicec
822 1761 931 1826 Sedis.
955 1760 1062 1838 Unde,
1084 1760 1196 1846 quoad
1216 1759 1311 1836 elios,
1328 1759 1513 1844 requiritur

342 1875 381 1937 ut
392 1875 544 1954 potestus
558 1870 758 1936 absolvendi
773 1871 817 1935 sit
827 1871 876 1935 eis
890 1869 1081 1954 specialiter
1095 1869 1260 1952 delegate.

382 1977 519 2054 Tamen,
533 1983 571 2043 ut
582 1983 700 2044 monet
714 1977 839 2044 Bened.
852 1977 922 2042 XIV
935 1976 1089 2061 (inSyn.,
1098 1976 1121 2041 l.
1133 1976 1200 2054 vll,
1214 1995 1243 2041 c.
1255 1976 1354 2059 xxxu)
1364 1977 1513 2060 episcopi

340 2091 486 2170 possunt
497 2087 713 2152 reconciliare
724 2075 879 2152 Ecclesiae
898 2085 1097 2150 hereticum
1110 2085 1153 2152 sd
1176 2103 1277 2151 suum
1294 2085 1441 2161 trihunsd
1456 2086 1513 2150 de-

342 2194 492 2272 ductum,
504 2200 539 2261 et
552 2212 613 2279 pro
628 2201 773 2281 utroque
787 2196 862 2260 loro
876 2194 1063 2260 absolvere.
1078 2193 1166 2271 Quin
1181 2199 1216 2260 et
1227 2195 1513 2277 possunthaereti-

341 2321 430 2382 cum,
446 2308 629 2389 postquem
639 2323 728 2370 suos
745 2321 878 2369 errores
893 2304 1049 2386 eJurevit
1067 2302 1111 2368 sd
1126 2302 1313 2387 simplicem
1328 2302 1512 2367 confessio-

341 2430 423 2478 nem
437 2432 497 2497 pro
509 2414 722 2479 absolutione
737 2414 920 2490 remittere,
938 2431 1013 2497 quae
1024 2411 1192 2478 innodato
1204 2413 1440 2478 uconlesssrio
1449 2427 1511 2495 pro

342 2520 416 2585 loro
430 2521 565 2588 interno
579 2521 783 2587 cetetonem
794 2539 856 2604 pro
870 2521 946 2586 foro
961 2525 1121 2597 extorum
1138 2520 1200 2585 sed
1209 2517 1512 2605 nequeuntconcc-

343 2630 626 2696 dorefscultstem
639 2632 849 2708 absolvendi,
865 2630 930 2696 nisi
937 2646 1040 2696 osusa
1048 2632 1142 2715 prius
1149 2629 1355 2714 judicialiter
1363 2629 1510 2711 cognitu.

342 2737 460 2821 ltaque
471 2740 514 2804 sb
525 2741 647 2805 haeresi
659 2741 791 2806 notorio
802 2743 835 2804 θῖ
847 2739 889 2804 sd
902 2739 1015 2803 iorum
1025 2737 1222 2822 judicialem
1232 2737 1387 2814 deducte,
1401 2741 1513 2821 potest

343 2848 521 2931 episcopus
542 2848 730 2915 absolvere.
747 2849 945 2913 Reservatio
961 2845 1061 2912 bullae
1078 2845 1189 2912 Coenae
1210 2846 1266 2912 vel
1283 2851 1392 2912 consi.
1406 2843 1514 2930 Αθθε-Ι

343 2956 449 3021 tolles
471 2957 570 3024 Sedis
584 2959 737 3043 procedit
759 2958 870 3043 quood
888 2955 1138 3023 absolutionem
1163 2957 1205 3022 ub
1225 2956 1347 3023 haeresi
1366 2975 1435 3022 non
1456 2955 1513 3020 de-

341 3062 443 3129 ducta
454 3064 498 3130 ed
511 3067 625 3131 forum
639 3067 902 3132 contentiosum.
1401 3119 1404 3124 ,

382 3171 419 3236 ln
433 3176 593 3257 praesenti
607 3177 894 3260 cosm-episcopus
909 3174 1261 3240 absolvitauctoritste
1277 3173 1462 3253 ordinaria,
1474 3189 1512 3238 ec

341 3281 483 3364 proinde
497 3291 612 3368 potest
625 3286 812 3363 absolvere,
828 3303 899 3350 non
913 3289 1046 3350 tentum
1059 3302 1122 3368 per
1146 3283 1308 3366 seipsum,
1331 3280 1391 3346 scd
1410 3281 1513 3346 etism

316 3471 318 3476 Ι
341 3405 402 3473 per
416 3389 621 3473 delegatum.
639 3394 798 3478 Sequitur
819 3394 911 3479 quod
923 3393 1070 3477 episcopi
1088 3397 1233 3477 possunt
1246 3390 1422 3456 absolvere
1435 3407 1511 3473 pro-

342 3501 507 3563 testantes
521 3503 673 3566 notorios
689 3502 746 3586 qui
761 3503 802 3567 sd
817 3503 921 3580 iidem
936 3501 1135 3567 catholicam
1157 3499 1290 3584 publice
1309 3503 1511 3565 convertun-

342 3609 399 3669 tur
411 3611 445 3670 et
458 3607 576 3672 volunt
587 3609 746 3674 haeresim
768 3612 936 3696 abjurare,
959 3628 1022 3675 nec
1041 3627 1126 3693 opus
1150 3613 1202 3674 est
1224 3607 1367 3673 Romam
1391 3607 1509 3672 educ:

343 3729 423 3776 nom
436 3713 575 3781 haeresis
590 3723 643 3782 θεῖ
656 3719 800 3796 notorio,
818 3725 856 3783 ut
870 3724 973 3803 petet,
989 3722 1024 3783 et
1035 3718 1213 3783 deducitur
1231 3715 1275 3781 ed
1291 3717 1404 3781 iorum
1424 3714 1513 3798 judi·

343 3820 463 3886 cielem
482 3843 543 3908 per
561 3845 736 3893 accessum
750 3829 793 3894 ed
814 3829 1021 3913 episcopum.
1042 3827 1160 3914 Modus
1180 3825 1386 3910 procedendi
1412 3826 1447 3888 in
1470 3843 1511 3890 eo

229 3997 231 4001 ,
343 3931 499 3996 consistit
522 3938 569 4009 ut,
591 3937 805 4004 confessione
826 3939 1064 4004 hereticorum
1084 3935 1289 4020 judicialiter
1316 3939 1452 4020 eccepto
1478 3939 1512 3998 et

344 4056 405 4125 per
416 4043 587 4108 notorium
605 4045 641 4110 in
654 4051 731 4112 actu
743 4045 890 4125 reducto,
906 4046 1074 4130 objuratio
1085 4044 1228 4129 juridice
1242 4044 1312 4109 flet.

673 4231 705 4282 11.
719 4229 837 4292 Quando
851 4228 959 4282 crimen
974 4226 1018 4281 est
1030 4225 1183 4281 occultum.

386 4371 418 4454 a)
434 4371 467 4435 Si
485 4374 614 4438 crimen
637 4375 777 4440 haeresis
806 4374 976 4440 occultum
999 4379 1061 4452 est,
1077 4372 1178 4438 hodie
1192 4377 1271 4456 post
1289 4375 1399 4438 const.
1422 4369 1513 4454 Apo-

345 4479 469 4544 scotice
484 4479 592 4558 Sedes,
610 4480 724 4546 nullus
739 4483 842 4547 etiem
856 4487 980 4567 praeter
1000 4481 1127 4567 Papam
1147 4481 1203 4546 vel
1221 4480 1415 4563 delegatum
1437 4479 1512 4560 ejus

345 4586 522 4655 absolvere
535 4595 650 4673 potest
662 4591 779 4657 abhoc
792 4591 943 4657 crimine.
958 4590 1046 4656 Olim
1057 4589 1274 4674 disputabant
1283 4589 1340 4653 GC.
1355 4606 1400 4653 on
1411 4585 1513 4652 lecul-

233 4755 239 4764 .
347 4697 399 4758 tes
412 4697 578 4782 episcopis
591 4717 755 4766 concessu
767 4718 789 4766 e
802 4719 895 4767 conc.
912 4699 1106 4766 Tridentino
1118 4699 1213 4781 (sess.
1229 4699 1279 4776 el,
1291 4716 1319 4764 c.
1332 4697 1362 4775 6,
1374 4693 1513 4776 deltos.)
