3508 5568
469 619 473 636 '
530 697 532 702 ⁸
559 641 647 688 arena
667 641 803 695 ouanrus
823 641 1042 689 prenarratur.
1353 629 1388 694 ti

220 757 364 825 sionem.
381 760 432 824 An
445 777 529 826 vero
542 759 702 826 sacerdos
719 764 849 826 temere
879 759 936 826 vel
958 760 1156 842 ignoranter
1180 761 1327 839 assistat,
1357 762 1392 828 in

219 867 294 936 toro
308 872 450 934 externo
464 868 577 951 colligi
592 867 728 934 debebit
742 887 785 934 ex
796 868 1068 934 circumstantiis.
1330 867 1334 874 '

255 1022 374 1082 Dices:
402 1023 574 1100 Ignorantia
593 1023 682 1098 iuris,
710 1023 876 1099 prasertim
902 1023 1023 1094 notorii,
1044 1028 1079 1083 ut
1097 1023 1156 1095 hic,
1183 1039 1244 1084 non
1270 1032 1395 1085 excusat

220 1113 417 1185 sacerdotem,
427 1129 464 1173 er
478 1129 541 1189 reg.
555 1131 607 1173 run
619 1113 649 1173 in
668 1117 707 1179 6⁰,
724 1112 795 1187 quia
808 1113 972 1174 sacerdotis
987 1119 1033 1173 est
1050 1115 1127 1173 scire
1142 1129 1245 1174 sacros
1262 1129 1394 1176 canones

219 1204 258 1278 (o.
276 1209 300 1270 i.
311 1205 342 1266 d.
358 1205 414 1280 38).
424 1209 513 1279 Resp.
530 1207 610 1268 Licet
618 1205 757 1279 aliqualis
773 1205 861 1279 culpa
879 1205 919 1264 sit
932 1205 964 1264 in
974 1205 1129 1265 sacerdote
1141 1205 1279 1282 ignorare
1290 1221 1393 1266 sacros

220 1309 363 1366 meones,
385 1301 485 1356 minen
505 1295 676 1371 ignorantia
693 1296 763 1366 ista,
785 1309 856 1356 cum
876 1309 937 1354 non
956 1295 1046 1354 iaciat
1068 1295 1152 1354 illum
1176 1301 1393 1367 contumacem,

139 1388 143 1398 ’
220 1389 377 1444 excusata
398 1399 533 1459 censura,
544 1385 771 1459 suspensionis,
794 1384 840 1444 uti
856 1385 945 1444 etiem
965 1399 1088 1459 opoena
1104 1384 1295 1456 vindicativa,
1313 1386 1339 1444 si
1357 1385 1394 1444 ad

220 1473 297 1536 hanc
312 1473 523 1535 incurrendam
535 1475 587 1550 jus
597 1474 792 1550 praerequirat
807 1474 964 1534 audaciam
979 1479 1008 1535 et
1022 1476 1227 1534 temeritatem.

261 1649 361 1734 Resp.
375 1648 405 1713 4.
423 1647 587 1715 Sacerdos
601 1647 767 1730 regidaris
779 1665 992 1731 praesumens
1016 1648 1088 1713 sine
1112 1647 1249 1714 licentia
1268 1641 1395 1732 proprii

220 1759 358 1844 parochi
374 1756 596 1824 solemnizare
613 1755 841 1832 matrimonia,
857 1760 982 1841 praeter
1003 1757 1265 1840 suspensionem
1288 1776 1308 1822 a
1328 1757 1395 1823 Tri-

222 1867 314 1934 dent.
325 1867 439 1943 latam,
452 1885 522 1932 non
531 1865 675 1930 incurrit
688 1865 1188 1931 excommunicationemlatam
1197 1867 1233 1930 in
1243 1847 1354 1930 Clem.¹
1364 1867 1394 1944 t,

224 1973 265 2040 de
279 1975 396 2041 Prioil.
413 1974 484 2040 :ita
498 1976 606 2039 fertur
620 1971 808 2039 declarasse
822 1973 854 2038 S.
868 1973 988 2056 Gongr.
1003 1973 1202 2058 Oppositum
1217 1977 1332 2039 tamen
1348 1977 1396 2039 te-

222 2087 306 2152 nent
316 2081 597 2158 Sanoh.,Navarr.
615 2086 649 2145 et
661 2080 717 2145 alii
731 2081 826 2165 (t).-
841 2081 938 2146 Proh.
955 2079 1266 2151 Excommunioatio
1277 2082 1346 2149 lata
1359 2083 1395 2148 in

221 2192 276 2256 cit.
289 2191 392 2256 (ilem.
406 2189 520 2258 locum
534 2189 637 2254 habet
651 2190 733 2254 dum
747 2188 914 2271 regularis
929 2188 1057 2255 assistit
1074 2189 1293 2256 matrimonio
1307 2192 1396 2257 clan-

223 2299 356 2384 destino
366 2298 490 2375 valido,
506 2317 549 2362 ex
560 2317 627 2382 quo
638 2297 720 2363 olim
729 2297 837 2362 multa
848 2297 1066 2362 incommoda
1078 2298 1318 2381 sequebantur,
1331 2303 1396 2366 tes·
1501 2354 1505 2370 .

224 2411 315 2475 tante
330 2407 417 2472 Trid.
435 2425 518 2472 sess.
532 2407 584 2478 tt,
596 2424 624 2471 c.
643 2407 658 2470 i
674 2425 725 2490 pr.
740 2405 781 2472 de
795 2406 944 2488 Reform.
959 2413 1060 2472 matr.
1076 2405 1175 2489 Ergo,
1192 2426 1270 2473 oum
1283 2427 1395 2493 poenae

222 2537 292 2584 non
307 2517 376 2582 sint
389 2515 555 2593 laxandae,
571 2533 674 2600 poena
688 2516 752 2580 ista
767 2515 905 2581 extendi
912 2533 982 2580 non
991 2515 1091 2580 debet
1100 2517 1144 2581 ad
1153 2535 1271 2582 casum
1287 2517 1396 2583 diver-

223 2646 311 2710 sum,
328 2627 410 2692 dum
424 2625 591 2708 regularis
605 2625 959 2691 assistitmatrimonio
970 2623 1180 2691 clandestino
1192 2626 1292 2692 hodie
1303 2627 1396 2693 inva-

222 2735 302 2812 lido,
319 2755 363 2801 ex
377 2753 444 2820 quo
460 2738 511 2800 tot
529 2733 620 2800 mala
640 2753 710 2801 non
730 2739 931 2818 sequuntur.
960 2733 1127 2800 Praeterea
1148 2735 1203 2800 hic
1225 2753 1316 2800 nova
1344 2738 1396 2800 est

221 2844 375 2922 materia,
392 2860 521 2909 novum
544 2842 715 2919 delictum,
729 2847 764 2907 et
784 2860 914 2907 novum
930 2843 988 2925 jus
1004 2841 1169 2918 Trident;
1190 2861 1272 2925 ergo
1293 2843 1396 2909 etiam

223 2971 313 3019 nova
327 2956 380 3018 est
392 2971 495 3037 poena
510 2951 746 3035 suspensionis
760 2951 813 3034 (t),
829 2969 891 3034 per
910 2969 1013 3036 quam
1028 2950 1203 3034 antiquata
1221 2955 1274 3018 est
1293 2970 1396 3035 poena

222 3060 371 3127 anterior
385 3059 757 3134 excommunicationis,
774 3059 871 3125 alteri
886 3058 1007 3124 delicto
1023 3059 1217 3124 constituta.

258 3217 369 3276 Dices:
398 3219 481 3275 Tunc
501 3229 590 3288 poena
615 3213 765 3288 posterior
789 3212 890 3270 mitior
911 3211 1036 3288 corrigit
1058 3212 1187 3286 priorem
1203 3213 1395 3285 severiorem,

222 3307 343 3381 quando
361 3305 444 3365 venit
457 3305 621 3380 infligenda
644 3304 811 3363 ministerio
829 3303 954 3377 judicis,
970 3317 1030 3360 non
1046 3302 1167 3374 quando
1186 3307 1313 3375 utraque
1327 3301 1395 3376 ipso

220 3399 287 3472 jure
301 3395 481 3455 incurrenda
496 3396 648 3465 statuitur,
661 3399 696 3454 ut
708 3398 789 3476 teum
804 3395 946 3466 frequens
961 3394 1020 3450 DI).
1040 3392 1161 3464 opinio;
1177 3391 1229 3451 sed
1248 3392 1297 3452 hio
1318 3397 1395 3452 utra-

222 3503 281 3562 que
304 3501 395 3562 poena
413 3485 732 3546 excommunicationis
759 3490 788 3544 et
811 3483 1024 3558 suspensionis
1045 3483 1210 3543 incurritur
1227 3484 1295 3557 ipso
1307 3485 1394 3558 jure3

222 3593 295 3652 orgo
314 3575 461 3651 posterior
477 3591 538 3635 nou
563 3575 640 3635 tollit
662 3575 801 3649 priorem.
824 3579 915 3648 Rasp.
937 3575 1055 3634 Omissa
1075 3573 1126 3632 illa
1147 3573 1299 3647 opinione,
1323 3573 1395 3634 dist.

223 3671 311 3744 mai:
329 3669 356 3730 si
369 3685 457 3744 poena
468 3671 617 3744 posterior
629 3669 741 3728 teratur
754 3683 845 3742 super
855 3669 958 3728 eadem
968 3667 1263 3742 materiaeode‘mque
1275 3668 1395 3740 delicto,

223 3767 314 3822 trans.
331 3761 417 3833 maj.;
434 3761 461 3819 si
476 3775 568 3834 super
581 3759 701 3818 diversa
715 3759 1129 3830 materiaetdiversodelicto,
1141 3773 1210 3834 neg.
1226 3759 1297 3833 maj.
1308 3760 1395 3819 Aliud

223 3855 322 3910 autem
337 3851 394 3909 suit
409 3849 491 3917 olim,
507 3848 588 3906 aliud
604 3855 651 3907 est
671 3847 760 3906 hodie
778 3848 922 3908 assistere
937 3848 1129 3908 matrimonio
1146 3847 1352 3920 clandestino;
1367 3856 1397 3908 et

223 3939 290 3999 ideo
303 3937 362 3998 alia
375 3935 543 4013 dispositio,
557 3936 616 3996 alia
630 3951 728 4010 poena.

253 4115 282 4166 1.
307 4113 349 4166 An
372 4111 521 4176 episcopus
545 4110 691 4166 absolvere
713 4111 803 4174 possit
829 4111 986 4174 parochum
1012 4112 1057 4164 vel
1079 4111 1168 4165 atium
1188 4111 1364 4168 sacerdotem

482 4198 500 4241 a
521 4187 708 4252 suspensione
724 4187 781 4241 lata
795 4185 824 4240 in
838 4198 862 4240 e.
878 4187 935 4249 flu,
955 4187 1029 4249 stin.
1045 4187 1072 4238 h.
1092 4187 1135 4240 ti

178 4416 182 4424 ι
262 4334 362 4420 Resp.
379 4333 538 4410 Sanchem
554 4332 673 4411 liniti,
689 4334 730 4397 dc
741 4333 858 4411 Matr„
874 4333 957 4418 disp.
967 4335 1018 4412 48,
1031 4354 1064 4398 11.
1079 4335 1110 4414 θ,
1126 4336 1247 4401 aithoc
1261 4341 1396 4421 tempus

223 4443 355 4508 trienne
370 4459 470 4526 posse
486 4460 530 4506 ex
545 4458 649 4506 causa
657 4444 751 4525 justa
765 4441 946 4523 augerivel
962 4443 1083 4520 minui,
1099 4449 1134 4508 et
1146 4443 1230 4528 disp.
1246 4445 1296 4521 aa,
1312 4464 1346 4509 n.
1363 4446 1393 4522 t,

255 4623 289 4686 (i)
305 4619 551 4673 Excommunieatio
566 4619 619 4670 lata
633 4619 660 4670 in
678 4619 822 4672 heceloni.
839 4621 903 4672 alias
919 4635 974 4672 non
989 4626 1132 4673 renovatur
1144 4622 1170 4672 iu
1186 4601 1278 4674 const}
1290 4621 1396 4688 Aposto-

225 4697 279 4749 Ir'ca
294 4699 368 4749 Sedis
381 4697 420 4748 Pii
435 4697 475 4748 lX.

177 4816 182 4824 ,
257 4776 290 4840 (2)
299 4769 366 4827 'Hae
380 4773 519 4840 suspensio
533 4786 589 4826 nen
603 4772 654 4825 tuit
665 4777 792 4824 renovata
806 4774 832 4824 in
847 4773 917 4825 dieto
934 4777 1016 4824 coust.
