3418 5566
474 579 561 624 erese
581 578 711 632 curares
732 565 976 624 sacerrimum·
1250 558 1309 621 397

130 681 286 748 celebret
299 681 355 746 vel
368 682 540 748 ministret
556 681 592 746 in
609 681 727 748 ordine
744 679 1030 763 irregularitatem
1051 679 1224 746 incurrat?
1245 679 1311 746 Sed

131 789 238 857 hodie
261 788 354 854 nulla
369 789 442 855 dari
462 795 577 873 potest
595 790 778 867 dubitetio;
798 807 878 854 cum
895 787 989 854 nulle
1009 788 1054 852 sit
1069 806 1214 854 censura
1233 787 1311 854 latae

133 897 329 974 sententiae,
348 897 503 982 sequitur
530 897 621 983 quod
646 897 783 962 nonsit
810 895 1042 978 irregularitas
1069 915 1113 960 ex
1128 895 1311 970 violatione

133 1023 302 1072 censurae.
319 1005 446 1070 Temen
461 1005 629 1070 sodomita
642 1003 797 1070 notorius
812 1008 864 1068 ost
873 1002 1068 1086 irregularis
1082 1002 1214 1068 retione
1228 1002 1314 1068 inle-

133 1113 217 1178 miae
232 1118 267 1178 ot
282 1113 443 1178 scandali.

179 1219 341 1285 Sodomis
351 1220 550 1304 imperfecta
563 1238 633 1285 non
648 1219 777 1286 eisdem
790 1219 901 1308 poenis
917 1217 1104 1302 subiicitur,
1121 1220 1181 1287 sed
1201 1219 1314 1287 mitio-

135 1327 233 1392 ribus
248 1327 290 1392 ed
306 1327 484 1392 arbitrium
495 1328 630 1410 judicis.

179 1438 211 1500 3⁰
225 1435 415 1502 bestialitas
424 1436 566 1520 punitur
584 1437 692 1501 instar
706 1436 878 1502 sodomis.
901 1436 989 1502 Olim
1006 1455 1049 1503 ex
1069 1442 1177 1504 const.
1196 1437 1268 1502 Ger.
1287 1435 1312 1500 V

136 1545 243 1627 hujus
257 1543 407 1608 criminis
419 1543 468 1608 rei
482 1544 770 1609 comburebantur
783 1562 940 1610 unacum
953 1545 1071 1621 bestie,
1093 1545 1314 1610 conformiter

137 1653 259 1730 bavit,
286 1673 339 1727 xx,
367 1652 416 1726 13,
441 1670 485 1716 ne
515 1655 584 1716 tem
604 1651 766 1717 horrendi
788 1651 908 1734 flagitii
927 1653 1094 1718 memorie
1109 1654 1313 1736 'penneneet

138 1765 201 1826 aut
215 1764 409 1826 renovetur.
420 1759 609 1825 Bestielites
620 1765 672 1827 est
687 1761 842 1826 omnium
853 1765 1071 1844 peccatorum
1082 1763 1201 1827 contre
1216 1764 1313 1825 netu·

137 1885 214 1933 ram
228 1867 480 1950 gravissimum.

179 1976 208 2058 c)
225 1974 275 2041 Ad
289 1976 379 2040 buno
389 1975 526 2040 titulum
537 1976 652 2041 reduci
667 1981 781 2060 potest
795 1975 1007 2052 lenocinium,
1031 1975 1122 2061 qnod
1143 1979 1196 2042 est
1214 1976 1313 2043 delic-

136 2087 213 2148 tum
234 2083 418 2167 publicum,
449 2103 518 2169 quo
543 2090 640 2168 pater
662 2084 799 2162 liberos,
819 2085 962 2150 maritus
989 2103 1134 2150 uxorem
1155 2084 1210 2150 vel
1229 2085 1312 2150 alies

138 2208 370 2277 quascumque
386 2193 532 2259 feminas
542 2193 682 2278 exponit
694 2193 959 2278 prostituendas,
975 2193 1031 2259 vel
1054 2209 1172 2258 earum
1192 2194 1313 2276 prosti-

138 2298 310 2364 tutionem
319 2300 496 2383 permittit,
509 2307 660 2386 quaestus
675 2319 788 2366 cansa.

179 2405 469 2492 Puniebaturjure
484 2408 574 2474 civili
584 2409 749 2488 Romano,
762 2410 900 2494 inpetro
910 2413 943 2474 et
953 2410 1076 2476 merito
1084 2428 1186 2494 poene
1196 2407 1310 2491 gladii3

139 2514 174 2578 in
188 2513 274 2591 eliis,
289 2533 332 2580 ex
349 2521 457 2581 const.
474 2515 582 2582 Caroli
596 2515 633 2592 V,
657 2535 760 2600 poena
773 2517 960 2594 arbitraria,
977 2521 1016 2582 ut
1028 2517 1227 2601 praecisione
1251 2535 1311 2582 au-

139 2623 724 2708 dum,fustigatione,exsilio‚juxta
732 2625 930 2711 qualitatem
939 2626 1061 2692 delicti.
1074 2626 1179 2692 Poene
1191 2625 1314 2692 tutoris

104 2773 106 2780 -
140 2731 331 2796 msbtatam
349 2717 468 2816 pupilli
487 2732 647 2797 violantis
673 2738 746 2798 eret
773 2733 962 2817 deportatio
987 2739 1022 2799 ot
1042 2732 1239 2799 confiscatio
1255 2733 1315 2798 bo-

142 2857 276 2904 norum.

181 2949 260 3013 lure
278 2947 360 3013 Gall.
382 2953 500 3014 exart.
514 2949 666 3014 tetcod.
683 2969 788 3033 pren,
810 2950 1032 3016 ascendentes
1046 2948 1102 3014 vel
1114 2953 1244 3015 tutores
1256 2950 1313 3033 qui

143 3055 241 3134 lilios,
255 3055 412 3140 pupillos,
430 3061 493 3121 etc.
507 3061 684 3138 exponunt
696 3057 962 3140 prostituendos,
979 3056 1315 3123 damnenturadcar-

143 3181 237 3229 ceres
252 3183 314 3248 per
325 3168 461 3247 tempus
479 3181 550 3228 non
561 3165 674 3246 majus
694 3165 938 3250 quinquennio,
955 3183 1018 3230 nee
1032 3165 1146 3228 minus
1163 3164 1312 3229 biennio.

144 3271 271 3336 Deinde
283 3271 518 3348 ascendentes,
530 3271 766 3350 tutores‚he1i,
778 3272 935 3351 ministri,
947 3272 1003 3337 vel
1017 3271 1178 3338 officiales
1191 3269 1315 3354 publici

146 3377 187 3441 ad
196 3377 391 3461 pudicitiam
405 3377 564 3454 illiorum,
579 3377 795 3462 pupillorum,
806 3383 867 3444 etc.
880 3383 1098 3455 attentantes,
1111 3379 1317 3444 damnantur

146 3484 188 3549 ad
199 3485 354 3550 triremes
368 3485 411 3550 ad
424 3490 569 3570 tempus,
582 3485 611 3549 si
624 3485 679 3550 ille
694 3485 751 3570 qui
763 3505 884 3570 passus
895 3491 947 3552 ost
960 3486 1131 3570 injuriam,
1148 3486 1192 3550 sit
1205 3485 1318 3550 minor

147 3593 182 3656 11
208 3593 325 3669 ennis;
349 3593 478 3658 sivero
501 3593 545 3660 sit
563 3593 676 3657 minor
699 3594 737 3658 13
756 3593 865 3671 annis,
889 3613 985 3660 remo
1006 3593 1149 3678 publicae
1169 3592 1317 3658 triremis

147 3700 316 3782 affligetur
335 3701 370 3764 in
390 3704 594 3784 perpetuum
614 3701 687 3784 (art.
708 3701 767 3766 333
789 3701 868 3767 (lod.
888 3703 1006 3786 paen).
1026 3701 1176 3766 Tandem
1193 3700 1240 3764 illi
1260 3701 1318 3784 qui

147 3805 316 3872 luxuriam
331 3807 522 3890 juventutis
544 3808 634 3873 alere
652 3808 708 3874 vel
726 3811 844 3874 lovere
866 3807 987 3886 solent,
1006 3809 1196 3892 puniuntur
1215 3826 1319 3890 poene

147 3910 289 3975 carceris
299 3909 372 3994 (art.
386 3910 533 3976 3310οά.
542 3915 659 3995 pren).
670 3911 707 3976 ln
716 3912 782 3978 boc
790 3911 933 3977 articulo
942 3912 1055 3993 egitur
1069 3911 1111 3976 de
1120 3910 1187 3974 illis
1198 3911 1256 3995 qui
1267 3929 1318 3976 so

146 4013 217 4081 leni
228 4036 343 4083 mores
354 4020 545 4101 juventutis
555 4020 709 4106 perdere,
720 4020 900 4104 autplures
910 4037 1076 4104 personas
1090 4017 1146 4083 vol
1160 4018 1317 4084 eamdem

145 4123 270 4206 pluries
282 4126 325 4190 ad
340 4130 496 4210 stuprum
509 4128 702 4193 illexerunt.

178 4233 231 4316 De
245 4239 413 4316 potestate
426 4236 562 4319 publica
574 4239 770 4304 meretrices
783 4239 1012 4322 permittente,
1033 4237 1182 4302 diximus
1202 4251 1316 4316 supra,

145 4339 195 4420 51,
213 4339 251 4403 ll.
