3388 5582
420 550 481 617 620
881 567 934 614 ros
954 565 1133 613 csuomcuu.

420 685 496 768 quis
524 684 706 751 decederet
732 683 806 748 sine
834 682 902 750 alio
933 684 1159 759 sacramento,
1197 680 1331 764 possint
1366 681 1588 748 administrari

419 797 573 858 extrema
595 793 710 858 unctio
734 792 791 856 vel
811 790 1031 856 Eucharistiaj
1052 790 1146 854 Idem
1164 788 1265 873 plane
1288 788 1475 854 dicendum
1498 807 1536 856 ac
1554 792 1590 855 de
1648 783 1649 858 j

418 898 834 965 interdicto-Probabilius
868 899 972 964 etiam
993 898 1130 962 videtur
1158 896 1295 979 nuptias
1313 912 1415 979 posse
1433 897 1589 962 celebrari

419 1006 649 1089 (Schmalzgr.‚
665 1025 699 1072 n.
716 1006 797 1086 tlt).
814 1007 878 1070 Alii
893 1013 1009 1072 tamen
1024 1009 1162 1086 negant,
1179 1004 1244 1068 nisi
1258 1005 1372 1069 faveat
1384 1006 1590 1070 consuetudo

419 1113 601 1196 (Giribaldi,
615 1115 657 1180 dc
671 1115 810 1194 Interd„
826 1133 860 1180 n.
879 1117 941 1192 all.
1648 1107 1649 1190 l

457 1221 490 1285 3ο
516 1222 634 1298 Quoad
665 1223 892 1305 privationem
933 1222 1116 1306 sepulture
1150 1221 1406 1297 ecclesiastice,
1441 1219 1588 1285 nonnulli
1648 1197 1649 1278 l

419 1328 512 1394 illam
531 1335 712 1396 recensent
732 1331 822 1395 inter
838 1331 980 1396 ellectus
995 1328 1211 1406 cessationis;
1233 1328 1294 1394 sed
1308 1328 1505 1394 communis
1521 1346 1588 1392 sen-

419 1437 527 1503 tentia
538 1443 653 1519 negat,
671 1439 750 1522 quia
763 1439 903 1504 nomine
917 1439 1112 1504 divinorum
1133 1437 1336 1514 olllciorum,
1353 1435 1590 1519 quibuspriuat

418 1544 563 1608 cessatio
578 1563 599 1608 a
613 1527 747 1622 divinis,
764 1564 836 1610 non
845 1547 941 1610 venit
951 1543 1127 1628 sepultura
1141 1543 1380 1610 ecclesiastica.

459 1652 485 1730 cl
502 1650 616 1716 Conso
629 1655 831 1717 cessationis.
849 1655 881 1717 1ο
891 1629 1164 1718 Cause'elllciens
1180 1657 1232 1716 est
1246 1650 1302 1716 ille
1318 1649 1412 1715 solus
1428 1651 1589 1732 quihabet

415 1759 689 1841 jurisdictionem
702 1760 739 1824 in
752 1762 827 1826 foro
841 1765 995 1837 externo,
1007 1764 1045 1824 ut
1057 1760 1184 1824 dictum
1201 1765 1254 1826 est
1265 1777 1369 1842 supra
1382 1759 1424 1824 dc
1440 1760 1587 1822 censoris.

391 1939 393 1942 ,
418 1866 451 1928 2⁰
466 1865 574 1930 Causa
593 1869 636 1933 ob
653 1886 755 1953 quam
772 1868 881 1932 fertur
897 1872 950 1934 est
969 1867 1131 1932 delictum
1148 1868 1403 1950 gravissimum,
1424 1865 1588 1931 noton'um

419 1976 453 2036 et
471 1975 693 2039 maniiestum
715 1977 919 2042 notorietete
938 1976 1038 2050 lacti,
1063 1979 1101 2039 ut
1120 1975 1211 2038 illius
1231 1973 1390 2040 scandalo
1412 1993 1478 2056 per
1499 1973 1588 2036 talem

418 2081 646 2146 cessationem
656 2085 765 2166 possit
780 2082 920 2148 occurri.
937 2083 1015 2148 llaec
1025 2101 1129 2148 causa
1144 2081 1286 2166 exprimi
1302 2081 1404 2146 debet
1416 2081 1455 2144 in
1477 2081 1589 2145 instru-

419 2193 536 2252 mento
555 2188 689 2272 publico
708 2209 770 2272 per
793 2189 1023 2266 tabellionem,
1051 2207 1112 2254 seu
1132 2189 1255 2254 litteris
1274 2189 1474 2272 patentibus
1490 2185 1587 2266 sigillo

418 2295 614 2361 authentico
640 2296 793 2360 munitis.
810 2296 886 2361 lstae
906 2296 1028 2361 litterae
1043 2296 1130 2361 tradi
1152 2296 1279 2361 debent
1300 2297 1331 2359 ei
1352 2300 1476 2360 contra
1499 2311 1587 2379 quem

419 2404 563 2468 cessatio
586 2404 756 2468 indicitur.
783 2405 889 2469 Debet
913 2403 1016 2469 etiam
1043 2405 1138 2488 prius
1166 2403 1368 2488 deliuquens
1398 2403 1535 2469 moneri
1552 2419 1586 2465 an

420 2511 685 2576 satisfactionem
701 2516 736 2576 et
750 2512 1026 2576 emendationem
1040 2517 1202 2594 praestare
1223 2510 1314 2586 velit,
1332 2511 1413 2594 quia
1430 2529 1503 2575 non
1516 2508 1586 2572 indi-

419 2620 506 2683 citur
527 2620 671 2685 cessatio
694 2620 759 2685 nisi
790 2620 826 2684 iu
848 2620 1108 2684 contumaciam.
1134 2618 1210 2683 lstae
1235 2635 1355 2682 omnes
1381 2617 1584 2683 conditiones

419 2730 500 2790 sunt
513 2727 767 2803 substantiales,
784 2729 831 2792 ita
849 2732 943 2791 ulex
959 2727 1092 2791 delectu
1107 2727 1354 2808 cujuscumque
1366 2744 1409 2789 ex
1420 2741 1586 2790 enumera-

359 2879 362 2888 ,
419 2833 473 2908 tis,
490 2834 639 2900 invalida
653 2835 696 2898 sit
707 2835 852 2900 cessatio
868 2854 888 2900 a
902 2835 1025 2898 divinis
1042 2854 1049 2896 :
1065 2837 1262 2926 constater
1276 2849 1305 2896 o.
1323 2831 1501 2912 Quemvis,
1514 2829 1584 2907 8,de

420 2941 485 3024 Off.
503 2941 589 3022 ord„
605 2943 641 3006 in
654 2943 697 3006 6⁰.

458 3047 675 3131 d)Obligatio
696 3050 856 3114 servandi
872 3047 1110 3114 cessationem.
1134 3050 1166 3111 1⁰
1186 3047 1323 3112 Certum
1343 3050 1396 3111 est
1420 3046 1584 3128 obligatio-

417 3173 499 3220 nem
521 3157 680 3222 servandi
703 3157 932 3223 cessationem
954 3155 1166 3236 adstringere
1194 3156 1256 3219 sub
1278 3159 1417 3237 peccato
1450 3152 1582 3224 mortali,

417 3265 497 3348 quia
511 3265 583 3329 baec
593 3265 732 3331 violatio
748 3271 801 3330 est
816 3264 1042 3346 transgressio
1055 3263 1142 3345 legis
1157 3263 1394 3328 ecclesiasticae
1407 3281 1454 3327 ex
1468 3261 1582 3345 graus-

417 3371 505 3436 sima
518 3388 620 3437 causa
633 3372 812 3456 impositae.
823 3370 984 3453 Religiosi
1001 3370 1150 3453 exempti
1164 3374 1325 3434 tenentur
1335 3387 1477 3436 servare
1487 3385 1581 3434 cessa-

315 3467 319 3478 '
418 3477 546 3542 tionem
561 3479 757 3561 impositam
776 3480 819 3544 ab
834 3479 1010 3562 episcopo;
1029 3479 1119 3562 quia,
1136 3479 1199 3541 etsi
1215 3478 1251 3541 in
1266 3494 1360 3541 conc.
1377 3475 1468 3543 Trid.
1486 3482 1524 3555 (s.
1539 3476 1579 3544 ii,

417 3601 490 3668 cap.
508 3585 556 3660 ll,
571 3585 613 3650 de
628 3586 722 3670 dep.)
736 3605 894 3670 expresse
906 3590 1028 3668 agatur
1042 3585 1084 3650 de
1102 3584 1257 3674 censuris
1272 3588 1417 3660 tantum,
1428 3581 1581 3648 nibilomi-

418 3711 484 3756 nus
504 3693 624 3774 vigent
647 3694 796 3759 rationes
819 3693 1009 3774 obligantes
1032 3698 1071 3756 ut
1086 3691 1325 3774 religiosorum
1344 3697 1534 3757 conventus
1552 3705 1579 3750 se

418 3802 636 3866 conforment
649 3821 728 3866 cum
742 3801 885 3868 ecclesia
899 3803 1051 3867 matrice.

458 3911 491 3972 b
506 3909 571 3974 Sed
586 3909 679 3976 nulle
692 3930 793 3994 poena
809 3917 861 3976 est
881 3911 921 3976 de
933 3914 1010 3993 Jure
1026 3916 1153 3977 statuta
1165 3916 1285 3977 contra
1297 3909 1468 3976 violantes
1483 3923 1578 3974 cessa-

420 4017 561 4081 tionem.
579 4017 666 4080 Olim
681 4018 866 4099 regulares,
881 4020 952 4084 sive
968 4020 1127 4102 exempti,
1140 4019 1212 4083 sive
1226 4037 1296 4084 non
1312 4019 1475 4102 exempti,
1486 4018 1578 4112 incur·

419 4128 541 4190 rebant
563 4127 952 4191 excommunicationem
969 4126 1043 4211 ipso
1059 4127 1161 4202 facto,
1184 4145 1227 4192 ex
1242 4125 1345 4190 Glem.
1366 4127 1418 4201 1⁸,
1440 4127 1481 4189 dc
1497 4121 1576 4188 Seni.

420 4236 711 4312 excommunicat„
733 4236 776 4300 ob
795 4234 1017 4301 violationem
1030 4235 1231 4300 cessationis
1246 4252 1266 4299 a
1281 4233 1421 4310 divinis3
1439 4233 1499 4300 sad
1515 4245 1577 4294 ceo·

420 4357 501 4406 sura
514 4359 585 4406 non
596 4341 732 4407 videtur
746 4348 910 4408 renovata
924 4344 960 4407 ln
975 4349 1083 4408 const.
1097 4342 1297 4426 apostolice
1317 4339 1428 4406 Sedis.
