3418 5566
530 545 617 590 11111
637 543 765 600 omarus
786 541 1006 590 1111111111.
1294 521 1354 584 337

223 655 1046 741 b)Poenaetataecontraordinetosascbtsmaticis.
1059 653 1254 720 l⁰Scienter
1267 653 1356 720 ordi·
1455 693 1456 700 1

182 769 253 834 nati
274 786 295 833 a
316 761 698 834 schismaticis‘notoriis
718 768 973 853 suspenduntur
989 766 1032 830 ab
1049 764 1209 830 exercitio
1230 762 1358 830 ordinis

183 876 407 962 desuscepti,
428 895 471 941 ex
488 882 596 942 const.
620 877 818 962 Apostolicee
846 876 955 942 Sedis.
981 875 1045 953 Qui
1064 875 1210 940 scienter
1223 890 1358 956 recepe·

182 991 264 1052 runt
277 981 433 1052 ordinem
446 986 488 1050 ab
502 987 795 1052 excommunicato
812 984 869 1051 vel
889 1002 1056 1069 suspenso
1075 981 1279 1050 nominatim
1302 981 1360 1046 do·

183 1089 338 1159 nuntiato
363 1099 423 1158 aut
443 1095 485 1158 ab
511 1094 671 1160 haeretico
698 1094 754 1159 vel
776 1093 990 1159 schismatico
1008 1093 1155 1169 notorio,
1181 1091 1360 1156 incurrunt

182 1202 271 1267 benc
290 1207 491 1286 perpetuam
513 1202 786 1285 suspensionem,
808 1201 873 1267 Sed
894 1200 975 1286 quid
998 1201 1189 1284 requiratur
1208 1199 1251 1264 ad
1272 1199 1360 1264 hanc

184 1310 423 1374 notorietatem
437 1309 734 1375 constituendam?
753 1309 854 1374 Juxta
870 1307 996 1392 plures,
1014 1308 1186 1373 sultlceret
1199 1312 1238 1372 ut
1251 1323 1361 1371 reces-

183 1437 243 1483 sus
258 1436 278 1482 a
291 1416 358 1482 fide
371 1419 427 1483 vel
439 1417 633 1482 obedientia
642 1418 687 1481 sit
698 1417 869 1492 notorius3
887 1415 1249 1482 sedveriorsontentia
1261 1415 1361 1482 docet

183 1525 321 1609 requiri,
338 1525 373 1587 in
387 1525 652 1608 praesentirem,
669 1530 709 1589 ut
725 1524 907 1590 haereticus
926 1523 982 1589 vel
996 1523 1230 1589 scbIsmaticus
1244 1523 1288 1589 ad

185 1651 289 1715 quam
302 1637 431 1697 sectam
444 1634 626 1698 manifesto
641 1633 820 1716 pertineat.

225 1741 257 1804 2⁰
269 1739 333 1817 Qui
347 1740 557 1820 ignoranter,
575 1759 637 1804 seu
652 1741 835 1817 bonafide,
853 1761 874 1806 1
887 1740 1010 1806 talibus
1036 1743 1089 1805 est
1105 1739 1292 1816 ordinatus,
1308 1739 1359 1803 in·

184 1848 290 1912 currit
306 1846 444 1931 quidem
464 1848 734 1931 suspensionem,
757 1849 817 1914 sed
835 1854 969 1914 tantum
988 1850 1029 1913 ab
1049 1849 1204 1912 coercitio
1220 1839 1360 1924 ordinis,

184 1975 255 2022 non
269 1957 404 2039 proprie
418 1957 460 2021 ab
476 1957 551 2040 ipso
566 1957 704 2034 ordine;
721 1957 798 2022 ideo
809 1958 851 2023 ab
862 1959 1020 2042 episcopo
1031 1962 1146 2042 potest
1161 1956 1361 2040 dispensari,

185 2069 225 2128 ut
245 2069 403 2129 exerceat
426 2065 582 2130 ordinem
604 2069 824 2148 susceptum:
849 2066 936 2130 ratio
956 2069 1026 2143 est,
1051 2066 1131 2149 quia
1151 2064 1266 2131 mitior
1284 2085 1361 2132 esse

186 2173 399 2256 debetpoena
414 2175 527 2258 quoad
541 2173 628 2250 illos,
645 2178 680 2238 et
694 2173 778 2239 alias
793 2174 866 2239 baec
881 2173 1090 2258 dispensatio
1106 2173 1189 2239 olim
1203 2192 1274 2240 non
1290 2180 1364 2241 erat

185 2286 369 2346 reservata.
387 2280 439 2345 An
452 2282 545 2346 idem
560 2281 742 2346 dicendum
759 2283 802 2346 sit
825 2282 866 2348 dc
882 2301 924 2347 eo
940 2283 998 2366 qui
1013 2284 1155 2348 accessit
1169 2282 1213 2347 ad
1229 2283 1364 2348 ordina-

187 2389 316 2456 tionem
330 2409 408 2455 cum
424 2391 537 2468 dubio,
556 2396 591 2456 et
604 2391 757 2474 neglexit
777 2391 948 2475 inquirere
972 2411 1015 2457 ex
1034 2391 1164 2457 desidia
1187 2391 1364 2475 culpabili?

185 2497 382 2564 affirmatur
390 2500 609 2582 probabilius,
622 2501 703 2585 quia
713 2500 827 2582 agitur
837 2499 878 2564 de
891 2499 956 2564 illis
970 2500 1028 2584 qui
1044 2524 1059 2558 a
1070 2503 1364 2583 praesumpserunt

182 2607 336 2692 recipere
357 2609 512 2674 ordinem
538 2635 566 2688 »‚
593 2614 801 2693 quapropter
828 2609 1030 2694 supponitur
1053 2608 1268 2674 contumacia
1287 2625 1364 2693 per-

186 2714 285 2780 lecta.

226 2825 253 2908 c)
263 2823 457 2890 Notandum
468 2830 520 2889 est
535 2825 627 2909 quod
641 2824 809 2892 haereticis
831 2829 866 2889 11
881 2826 1104 2892 schismaticis
1131 2824 1364 2891 assimilantur

186 2931 234 2995 illi
249 2932 307 3015 qui
325 2932 456 2997 occulta
468 2932 707 2998 conventicula
720 2932 903 3010 celebrant,
924 2951 1000 3018 quse
1021 2935 1178 3000 faverent
1203 2933 1381 2998 schisma.

186 3042 261 3106 ticae
275 3040 434 3104 seditioni
445 3044 479 3105 et
491 3039 728 3105 haeresianos
740 3059 783 3105 ex
797 3059 825 3105 c.
836 3042 885 3118 lu,
903 3041 944 3105 cle
957 3042 1096 3118 Haeret,
1108 3045 1249 3126 postjus
1264 3041 1363 3106 civile

185 3147 389 3224 Romanum,
399 3148 472 3212 haeo
483 3146 719 3212 conventicula
728 3148 951 3231 probibentur
964 3150 1027 3213 sub
1041 3168 1145 3235 poena
1158 3147 1270 3214 ultimi
1284 3167 1364 3233 sup-

186 3254 286 3338 plicii,
301 3260 336 3319 11
349 3255 471 3320 domus
483 3255 519 3319 in
530 3253 652 3338 quibus
660 3253 885 3333 celebrantur,
899 3256 981 3321 sssco
994 3256 1104 3321 addici
1117 3257 1253 3334 debent,
1263 3258 1364 3339 juxta

187 3363 477 3447 prescriptionem
490 3364 577 3447 juris
593 3362 702 3429 civilis
711 3363 867 3462 Romani.

619 3765 830 3848 brunus
868 3767 937 3845 Ill.

393 3958 432 4010 DE
452 3959 611 4010 APOS'PATIS
632 3962 670 4008 ET
690 3961 927 4009 REITERANTIBUS
948 3961 1095 4009 BAPTISMA
1117 3957 1156 4014 (l).

217 4284 325 4381 ,Nora
342 4282 391 4348 Ex
405 4281 523 4348 ordine
534 4280 694 4346 doctrinae
708 4280 947 4364 progredimur
960 4282 1002 4347 de
1020 4280 1188 4347 haereticis
1205 4284 1240 4346 11
1255 4280 1365 4346 schis-

191 4393 322 4458 maticis
336 4391 379 4457 od
394 4393 577 4475 apostatas,
592 4389 650 4473 qui
661 4389 751 4466 fidei,
766 4390 938 4456 eharitatis
953 4395 988 4455 et
998 4389 1179 4480 regiminis
1188 4381 1365 4454 'vinculum

191 4497 795 4597 abrumpuntdpostatisjunguntur
813 4498 1014 4563 reiterantes
1037 4497 1255 4580 baptismum,
1285 4497 1367 4582 quia

225 4685 779 4758 (11110111111111111111111111111111011.
796 4685 825 4737 11
840 4685 946 4749 codice,
961 4684 979 4736 l.
992 4685 1011 4749 1,
1026 4689 1046 4739 1.
1059 4698 1097 4752 vr,
1113 4699 1161 4740 vu.

350 4803 397 4850 nr.
1167 4779 1208 4845 11
