3482 5560
359 552 442 606 saura
463 551 650 606 mosroalcn
671 551 851 604 noconnm
872 551 958 605 cruca
979 549 1201 603 uararuourdu.
1315 533 1375 603 939

195 679 351 736 oonuaotu
365 675 502 752 disjungi
514 691 549 736 aa
561 674 708 748 disparari
719 670 876 734 huminum
894 672 1039 733 arbitratu
1055 679 1154 746 queat.
1169 703 1204 716 -
1221 675 1374 745 Quaprop-

196 769 241 823 ter
255 779 311 824 neo
325 767 442 826 ratione
453 767 593 837 efficitur,
610 782 666 828 nee
681 771 758 824 teste
774 770 943 836 temporum
960 763 1087 822 historia
1101 763 1314 836 comprobatur
1327 777 1378 836 po-

195 859 331 912 testatem
356 855 387 913 in
413 857 603 915 matrimonia
622 853 855 915 christianorum
879 853 917 910 ad
938 851 1090 925 principes
1115 851 1286 924 reipublice
1308 865 1376 910 essa

193 943 261 1016 jure
277 945 453 1004 traductam.
470 946 555 1015 Quod
568 947 596 1005 si
608 945 664 1004 lrtc
679 945 709 1003 in
724 957 757 1002 re
768 942 901 1002 alienun
912 941 1056 1000 violatum
1066 941 1119 1016 jus
1137 945 1196 1012 cst,
1208 955 1296 999 nemo
1311 955 1378 1014 pro

192 1033 274 1092 *lecto
286 1034 395 1094 dixerit
408 1050 477 1095 esse
492 1037 529 1094 ab
544 1035 679 1094 Ecclesia
685 1033 842 1091 violatum.
1398 1097 1401 1104 ,

233 1123 351 1182 lltinam
372 1139 443 1183 vero
462 1125 710 1185 naturalistarum
730 1122 863 1192 oracula,
887 1127 921 1182 ut
940 1128 1014 1182 sunt
1027 1122 1115 1196 plena
1136 1121 1273 1180 lalsitatis
1287 1125 1317 1180 et
1331 1123 1376 1180 in-

194 1209 333 1284 iustitia,
348 1212 390 1271 ita
405 1227 466 1272 non
480 1213 570 1272 etiam
584 1217 689 1274 assant
708 1211 838 1270 fecunda
851 1211 1100 1270 detrimentorum
1114 1217 1143 1269 et
1158 1211 1376 1270 calamitatuni!

198 1298 255 1358 Sed
268 1300 355 1359 lacile
369 1307 417 1360 est
434 1301 588 1373 pervidere
598 1305 743 1374 quautam
761 1299 918 1373 profanata
930 1299 1071 1374 conjugia
1092 1299 1256 1372 perniciem
1271 1300 1377 1358 attula-

197 1387 269 1458 rint,
288 1393 432 1460 quantam
446 1389 573 1449 allatura
584 1391 646 1449 sint
662 1390 811 1449 uniuersa
829 1389 986 1448 homiuum
1010 1389 1228 1452 communitati.
1243 1421 1278 1432 -
1293 1389 1378 1446 Prin-

197 1475 276 1548 cipio
290 1477 412 1550 quiden
427 1478 476 1537 lex
487 1483 534 1538 est
550 1480 670 1552 prouisa
683 1478 947 1552 divinitusutquae
959 1481 1019 1536 lieo
1034 1483 1064 1536 et
1078 1483 1187 1536 natura
1201 1479 1378 1537 auctoribus

198 1566 337 1624 instituta
354 1572 437 1638 sunt,
461 1583 496 1627 ea
513 1573 598 1628 tanto
614 1568 685 1643 plus
706 1568 792 1628 utilia
814 1583 849 1626 ao
878 1567 1021 1626 salutaria
1041 1567 1241 1640 experiamur,
1265 1573 1379 1642 quanto

198 1654 296 1729 magis
309 1660 390 1714 statu
408 1657 642 1742 nativomanent
653 1657 771 1734 integra
787 1663 876 1731 atque
891 1657 1166 1726 incommutabilia;
1189 1657 1379 1731 quandoqui-

197 1744 265 1803 dem
283 1753 456 1818 procreator
470 1761 571 1806 rerum
584 1747 720 1808 omnium
738 1750 818 1806 Deus
832 1747 926 1821 probe
943 1747 1026 1805 norit
1039 1747 1112 1820 quid
1126 1747 1317 1821 singularum
1333 1748 1379 1806 in-

199 1833 348 1892 stitutioni
362 1839 392 1893 et
402 1835 624 1894 conservationi
633 1835 797 1909 expediret,
807 1841 995 1910 cunctasque
1004 1835 1158 1894 voluntate
1169 1842 1198 1893 et
1213 1840 1312 1892 mente
1324 1849 1380 1894 sua
1448 1843 1450 1848 '

198 1921 412 1996 sicordiuavit,
429 1929 461 1984 ut
484 1939 575 1984 suum
593 1939 784 2000 unaquaeque
804 1925 918 1984 exitum
938 1923 1151 1984 conuenienter
1170 1923 1309 1982 habitura
1328 1925 1378 1982 sit.

198 2015 235 2070 nt
245 2013 272 2072 si
286 2027 387 2072 rerum
402 2015 538 2074 ordinem
549 2013 814 2088 providentissime
829 2015 1027 2074 constitutum
1038 2015 1201 2072 'immutare
1212 2016 1248 2070 at
1263 2018 1379 2086 pertur-

197 2099 268 2160 aare
283 2101 440 2161 hominum
456 2103 613 2163 temeritas
626 2109 677 2162 aut
695 2103 871 2177 improbitas
885 2103 968 2173 uelit‚'
983 2109 1048 2161 tum
1070 2117 1140 2161 vero
1155 2103 1244 2162 etiarn
1260 2103 1379 2176 sapien-

198 2191 317 2250 tissime
340 2196 430 2265 atque
446 2193 609 2252 utilissime
632 2194 773 2254 instituta
791 2199 843 2254 aut
865 2192 1156 2265 obesseincipiunt,
1169 2197 1221 2251 aut
1235 2192 1380 2266 prodesse

201 2281 353 2353 desinunt,
368 2283 415 2340 val
435 2283 516 2356 quod
536 2286 599 2346 uim
617 2283 743 2357 jurandi
771 2284 938 2342 mutatione
960 2282 1127 2353 amiserint,
1142 2282 1188 2340 vel
1205 2281 1285 2354 quod
1304 2280 1379 2339 tales

201 2372 281 2428 Deus
296 2371 361 2444 ipse
376 2385 483 2444 prunas
497 2373 583 2431 malit
597 2373 634 2432 de
646 2373 818 2432 mortalium
834 2371 975 2446 superbia
997 2377 1087 2444 atque
1109 2371 1234 2430 audacia
1248 2385 1378 2429 sumere.

200 2462 337 2518 lamuero
352 2462 404 2534 qui
423 2477 543 2523 sacrum
558 2477 628 2522 esse
640 2453 866 2521 matrimonium
879 2466 1003 2536 negant,
1022 2465 1112 2535 atque
1134 2460 1217 2518 omni
1232 2460 1381 2532 despolia-

203 2553 267 2607 tum
289 2550 447 2610 sanctitate
463 2553 495 2610 in
516 2566 617 2612 rerum
639 2553 831 2625 profanarum
847 2550 1014 2623 conjiciunt
1038 2563 1145 2624 genus,
1164 2549 1186 2606 ii
1208 2553 1382 2622 pervertunt

201 2638 397 2700 fundamenta
411 2646 536 2712 nature,
557 2641 707 2700 atdivinae
727 2640 925 2699 Providentiae
946 2644 1011 2698 tum
1035 2639 1175 2697 consiliis
1197 2644 1380 2712 repugnant,

202 2733 266 2788 tum
280 2731 428 2802 instituta,
454 2737 601 2805 quantum
622 2735 732 2805 potest,
750 2730 964 2789 demoliuntur.
991 2731 1177 2802 Quapropter
1190 2730 1299 2787 mirum
1314 2743 1381 2787 esse

202 2835 262 2878 uon
281 2821 367 2880 debet
381 2837 419 2880 ax
436 2823 610 2898 hujusmodi
627 2821 786 2882 conatibus
801 2821 920 2880 insanis
935 2825 1025 2895 atque
1041 2821 1143 2894 impiis
1163 2835 1227 2878 carn
1245 2819 1381 2894 generari

203 2911 351 2970 malorum
366 2919 511 2988 segetem,
531 2929 592 2988 qua
606 2913 682 2972 nihil
697 2918 746 2973 est
760 2912 851 2972 saluti
866 2911 1035 2970 animarum
1051 2911 1309 2983 incolumitatiqua
1325 2909 1381 2970 rci-

203 3001 331 3073 publicae
347 3003 560 3075 perniciosius.
579 3023 584 3036 ·
1400 3061 1402 3067 .

239 3093 269 3150 si
283 3094 490 3173 consideretur
504 3107 651 3168 quorsum
665 3093 926 3151 matrimoniorum
942 3092 1089 3166 pertineat
1103 3090 1206 3150 diuina
1219 3089 1381 3161 institutio,

202 3181 232 3240 id
248 3185 304 3241 erit
318 3184 590 3256 evidentissimum,
611 3183 764 3242 includere
790 3182 822 3240 in
842 3181 903 3240 illis
924 3181 1058 3240 voluisse
1081 3183 1176 3238 Deum
1195 3180 1334 3238 utilitatis
1354 3185 1383 3238 et

192 3271 310 3332 salutis
324 3274 451 3346 publicae
463 3273 633 3333 uberrimos
649 3273 758 3332 lonoes.
775 3275 809 3330 lit
822 3285 907 3343 sane,
922 3275 1129 3344 preterquam
1144 3269 1224 3342 quod
1239 3283 1384 3343 propaga-

203 3361 278 3419 tioni
289 3363 410 3437 generis
424 3363 549 3422 humani
564 3361 765 3434 prospiciunt,
781 3359 853 3419 illuc
867 3373 987 3433 quoque
1002 3357 1162 3432 pertinent,
1179 3363 1212 3416 ut
1227 3357 1382 3416 meliorem

203 3449 294 3508 uitam
308 3452 473 3526 conjugum
489 3450 715 3523 acutioremque
730 3447 872 3518 cinciana
890 3447 979 3522 idque
994 3447 1133 3520 pluribus
1148 3447 1262 3520 causis,
1275 3460 1382 3520 nempe

203 3544 309 3597 mutuo
332 3539 369 3597 ad
391 3539 589 3598 necessitates
613 3536 816 3596 sublevandas
839 3535 1029 3609 adjumanto,
1054 3548 1155 3594 amore
1178 3537 1329 3594 constanti
1354 3542 1383 3594 at

191 3623 294 3698 idoli,
318 3628 531 3688 communione
554 3625 690 3685 omnium
715 3625 875 3694 honorum,
899 3625 996 3700 gratia
1022 3623 1137 3683 coelesti
1159 3639 1227 3698 qum
1249 3639 1383 3684 asacra-

204 3722 305 3774 mento
328 3716 540 3789 proficiscitur.
570 3716 679 3775 Eadem
706 3729 777 3773 vero
802 3714 967 3786 plurimum
987 3719 1117 3786 possunt
1139 3714 1174 3772 ad
1198 3713 1382 3774 familiarum

204 3805 350 3874 salutem;
372 3819 442 3864 uam
453 3793 650 3864 matrimonia
670 3801 805 3876 quandiu
824 3807 898 3860 suut
912 3800 1111 3876 congruentia
1129 3809 1255 3872 nature,
1270 3803 1383 3876 oeique

204 3895 333 3953 oonsilio
348 3901 414 3968 apte
425 3897 619 3970 conueniunt,
633 3893 753 3953 llrmare
768 3893 902 3965 prolecto
916 3890 1059 3950 valebunt
1076 3891 1247 3950 animorum
1263 3907 1384 3951 concor·

204 3985 283 4043 diam
298 3985 375 4044 iuter
390 3993 539 4058 parantes,
557 3984 636 4044 tueri
656 3983 766 4042 bonam
782 3981 1004 4041 iustitutionem
1023 3981 1197 4052 liberorum,
1220 3987 1383 4055 temperare

204 4075 331 4147 patriam
346 4081 522 4149 potestatem
537 4073 693 4148 proposito
707 4073 816 4132 divinae
837 4073 994 4144 potestatis
1011 4070 1158 4145 exemplo,
1183 4071 1262 4130 illios
1276 4085 1383 4144 paren·

205 4164 297 4236 tibus,
314 4166 443 4226 famulos
466 4165 549 4224 heris
569 4165 667 4223 lacere
688 4163 874 4222 obedientes.
885 4160 929 4219 nh
947 4161 1095 4235 ejusmodi
1115 4166 1214 4219 autem
1234 4161 1385 4234 conjugiis

205 4261 378 4326 exspectare
397 4254 531 4312 ciuitates
543 4253 611 4328 jure
630 4257 872 4326 possuntgeuus
887 4256 916 4308 et
930 4249 1065 4309 sobolem
1085 4249 1196 4308 civium
1216 4249 1269 4322 qui
1292 4248 1384 4321 probe

205 4345 328 4404 animati
349 4346 421 4416 sint,
443 4345 556 4418 lleique
574 4343 741 4403 reverentia
760 4349 850 4417 atque
869 4355 970 4400 amore
989 4339 1116 4410 assueti,
1139 4339 1188 4398 sui
1206 4339 1299 4396 ollloii
1317 4353 1383 4399 esse

205 4435 316 4494 ducant
328 4435 411 4509 iuste
432 4440 463 4494 et
475 4434 608 4510 legitime
622 4433 841 4507 imperantibus
860 4432 1076 4504 obtemporare,
1098 4436 1224 4489 cunctos
1247 4429 1383 4504 diligere,

206 4523 312 4582 laedere
328 4525 489 4583 nemiuem.

242 4619 302 4675 llos
317 4616 433 4674 fructus
455 4618 555 4672 natos
579 4627 614 4672 ao
637 4617 698 4672 am
726 4611 886 4686 praeclaros
905 4610 1010 4670 tandiu
1033 4608 1258 4668 matrimonium
1282 4623 1384 4668 reuera

207 4707 323 4780 genuit,
338 4705 472 4780 quandiu
487 4717 613 4764 munera
622 4701 804 4773 sanctitatis,
820 4702 957 4773 unitatis,
970 4699 1238 4774 perpetuitatisque
1248 4700 1382 4772 retinuit,
