3412 5570
347 540 407 610 436
804 557 857 608 tus
877 557 1056 610 cauorrccrr.

344 684 441 745 catur
455 679 697 757 necromantia,
715 682 857 764 ejusque
872 698 998 746 novem
1013 683 1094 744 sunt
1105 677 1234 762 species
1250 697 1258 743 :
1275 679 1308 745 1ο
1322 682 1375 744 est
1387 675 1517 764 prasti-

344 795 450 875 gium,
467 792 549 858 dum
565 793 700 858 daemon
715 792 816 858 variis
829 793 1105 877 apparitionibus,
1120 803 1252 877 scuper
1265 793 1362 858 fictas
1375 793 1515 875 figuras,

343 901 454 966 illudit
468 900 733 987 superstitiosos,
751 919 787 966 sc
801 901 938 965 illorum
952 901 1144 985 aspectibus
1161 901 1324 986 objiciens
1341 907 1374 966 et
1387 900 1518 967 occulta

346 1010 487 1085 docens;
507 1009 539 1072 2⁶
556 1008 794 1084 animantia,
821 1008 902 1073 dum
922 1028 984 1092 per
1000 1009 1133 1074 somnia
1151 1010 1300 1091 cognitio
1320 1011 1518 1093 quaeritura

346 1118 501 1184 daemona
513 1137 520 1195 ;
534 1119 567 1182 3⁰
577 1117 810 1183 necromantia
823 1117 989 1201 specifice,
1006 1118 1089 1183 dum
1103 1119 1144 1184 ad
1161 1123 1273 1185 certos
1285 1119 1371 1182 ritus
1391 1121 1518 1183 certas-

235 1293 238 1309 ,
345 1245 412 1310 que
425 1243 544 1310 preces
558 1226 718 1291 videntur
735 1226 862 1291 mortui
876 1244 1069 1308 resurgere,
1092 1226 1187 1311 loqui
1205 1233 1240 1293 et
1260 1227 1397 1304 docere3
1419 1227 1452 1290 4⁰
1468 1225 1517 1290 di-

344 1335 472 1399 vinatio
496 1351 557 1419 per
575 1334 773 1417 pythonem,
796 1333 878 1397 dum
898 1333 1033 1398 daemon
1057 1353 1120 1417 per
1141 1334 1299 1400 homines
1322 1331 1515 1417 arreptitios

341 1440 512 1527 loquitur;
531 1445 565 1506 5ο
584 1441 791 1524 geomantia,
815 1441 897 1506 dum
910 1459 973 1524 per
993 1442 1091 1524 signa
1111 1445 1146 1507 et
1161 1459 1303 1526 corpora
1324 1441 1513 1534 terrestria;
1533 1501 1535 1504 .

341 1550 637 1632 chrydionensis,
655 1550 736 1614 dum
750 1568 811 1633 per
826 1549 924 1631 signa
938 1568 1034 1635 aquae
1050 1568 1111 1616 seu
1125 1550 1161 1614 in
1181 1550 1278 1634 aquis
1297 1550 1514 1635 apparentia;

341 1660 373 1721 7⁰
388 1661 608 1737 aeromantia,
626 1658 707 1723 dum
721 1677 782 1742 per
794 1659 892 1740 signa
905 1659 941 1722 in
955 1676 1054 1735 aere;
1070 1659 1102 1724 8ο
1116 1659 1339 1742 pyromantia,
1357 1658 1439 1722 durn
1454 1676 1517 1742 per

342 1767 440 1849 signa
463 1769 498 1832 in
525 1767 605 1848 igne
637 1767 807 1833 occultum
832 1767 993 1850 aperitur,
1023 1771 1057 1831 et
1078 1767 1218 1832 tandffln
1238 1768 1270 1831 9ο
1294 1767 1513 1851 aruspicium,

340 1876 423 1941 dum
437 1895 499 1960 per
513 1877 611 1960 signa
626 1877 662 1941 in
676 1876 862 1942 visceribus
877 1876 1076 1942 animalium
1087 1877 1283 1961 apparentia
1306 1875 1440 1942 daemon
1464 1876 1518 1940 ln-

341 1987 417 2049 tura
430 1988 465 2049 et
479 1985 610 2050 occulta
622 1985 730 2049 docet.

380 2091 409 2171 b)
423 2091 646 2157 Divinationis
662 2111 737 2177 quae
751 2093 790 2155 fit
798 2109 842 2158 ex
853 2097 952 2176 pacto
966 2090 1129 2175 implicito
1142 2109 1205 2158 seu
1217 2092 1329 2173 tacito,
1347 2093 1423 2159 duae
1436 2097 1519 2159 sunt

340 2199 469 2283 species
487 2220 494 2262 ε
511 2201 542 2264 l⁰
557 2199 668 2264 Prima
683 2199 804 2284 quarit
816 2199 1049 2282 cognitionem
1062 2200 1098 2266 in
1117 2201 1388 2268 consideratione
1403 2202 1518 2286 dispo-

339 2309 471 2375 sitionis
482 2308 645 2374 naturalis
655 2307 711 2373 vel
725 2313 840 2374 motus
854 2309 1033 2394 spontanei
1045 2309 1184 2374 alterius
1198 2311 1246 2376 rei
1262 2331 1269 2373 :
1286 2311 1334 2376 sic
1344 2310 1517 2394 pcnetbb'a

340 2437 401 2482 seu
416 2417 609 2500 astrologia,
627 2437 670 2490 ex
689 2417 839 2483 siderum
855 2425 949 2483 motu
970 2423 1005 2482 et
1019 2420 1103 2496 situ;
1121 2456 1161 2466 -
1176 2422 1370 2504 anper-tum,
1382 2439 1425 2484 ex
1443 2419 1517 2484 ani·
1610 2499 1615 2506 Ι

338 2527 480 2591 mallum
493 2527 634 2592 vocibus
648 2531 707 2592 aut
716 2527 896 2592 hominum
912 2528 1175 2605 sternutatione3
1191 2565 1230 2575 -
1240 2529 1455 2614 aruspicium,
1470 2546 1516 2592 ex

338 2633 455 2700 volatu
470 2636 585 2701 avium
600 2640 636 2700 et
649 2639 743 2702 motu
757 2635 977 2714 animalium;
994 2671 1033 2682 —
1048 2654 1157 2718 omero,
1174 2655 1217 2702 ex
1229 2637 1410 2704 hominum
1422 2636 1515 2702 voci-

338 2745 402 2808 bus
422 2749 547 2828 praeter
566 2745 793 2811 intentionem
815 2744 973 2828 prolatis;
988 2781 1027 2792 -
1041 2745 1317 2830 pbpsr'opnomia,
1342 2765 1384 2812 ex
1409 2745 1514 2810 totius

337 2853 488 2936 corporis
501 2853 650 2917 hominis
665 2853 792 2934 signis3
809 2887 848 2898 —
867 2853 1145 2937 spatulomootio,
1162 2873 1205 2918 ex
1226 2852 1368 2937 spatulae
1384 2852 1513 2934 signis3

338 2996 377 3009 -
390 2963 649 3046 metoposcopio,
670 2979 713 3026 ex
732 2962 863 3038 fronte3
885 2997 925 3008 —-
945 2960 1156 3041 cbr'romatia,
1177 2980 1220 3026 ex
1235 2962 1394 3026 manibus
1409 2965 1443 3026 et
1456 2977 1516 3026 va-

337 3071 395 3135 riis
409 3069 508 3136 lineis
523 3071 693 3154 inspectis.
713 3069 776 3145 Qui
791 3089 834 3134 ex
847 3068 970 3134 talibus
983 3069 1089 3152 signis
1103 3071 1218 3136 futura
1235 3074 1271 3137 et
1284 3070 1416 3136 occulta
1428 3086 1515 3154 prae-

338 3179 428 3258 dicit,
445 3178 579 3245 divinus
598 3184 633 3245 et
647 3197 757 3261 augur
772 3184 835 3244 est.

377 3289 409 3351 2⁰
424 3288 579 3354 Secunda
593 3287 723 3371 species
739 3286 958 3354 divinationis
973 3306 1016 3355 ex
1030 3292 1128 3372 pacto
1144 3287 1308 3372 implicito
1322 3285 1442 3373 querit
1455 3302 1513 3353 co·

338 3397 529 3479 gnitionem
552 3417 596 3462 ex
619 3397 839 3481 dispositione
859 3415 979 3463 eorum
1004 3417 1080 3482 quae
1106 3415 1170 3465 nos
1195 3399 1351 3464 consulto
1369 3399 1514 3463 iacimus

338 3510 477 3590 propter
494 3505 631 3590 aliquod
645 3505 815 3572 occultum
829 3506 1117 3589 cognoscendum.
1146 3506 1245 3572 Varia
1260 3507 1363 3571 etiarn
1383 3507 1516 3589 accepit

341 3613 493 3692 nomina,
506 3617 606 3698 juxta
619 3613 732 3679 varios
746 3613 868 3680 modos
882 3632 1102 3699 quorumope
1118 3615 1279 3698 quaeritur
1292 3613 1441 3695 cognitio
1457 3629 1515 3678 oc-

341 3722 511 3788 cultorum
528 3743 535 3784 :
551 3721 672 3788 dicitur
686 3720 848 3788 divinatio
857 3741 920 3806 per
933 3727 1054 3800 sortes,
1068 3722 1203 3807 qnando
1218 3723 1368 3804 cognitio
1381 3724 1513 3787 tuturo·

339 3849 418 3896 rum
433 3829 595 3914 quaeritur
613 3848 656 3894 ex
676 3829 778 3894 variis
794 3829 910 3911 signis,
929 3830 1055 3896 scilicet
1070 3849 1112 3895 ex
1126 3830 1266 3914 plumbo
1280 3829 1460 3915 liquefacto
1475 3834 1515 3894 et

337 3939 375 4004 in
397 3955 521 4022 aquam
533 3939 636 4020 jecto,
654 3953 697 4003 ex
721 3937 992 4003 consideratione
1015 3939 1155 4003 iestucae
1177 3955 1220 4004 ex
1238 3938 1370 4004 duabus
1388 3937 1513 4003 oblatis

276 4047 277 4050 ’
339 4047 465 4125 electa,
483 4063 526 4111 ex
540 4044 709 4111 schedulis
727 4046 763 4108 in
788 4063 910 4110 urnam
923 4047 1068 4129 injectis,
1084 4045 1140 4110 vel
1153 4047 1365 4130 projectione
1380 4044 1513 4112 aribo-

336 4175 424 4232 rum,
448 4160 508 4221 aut
529 4153 800 4222 consideratione
823 4157 898 4237 ejus
923 4155 1014 4238 quod
1035 4155 1199 4238 aperienti
1225 4154 1351 4220 librum
1370 4153 1512 4221 fortuito

336 4264 490 4340 occurrit,
507 4267 570 4330 etc.

375 4373 426 4439 lV.
439 4369 639 4456 Superstitio
653 4386 751 4435 vona
767 4367 986 4436 obseruantia
1001 4375 1064 4450 est,
1082 4371 1219 4457 quando
1234 4389 1296 4456 per
1309 4369 1512 4438 mediainu·

333 4480 403 4550 tilia
417 4487 452 4548 et
467 4497 488 4548 a
504 4481 619 4547 divina
632 4476 847 4545 Providentia
863 4478 953 4546 vela
976 4485 1099 4547 natura
1117 4481 1160 4547 ad
1181 4482 1247 4548 hoc
1264 4482 1406 4547 minime
1420 4481 1512 4547 ordi-

331 4600 423 4672 nata,
432 4596 635 4678 procuratur
647 4589 770 4672 aliquis
785 4589 938 4667 effectus,
955 4607 987 4654 v.
1002 4607 1036 4671 g.
1048 4592 1243 4657 consecutio
1258 4591 1402 4674 alicujus
1414 4588 1509 4671 boni,

330 4703 448 4774 vitatio
463 4699 555 4768 mali.
571 4697 732 4765 Dicitur«
748 4713 837 4764 vana
856 4696 1082 4776 observantia,
1101 4723 1117 4758 ι)
1143 4698 1221 4782 quia
1235 4699 1291 4768 vel
1306 4717 1376 4768 non
1391 4718 1512 4768 conse·
