3508 5568
544 635 628 679 11111
650 635 784 687 cranaus
805 633 1024 681 nacasranruu.
1328 607 1369 684 59

194 745 406 838 catholicum,
429 747 589 813 videntur
610 749 721 813 valide
735 767 850 814 coram
866 750 998 814 duobus
1022 749 1077 814 vel
1103 751 1209 815 tribus
1225 753 1369 818 testibus

176 855 642 934 -contrahcrematrimonia;
659 864 732 922 tum
757 861 836 943 quia
860 859 915 942 pia
939 864 1050 924 mater
1063 859 1212 924 Ecclesia
1235 863 1370 927 videtur

193 964 464 1030 condescendere
487 966 530 1030 ad
553 986 671 1032 eorum
691 968 860 1044 valorcm;
878 972 952 1030 tum
976 969 1056 1050 quia
1081 967 1115 1031 in
1139 969 1262 1034 talibus
1285 970 1369 1038 locis

194 1072 369 1136 decretum
384 1072 470 1137 Trid.
486 1075 660 1139 moraliter
674 1074 882 1158 impossibile
898 1078 951 1139 cst
965 1077 1140 1141 observari
1165 1097 1171 1138 :
1190 1083 1306 1160 pastor
1322 1083 1370 1144 ta-

194 1199 273 1245 men
293 1181 472 1244 baeretious
496 1200 565 1246 non
591 1185 643 1247 est
665 1182 888 1258 adhibendus,
914 1187 951 1246 ut
970 1183 1046 1246 talis
1072 1191 1371 1264 recognoscatura

194 1288 368 1353 catholicis
384 1291 435 1370 (1).

235 1397 438 1462 Benedictus
456 1397 533 1474 XIV,
551 1417 613 1482 per
626 1417 794 1481 organum
810 1399 919 1464 Sacrae
940 1399 1061 1480 Congr.
1077 1399 1175 1464 uene.
1194 1419 1308 1466 coram
1332 1423 1368 1467 se

196 1507 319 1572 habitae
336 1507 388 1571 die
408 1507 532 1572 131111
552 1509 640 1584 1711,
667 1507 818 1590 generali
843 1507 1016 1572 decretos
1040 1527 1076 1573 se
1100 1510 1301 1575 confirmato
1317 1511 1370 1575 die

194 1615 215 1678 1
229 1616 388 1680 novemb.
407 1616 562 1698 ejusdem
575 1617 666 1692 anni,
681 1635 743 1699 per
753 1619 934 1680 extensum
949 1616 1056 1680 relato
1073 1617 1107 1680 in
1122 1619 1196 1699 ejus
1211 1616 1369 1694 Bellene,

196 1728 289 1788 tomo
305 1726 329 1799 1,
345 1743 423 1808 pag.
440 1723 491 1800 87,
508 1723 713 1789 declaravit:
735 1724 766 1787 1⁰
780 1724 992 1789 Matrimonia
1003 1729 1177 1791 contracta
1192 1729 1226 1789 et
1240 1731 1372 1790 contra-

194 1831 307 1895 henda
322 1832 393 1895 sive
408 1833 450 1894 ab
464 1825 631 1895 haereticis
646 1831 736 1894 inter
755 1850 803 1906 se,
831 1832 903 1895 sive
924 1851 945 1896 a
967 1832 1152 1896 catholicis·
1167 1851 1246 1896 cum
1266 1833 1373 1897 here-

196 1939 279 2012 ticis,
297 1942 355 2004 aut
370 1938 398 2002 si
413 1937 598 2003 catbohous
617 1938 813 2004 haereticam
828 1939 991 2003 feminam
1012 1939 1122 2015 ducat,
1140 1939 1373 2006 autcatbolica

193 2047 352 2112 heretico
369 2049 483 2122 nubat,
500 2048 536 2111 in
549 2047 794 2112 foederatorum
808 2048 968 2112 ordinum
982 2048 1088 2130 Belgii
1103 2049 1298 2133 provinciis,
1315 2043 1373 2114 ua-

194 2155 263 2220 hda
278 2173 364 2231 esse,
393 2156 527 2220 etiamsi
541 2157 576 2219 in
592 2153 633 2220 iis
646 2156 857 2221 celebrandis
872 2175 943 2222 non
957 2163 1093 2222 servata
1107 2159 1211 2224 luerit
1228 2158 1338 2223 torma
1353 2177 1374 2223 a

195 2262 391 2328 Tridentino
406 2264 619 2347 praescripta3
634 2263 682 2328 ita
696 2269 744 2340 ut,
762 2266 791 2328 si
803 2266 980 2346 contingat
993 2268 1373 2350 utrumquoconjugem

195 2370 238 2434 ad
252 2359 425 2436 oatboli'cae
438 2370 593 2435 Ecclesiae
604 2371 717 2435 sinum
731 2390 767 2437 se
777 2373 938 2455 recipere,
953 2391 1117 2456 nonopus
1130 2373 1173 2436 sit
1185 2390 1244 2437 eos
1257 2390 1373 2438 coram

195 2479 341 2562 parocho
356 2477 520 2543 catholico
535 2497 743 2544 consensum
759 2498 924 2545 renovare
943 2501 949 2542 :
968 2481 1020 2545 sin
1047 2485 1162 2544 autem
1188 2499 1277 2544 unus
1302 2486 1374 2546 tan·

196 2590 279 2661 tum,
298 2586 369 2650 sive
383 2587 537 2661 maritus,
555 2587 626 2651 sive
642 2605 739 2664 uxor,
756 2593 986 2663 convertatur,
1004 2591 1127 2652 neuter
1140 2587 1183 2652 ad
1194 2588 1374 2671 aliasnup-

195 2694 259 2760 tias
274 2695 417 2758 transire
430 2698 554 2777 potest,
573 2694 722 2778 quandiu
737 2694 823 2758 ulter
843 2695 937 2758 vivit.
963 2695 994 2758 2⁰
1010 2695 1139 2759 Similia
1155 2672 1374 2760 matrimonia

194 2801 312 2866 itidem
326 2801 439 2866 valida
453 2819 540 2878 esse,
553 2802 656 2866 etiam
670 2806 844 2866 contracta
862 2806 959 2867 extra
972 2803 1059 2866 ssncs
1076 2802 1217 2868 dominii
1240 2805 1372 2868 eorum-

195 2909 273 2974 dem
284 2910 530 2974 foederatorum
545 2909 713 2982 ordinum,
737 2911 779 2974 ab
799 2911 841 2974 iis
865 2911 922 2995 qui
938 2910 1061 2975 addicti
1077 2916 1157 2975 sunt
1170 2910 1373 2977 militaribus

194 3018 300 3102 copiis
328 3036 403 3101 quae
431 3019 473 3082 ab
500 3017 630 3082 eisdem
653 3018 826 3082 toederatis
850 3018 1025 3083 ordinibus
1051 3020 1233 3084 transmitti
1254 3020 1373 3105 solent

196 3127 238 3191 ad
252 3125 492 3191 custodiendas
511 3126 783 3209 muniendasque
809 3145 904 3191 arces
924 3129 1164 3203 conterminas,
1187 3127 1373 3193 dummodo

197 3240 340 3319 uterque
368 3227 494 3317 conjux
521 3233 563 3298 ad
593 3233 731 3297 casdem
758 3235 872 3317 copias
903 3235 1082 3317 pertineat.
1118 3237 1150 3299 3ο
1172 3235 1374 3319 Hujusmodi

198 3344 461 3408 declarationem
487 3342 666 3426 complecti
696 3343 799 3407 etiam
827 3344 1046 3408 matrimonia
1072 3347 1245 3409 contracta
1271 3346 1307 3408 in
1331 3344 1374 3407 ci-

199 3453 303 3518 vitate
332 3453 433 3516 Mosa
460 3451 704 3535 Trajactensis,
736 3452 893 3536 quamvis
923 3433 995 3516 non¹
1019 3455 1097 3534 jure
1124 3452 1281 3528 dominii,
1313 3452 1372 3517 sed

198 3559 489 3643 oppignerationis
519 3563 653 3624 tantum
686 3578 706 3624 a
740 3559 914 3642 republica
940 3559 1185 3624 foederatorum
1213 3559 1373 3625 ordinum

197 3685 366 3750 possessa.
408 3703 414 3718 ·

238 3773 322 3839 Nota
342 3780 455 3838 tamen
473 3793 515 3840 ex
531 3774 673 3858 epistola
692 3774 852 3840 decretali
870 3776 1025 3858 eJusdem
1040 3775 1212 3841 Pontificio
1232 3775 1275 3840 ad
1292 3775 1374 3841 Pau-

198 3880 491 3946 lumCarmelitam
501 3882 731 3947 excalceatum
741 3884 777 3946 in
786 3882 909 3948 iisdem
917 3883 1371 3966 provinciismissionarium,

199 3989 350 4054 Reddite
363 3997 453 4068 sunt,
469 3991 533 4054 sub
548 3990 600 4054 die
617 3991 654 4054 17
673 3994 757 4075 sept.
776 3992 865 4068 1716,
881 3997 973 4058 tomo
990 3991 1042 4065 III,
1055 3992 1252 4076 hujusmodi
1264 3990 1375 4056 decla·

199 4097 366 4162 rationem
385 4116 455 4162 non
473 4099 653 4181 suffragari
671 4101 804 4184 sponsis
821 4101 973 4185 utrisque
988 4101 1161 4166 catholicis
1178 4100 1304 4164 ibidem
1319 4098 1376 4162 de-

199 4206 369 4285 gentibus,
386 4205 543 4272 siceram
559 4207 1105 4289 civilimagistratuautbaeretico
1122 4209 1279 4272 ministro
1296 4225 1376 4272 con-

201 4331 340 4376 sensum
354 4313 390 4377 11
405 4314 661 4380 matrimonium
683 4315 723 4380 de
749 4317 908 4400 prasenti
931 4316 1186 4392 declaraverint,
1215 4333 1277 4379 neo
1293 4315 1375 4378 illud

230 4473 265 4538 (t)
280 4475 343 4525 Pius
350 4475 392 4539 vl,
405 4475 543 4527 occasione
554 4477 659 4528 Gallicae
669 4478 882 4541 perturbationis,
894 4479 1006 4542 scripsit,
1014 4492 1086 4530 anno
1097 4481 1166 4540 1793,
1177 4477 1303 4544 conjugia
1311 4493 1375 4528 con·

200 4551 281 4601 tracta
291 4563 380 4601 coram
389 4551 500 4602 testibus
510 4556 536 4602 et
546 4552 602 4602 sine
612 4553 727 4617 parocho
738 4554 819 4604 tuisse
829 4554 916 4604 valida
926 4558 952 4604 et
961 4555 1041 4618 licita,
1053 4555 1116 4619 quia
1124 4553 1215 4605 fideles
1230 4555 1375 4618 parocbum

199 4627 347 4692 legitimum
356 4626 453 4677 habero
463 4641 517 4678 non
531 4631 659 4692 poterant.
671 4630 698 4679 P.
710 4629 834 4681 Ballerini
843 4631 924 4681 refert
935 4631 961 4682 S.
971 4631 1066 4696 congr.
1078 4631 1158 4682 Cone.
1168 4631 1373 4682 declarationem

201 4702 323 4754 docentis
336 4702 488 4754 facultatem
497 4703 590 4755 adesse
597 4705 635 4755 sic
644 4705 797 4757 celebrandi
805 4721 865 4756 cum
876 4706 982 4757 duobus
994 4707 1119 4769 testibus,
1137 4707 1245 4771 quando
1259 4721 1306 4772 per
1319 4721 1376 4772 spa·

201 4779 266 4829 tium
276 4777 370 4829 mensis
383 4780 457 4830 tutus
470 4793 526 4830 non
540 4785 580 4831 est
591 4791 712 4832 accessus
724 4781 757 4832 ad
774 4781 929 4846 parochum.
