3482 5560
847 589 899 636 JUS
919 587 1099 634 conculcent.

865 833 1000 896 secvlo
1023 835 1073 895 [V.

744 993 791 1044 De
808 993 916 1058 paenis
931 992 1200 1044 simoniacorum.

424 1139 509 1206 Nom
525 1144 567 1207 1⁰.
579 1142 700 1222 Agitur
715 1140 757 1206 de
770 1143 881 1225 poenis
894 1159 914 1206 a
925 1144 1003 1224 jure
1017 1140 1095 1205 latis
1110 1145 1228 1206 contra
1243 1140 1441 1216 simoniam;
1460 1158 1561 1225 porro

385 1249 458 1315 sola
472 1251 618 1315 simonia
631 1249 731 1315 realis
746 1254 780 1314 et
791 1249 1039 1315 confidentialis
1049 1249 1153 1314 habet
1161 1267 1282 1332 poenas
1292 1268 1313 1313 a
1323 1251 1401 1332 jure
1416 1253 1560 1314 statutas

382 1359 457 1442 ipso
476 1360 565 1425 lacto
583 1358 825 1424 incurrendae:
847 1361 981 1423 constat
998 1363 1073 1423 tum
1092 1377 1136 1422 ex
1148 1360 1225 1441 jure
1241 1358 1383 1442 antiquo
1405 1359 1445 1440 (c.
1461 1359 1492 1434 8,
1507 1358 1558 1432 34,

383 1469 433 1546 to,
451 1473 514 1534 etc.
528 1469 561 1533 h.
578 1469 643 1545 tit,
660 1469 748 1552 etc),
763 1472 836 1533 tum
852 1487 894 1533 ex
909 1473 1017 1534 const.
1032 1468 1231 1552 Apostolicae
1247 1467 1348 1532 Sedis
1363 1466 1413 1530 Pii
1429 1466 1483 1530 lli.
1497 1466 1562 1530 Per

384 1578 566 1643 simoniam
588 1577 774 1642 mentalem
797 1577 892 1643 nulla
917 1579 1102 1642 incurritur
1118 1576 1207 1659 juris
1230 1581 1334 1659 pcen'a
1361 1577 1401 1657 (e.
1425 1576 1481 1651 32,
1502 1575 1558 1652 at,

384 1687 425 1751 de
440 1685 559 1770 Sena),
576 1703 654 1751 eum
669 1686 816 1753 Ecclesia
827 1705 897 1752 non
906 1687 1035 1769 judicet
1050 1685 1090 1750 de
1105 1686 1266 1761 internis;
1280 1703 1392 1769 neque
1403 1684 1562 1769 probabi·

382 1795 448 1860 lius
461 1813 523 1879 per
542 1795 723 1860 simoniam
743 1795 1052 1871 conventionalem,
1070 1794 1141 1859 sive
1159 1811 1292 1878 puram,
1310 1793 1383 1858 sive
1402 1793 1558 1870 mixtam,

385 1904 464 1987 quia
490 1902 609 1968 nullibi
631 1903 666 1967 in
691 1904 769 1986 jure
796 1903 965 1985 reperitur
985 1921 1089 1985 poena
1111 1901 1200 1966 clare
1229 1919 1401 1983 expressa.
1432 1899 1560 1966 Tamen

385 2012 538 2095 exceptio
560 2011 660 2076 datur
676 2032 683 2074 ι
702 2031 784 2077 nam
805 2013 962 2088 simonia,
985 2012 1089 2076 etiam
1108 2027 1202 2074 mere
1223 2009 1504 2085 conventionalis,
1523 2011 1560 2074 in

384 2117 550 2184 electione
573 2119 718 2184 Romani
742 2119 912 2186 pontificis
933 2119 1093 2204 plectitur
1112 2135 1215 2202 piena
1235 2117 1557 2194 excommunicatio·

383 2227 453 2305 nis,
471 2245 514 2291 ex
534 2233 643 2292 const.
662 2227 748 2294 Cum
769 2237 841 2292 tam
860 2228 974 2292 divino
996 2225 1074 2292 Julii
1094 2225 1142 2302 Il;
1163 2228 1198 2289 et
1218 2225 1292 2288 heec
1310 2241 1414 2306 poena
1436 2224 1472 2288 in
1493 2243 1558 2288 suo

382 2335 502 2417 vigore
530 2354 621 2400 nuno
649 2336 752 2402 etiam
779 2335 915 2401 videtur
938 2355 1097 2411 manere,
1120 2339 1200 2418 post
1222 2336 1330 2396 const.
1354 2331 1557 2416 Apostolicae

384 2441 494 2522 Sedis,
512 2448 546 2506 et
558 2444 592 2507 vi
606 2447 668 2508 art.
685 2445 715 2520 6,
732 2445 822 2508 inter
836 2443 1028 2526 specialiter
1041 2448 1243 2509 reservatas.

378 2575 380 2578 ·
423 2549 616 2616 Notandum
633 2555 686 2615 est
707 2552 820 2628 etiam,
836 2552 928 2635 quod
945 2554 1003 2634 jus
1017 2569 1137 2633 poenas
1153 2552 1271 2616 statuit
1285 2554 1404 2616 contra
1418 2567 1495 2614 reos
1517 2550 1560 2612 si-

383 2658 508 2723 moniae
533 2657 649 2735 realis,
666 2676 736 2724 non
758 2659 794 2724 in
814 2660 907 2724 omni
927 2659 1085 2735 materia,
1103 2658 1164 2723 sed
1185 2663 1319 2722 tantum
1341 2659 1378 2723 in
1398 2659 1558 2740 ingressu

382 2765 558 2850 religionis
573 2771 607 2831 et
620 2767 814 2852 provisione
829 2768 1083 2833 beneficiorum.

422 2873 506 2940 Nom
518 2875 561 2939 Ψ.
573 2875 774 2940 Constitutio
786 2876 985 2959 Apostottcae
1000 2875 1110 2952 Sedis,
1124 2895 1199 2961 quae
1211 2875 1313 2942 hodie
1328 2882 1381 2942 est
1395 2881 1487 2942 totus
1503 2896 1558 2944 co·
1665 2915 1670 2926 ·

382 2984 449 3050 dex
462 2982 606 3066 poenalis
619 2983 774 3048 Ecclesiae
790 2983 1007 3049 adsensurus
1020 2983 1097 3048 latae
1115 2986 1293 3049 sententies
1308 2985 1399 3069 quod
1415 2989 1555 3069 spectet,

381 3089 465 3154 nihil
479 3091 656 3156 innovavit
674 3092 787 3175 quoad
806 3092 889 3156 alias
907 3109 1027 3174 poeuas
1041 3092 1232 3169 canonicas,
1246 3111 1321 3176 quea
1335 3094 1470 3178 proprie
1485 3111 1556 3158 non

381 3203 641 3276 suntcensuree;
657 3203 864 3283 quapropter
872 3204 1027 3264 remanet
1038 3203 1149 3265 totum
1157 3203 1215 3283 J'us
1228 3201 1364 3284 poenale
1374 3202 1553 3285 antiquum
1581 3233 1583 3238 ·

382 3307 494 3393 quoad
504 3309 724 3392 privationes,
738 3305 979 3384 inhabilitates,
994 3312 1057 3373 ete.

613 3495 632 3544 1.
650 3491 734 3546 verta
746 3503 852 3558 genera
867 3505 1018 3558 penarum
1032 3495 1131 3548 contra
1144 3496 1324 3550 simontacos.

422 3640 455 3721 a)
470 3638 584 3702 Poenae
598 3638 722 3720 injure
734 3655 897 3724 expresse
912 3648 1028 3705 contro
1043 3643 1242 3706 simoniacos
1258 3644 1292 3706 in
1315 3643 1466 3728 inpressu
1480 3641 1555 3706 reli-

383 3747 502 3832 piom's.
1072 3757 1075 3764 ’

421 3855 453 3917 l⁰
472 3853 597 3918 Dentes
626 3860 661 3920 et
683 3856 901 3939 recipientes,
926 3858 954 3922 si
978 3877 1134 3942 personae
1159 3863 1239 3923 sunt
1262 3858 1467 3940 singulares,
1498 3879 1553 3923 ex-

380 3965 676 4029 communicantur
698 3983 707 4026 :
726 3970 861 4030 constat
884 3985 927 4030 ex
946 3972 1075 4031 extrav.
1096 3969 1112 4031 l
1133 3968 1166 4031 h.
1189 3973 1226 4047 t,
1249 3968 1340 4032 inter
1358 3986 1497 4046 comm,
1520 3974 1554 4032 et

380 4076 488 4137 const.
505 4070 704 4156 Apostoticae
723 4072 838 4152 Sedu,
859 4075 923 4138 sub
937 4093 970 4138 n.
994 4075 1043 4152 10,
1065 4075 1156 4138 inter
1169 4092 1335 4140 excomm.
1355 4075 1387 4139 S.
1403 4075 1554 4141 Pontifici

380 4177 532 4261 generali
546 4179 649 4243 modo
663 4185 865 4245 reservatas.
881 4180 968 4246 Olim
984 4200 1026 4246 ex
1042 4182 1115 4246 ead.
1127 4188 1270 4260 extrav,
1281 4189 1355 4247 tum
1367 4184 1554 4269 capitulum

380 4291 453 4350 tum
463 4304 584 4350 omnes
593 4286 741 4368 religiosi
755 4287 985 4371 capitulariter
997 4291 1194 4372 congregati
1210 4292 1554 4374 suspendebantur-atr

379 4393 490 4458 ofilcio
501 4393 774 4476 jurisdictionem
785 4395 841 4460 vel
850 4395 1182 4463 administrationem
1192 4399 1402 4476 involvente,
1422 4418 1492 4463 non
1506 4403 1555 4464 te-

378 4518 459 4564 men
475 4500 517 4564 ab
526 4500 644 4566 ordine
662 4521 669 4564 :
686 4501 746 4566 sed
755 4502 828 4566 haec
841 4521 945 4586 poena
955 4521 1026 4567 non
1036 4506 1204 4588 reperitur
1216 4525 1377 4591 expresse
1388 4514 1554 4572 renovata

378 4608 450 4670 sive
464 4608 500 4670 in
514 4613 623 4673 const.
640 4610 839 4694 Apostolicae
853 4609 963 4690 Sedis,
979 4611 1052 4676 sive
1068 4613 1104 4676 in
1124 4630 1219 4678 conc.
1239 4613 1340 4692 Trid.,
1358 4621 1393 4680 et
1410 4616 1488 4680 ideo
1503 4616 1552 4680 vi-

378 4714 477 4779 detur·
492 4717 672 4810 abrogata:
689 4718 817 4780 etenim
828 4722 890 4782 art.
909 4719 948 4783 l0
959 4725 1067 4784 const.
1080 4720 1280 4805 Apostolicae
1290 4723 1400 4804 Sedis,
1415 4725 1553 4808 quinon
