3482 5560
389 487 451 557 iae
850 505 901 554 tus
921 503 1101 556 casemarii.
1145 548 1154 562 ,

389 625 457 686 licis
471 631 524 684 aut
533 624 599 699 lege
613 623 694 684 cirili
708 622 885 696 imperante,
896 639 957 682 uon
967 623 1156 696 improbatur
1169 621 1251 696 quod
1264 635 1335 696 pars
1346 620 1493 682 catholica
1504 621 1566 682 uina

198 737 201 744 ⁴
303 761 305 764 .
389 725 458 774 cum
473 713 612 772 heretica
625 727 658 772 se
673 713 772 784 sistat,
785 717 854 771 ante
867 713 915 771 uel
930 713 1244 787 postcontractumad
1258 712 1384 771 formam
1399 712 1565 772 Tridentini

388 801 624 872 matrimonium,
637 801 727 860 etiam
741 815 841 860 coram
855 801 995 861 ministro
1008 801 1115 864 heresi
1139 800 1269 872 addicto,
1282 799 1319 859 ad
1334 806 1433 860 aetum
1448 801 1565 860 uirilem

388 893 535 951 duntaxat
549 891 746 964 implendum.
761 891 877 950 Etenim
891 891 928 950 ad
943 891 1069 950 dubium
1087 890 1159 949 olim
1174 891 1219 950 sic
1237 905 1417 963 expressum
1434 910 1441 948 :
1462 893 1565 948 Utrum

279 975 282 984 ’
387 981 553 1040 catholicus
563 994 664 1039 eoram
679 982 802 1053 proprio
817 981 964 1040 catholico
975 981 1106 1055 parocho
1122 993 1185 1039 una
1199 995 1268 1040 cum
1290 981 1431 1041 heretica
1449 985 1566 1041 contre·

387 1070 464 1128 bens
475 1069 555 1128 licite
575 1069 683 1142 possit,
699 1069 880 1144 urgentibus
908 1071 1068 1141 bereuois,
1094 1070 1319 1130 matrimonium
1344 1071 1401 1130 hoc
1418 1071 1566 1130 ratificare

387 1173 488 1220 coram
507 1160 646 1219 ministro
659 1159 810 1229 heretico,
834 1160 862 1218 si
877 1159 1041 1219 nullahiuc
1057 1160 1136 1219 ritus
1155 1159 1285 1219 baeretici
1296 1161 1446 1234 prol'essio
1461 1160 1567 1220 hahea-

387 1255 437 1310 tur
450 1255 502 1309 aut
515 1249 684 1324 colligatur,
704 1255 734 1308 et
747 1249 894 1322 quidquid
915 1249 1054 1308 minister
1067 1250 1227 1309 haereticus
1250 1249 1282 1308 in
1296 1263 1368 1310 casu
1384 1251 1511 1325 peragit,
1526 1249 1568 1308 ci·

389 1339 456 1398 rilis
476 1338 622 1398 duntaxat
639 1345 670 1398 et
683 1338 806 1412 politica
819 1338 981 1412 gratulatio
993 1339 1034 1398 sit
1047 1345 1076 1396 et
1091 1343 1269 1411 censentem
1283 1353 1337 1414 per
1351 1341 1380 1398 s.
1397 1341 1567 1414 congrega-

387 1429 499 1488 tionem
513 1442 695 1502 responsum
708 1427 783 1486 luit:
798 1427 991 1488 Alllrmatiue.
1007 1431 1117 1487 Verum
1132 1429 1294 1498 enimuero,
1314 1429 1566 1502 quotiescumque

386 1519 525 1578 minister
548 1519 708 1578 haereticus
730 1525 872 1578 censetur
892 1518 986 1576 ueluti
1011 1519 1106 1576 sacris
1129 1517 1269 1577 addictus
1291 1523 1320 1576 et
1339 1517 1428 1590 quasi
1443 1518 1566 1591 parochi

326 1627 328 1631 ·
385 1623 510 1668 munere
534 1608 687 1683 fungens,
712 1622 773 1666 non
796 1606 867 1666 licet
886 1607 1041 1666 catholice
1063 1607 1141 1680 parti
1164 1621 1225 1665 una
1246 1621 1315 1666 cum
1338 1607 1479 1666 haeretica
1500 1623 1564 1666 ma·
1597 1657 1598 1660 ,

387 1697 588 1756 trimonialem
611 1711 796 1756 consensum
815 1710 915 1756 coram
938 1696 990 1754 tali
1005 1696 1168 1756 ministello
1182 1701 1337 1769 praestare,
1357 1710 1393 1754 eo
1418 1699 1498 1770 quod
1514 1698 1566 1756 hic

386 1786 578 1846 adhiberetur
599 1787 637 1844 ad
659 1785 820 1859 quamdam
838 1785 1012 1860 religiosam
1031 1786 1240 1844 caeremoniam
1261 1786 1481 1860 complendam,
1497 1801 1568 1861 pars

386 1874 532 1936 catholica
553 1876 622 1934 ritui
636 1876 775 1934 heretico
791 1890 824 1933 se
843 1875 1046 1946 consociaret,
1068 1874 1149 1933 unde
1164 1875 1293 1934 oriretur
1314 1875 1453 1948 quadarn
1468 1875 1567 1949 impli-

386 1965 447 2024 cita
466 1965 574 2026 heresi
593 1966 737 2036 adhaesio,
762 1981 797 2024 ac
812 1965 938 2038 proinde
952 1964 1055 2024 illicita
1070 1965 1194 2022 omnino
1212 1963 1373 2022 haberetur
1389 1978 1458 2024 cum
1473 1965 1568 2024 bere-

386 2055 463 2116 tieis
476 2056 508 2114 in
528 2055 640 2115 divinis
660 2055 905 2115 communicatio.
924 2057 1087 2128 liapropter
1108 2055 1165 2112 etsi
1178 2054 1350 2126 perniciosa
1363 2053 1427 2112 hec
1439 2068 1567 2112 consue-

386 2144 460 2203 tudo
474 2144 640 2216 inoleverit,
654 2145 696 2204 ita
708 2149 742 2203 ut
755 2145 862 2204 aclero
876 2145 912 2202 de
925 2143 1012 2202 iacile
1025 2143 1136 2218 corrigi
1151 2157 1212 2202 non
1226 2143 1335 2216 possit,
1358 2143 1452 2220 nihilo
1467 2149 1567 2202 emen

383 2237 489 2320 ,sacius
511 2239 594 2298 omni
614 2237 748 2296 adhibito
775 2237 878 2296 studio
906 2253 940 2296 ac
963 2237 1025 2295 reio
1048 2236 1205 2296 evellenda
1229 2237 1296 2296 erit.
1322 2239 1358 2294 lit
1379 2251 1452 2296 sane
1475 2239 1569 2297 Bene·

386 2325 487 2387 dictus
501 2330 562 2386 illv
576 2333 678 2402 aperte
700 2327 788 2386 docet
807 2339 868 2384 non
891 2324 981 2384 licere
1006 2324 1254 2384 contrahentibus
1278 2340 1310 2386 se
1339 2325 1449 2386 sistere
1466 2341 1566 2386 coram

386 2415 527 2476 ministro
547 2415 698 2486 haeretico,
724 2419 875 2488 quatenus
895 2415 1021 2473 assistet
1043 2419 1076 2473 ut
1096 2414 1233 2474 minister
1251 2414 1388 2474 addictus
1409 2417 1514 2488 sacris,
1537 2423 1568 2476 et

274 2542 278 2552 ·
386 2506 600 2566 contrahentes
616 2519 740 2579 peceare
754 2504 919 2563 mortaliter
943 2509 973 2561 et
996 2518 1066 2562 esse
1084 2503 1262 2563 monendos.
1280 2505 1567 2578 opportunamque

386 2594 442 2653 abs
458 2601 487 2653 te
503 2593 643 2654 instructi
658 2599 687 2652 et
701 2593 876 2652 commoniti
891 2591 1013 2666 parochi
1032 2608 1067 2651 ac
1080 2591 1266 2651 missionarii
1287 2593 1433 2652 edoceant
1451 2593 1564 2666 lideles,

386 2697 447 2756 qua
466 2684 596 2757 publicis
618 2685 649 2742 in
672 2683 810 2742 ecclesiis
836 2683 1057 2752 catechesibus,
1080 2695 1141 2756 qua
1159 2683 1283 2756 priuatis
1314 2683 1566 2742 instructionibus

386 2774 465 2833 circa
478 2779 667 2834 constantem
681 2772 821 2832 Ecclesiae
836 2772 1003 2831 doctrinam
1017 2772 1183 2845 aprorum,
1194 2773 1236 2830 ita
1248 2779 1281 2830 ut
1293 2772 1482 2831 salubritera
1493 2773 1567 2830 mix·

387 2863 427 2922 tis
442 2863 653 2922 contrahendis
669 2861 794 2936 nuptiis,
810 2861 910 2935 quoad
926 2862 990 2920 lieri
1005 2861 1112 2936 possit,
1127 2866 1299 2920 avertantur
1308 2881 1318 2936 3
1340 2863 1388 2920 sin
1404 2861 1566 2920 autemab-

386 2951 527 3011 horreant
547 2966 706 3025 prorsusa
732 2950 909 3010 celebrando
933 2951 1124 3010 matrimonio
1149 2965 1249 3010 eoram
1270 2951 1411 3010 haeretioo
1426 2953 1566 3010 ministro

387 3043 483 3102 seems
495 3043 625 3113 addicto,
641 3042 671 3101 id
684 3041 765 3114 quod
780 3041 954 3100 omnimodo
968 3041 1106 3099 illicitum
1119 3044 1149 3098 at
1163 3041 1344 3115 sacrilegum
1359 3047 1416 3101 esi.
1436 3044 1480 3100 lta
1500 3055 1566 3099 res·

387 3147 518 3206 ponsum
541 3133 600 3191 luit
621 3131 773 3190 ordinario
795 3129 963 3190 Treuirensi
989 3130 1047 3189 sub
1075 3130 1150 3188 leria
1174 3133 1210 3190 lv
1234 3131 1282 3188 die
1303 3136 1334 3188 tl
1360 3131 1465 3205 aprilis
1487 3135 1565 3188 ltili.

388 3221 491 3280 Sciant
505 3222 632 3294 insuper
650 3219 783 3294 parochi,
797 3219 824 3279 si
843 3219 1066 3294 interrogentur
1080 3234 1099 3278 a
1111 3219 1361 3280 contrahentibus
1375 3221 1422 3279 rel
1438 3221 1466 3279 si
1487 3225 1566 3278 certe

323 3354 328 3363 .
388 3312 526 3371 noverint
547 3325 599 3370 eos
616 3311 751 3370 adituros
768 3309 941 3368 ministrum
960 3309 1133 3367 hereticum
1157 3311 1252 3369 sacris
1266 3310 1419 3369 addictum
1440 3311 1478 3370 ad
1494 3325 1565 3370 con·

388 3416 514 3462 sensum
528 3399 777 3459 matrimonialem
797 3399 1013 3473 praestandum,
1030 3413 1064 3458 se
1078 3399 1167 3458 silere
1181 3413 1241 3459 non
1259 3414 1362 3473 posse,
1375 3401 1428 3460 sed
1442 3415 1565 3460 monere

388 3493 511 3550 eosdem
523 3491 632 3550 debere
644 3505 776 3565 sponsos
785 3491 822 3549 de
838 3490 1018 3564 gravissimo
1037 3496 1159 3563 peccato
1172 3492 1252 3565 quod
1264 3497 1384 3565 patrant
1397 3499 1426 3549 et
1444 3493 1481 3552 de
1495 3507 1565 3552 cen-

388 3582 469 3640 suris
486 3582 517 3638 in
532 3595 610 3654 quas
624 3581 793 3640 incurrunt.
807 3580 1062 3638 Verumtamenad
1071 3581 1174 3653 gravia
1186 3582 1382 3652 praecavenda
1395 3583 1484 3654 mala,
1496 3583 1522 3641 si
1533 3583 1565 3639 in

387 3672 490 3744 aliquo
503 3671 647 3745 peculiari
668 3685 741 3731 casu
762 3671 913 3744 parochus
929 3684 989 3728 uon
1009 3669 1099 3728 luerit
1118 3669 1324 3744 interpellatus
1338 3686 1356 3729 a
1371 3672 1506 3744 sponsis,
1527 3687 1565 3728 an

387 3762 476 3820 liceat
486 3776 568 3822 nune
583 3762 666 3820 adire
676 3761 851 3820 ministrum
865 3759 1055 3830 haereticum,
1071 3759 1194 3817 etnulle
1207 3758 1306 3818 hatab
1319 3761 1427 3820 iisdem
1443 3761 1566 3835 sponsis

389 3850 529 3924 explicita
549 3851 710 3910 declaratio
731 3853 769 3910 de
788 3851 928 3910 adeundo
949 3849 1089 3908 ministro
1114 3849 1264 3921 haeretico,
1287 3851 1448 3924 prevideat
1466 3859 1565 3911 tamen

372 3938 440 4005 'eos
455 3941 557 3999 lorsan
572 3941 706 4002 adituros
720 3941 757 3999 ed
772 3940 1021 3999 matrimonialem
1037 3939 1241 3998 renovandum
1256 3955 1454 4012 consensum,
1469 3955 1503 3999 ac
1518 3941 1565 3997 in-

387 4043 479 4102 super
493 4045 529 4088 ex
542 4029 692 4104 adjunctis
708 4031 739 4087 in
752 4044 824 4089 casu
836 4027 1087 4087 concurrentibus
1100 4029 1261 4100 praevideat
1274 4031 1471 4088 monitionem
1485 4035 1566 4088 certo

386 4134 448 4178 non
462 4118 525 4178 lore
539 4123 736 4193 prolaturam,
752 4121 813 4180 imo
831 4121 1015 4189 nocituram,
1034 4119 1163 4190 indeque
1183 4125 1338 4192 peccatum
1360 4120 1512 4180 materiale
1532 4119 1565 4178 in

387 4210 542 4268 l'ormalam
556 4211 676 4282 culpam
691 4211 878 4280 vertendum,
894 4215 966 4267 tunc
990 4208 1087 4279 sileat,
1111 4216 1225 4268 remoto
1247 4216 1347 4268 tamen
1368 4211 1522 4280 scandalo,
1537 4216 1567 4268 et

387 4297 549 4357 dummodo
560 4298 626 4356 alie
640 4298 677 4355 ab
691 4298 823 4356 Ecclesia
843 4296 996 4370 requisitae
1016 4297 1206 4368 conditiones
1225 4305 1315 4372 atque
1334 4301 1491 4360 cautiones
1509 4301 1565 4360 rite

386 4389 493 4462 positae
514 4387 587 4458 sint,
611 4388 778 4460 praesertim
800 4387 836 4446 de
855 4387 950 4445 libero
971 4387 1128 4461 religionis
1150 4389 1291 4448 exercitio
1312 4392 1388 4463 parti
1411 4390 1565 4449 catholice

387 4478 590 4550 concedendo,
602 4491 720 4535 necnon
733 4477 770 4534 de
779 4475 1013 4550 uniuersaprole
1027 4477 1060 4534 in
1082 4476 1228 4552 religione
1242 4479 1389 4538 catholica
1398 4479 1564 4539 educanda.

387 4569 511 4640 Quodsi
535 4569 655 4628 tandem
676 4581 847 4627 consensus
863 4581 963 4627 coram
986 4567 1116 4640 parocho
1138 4568 1211 4626 uelit
1231 4571 1381 4640 renovari,
1404 4577 1564 4644 postquam

387 4660 541 4740 prestitus
557 4660 620 4732 jam
644 4659 733 4716 luerit
753 4671 853 4717 coram
878 4657 1018 4716 ministro
1040 4657 1190 4728 haeretico,
1213 4660 1303 4732 idque
1324 4659 1443 4732 publice
1458 4666 1564 4718 notum
