3418 5566
310 591 371 659 aio
768 614 819 662 rua
840 613 1020 662 cauomcurr.
1093 673 1098 682 Ι

311 731 439 797 civitati
453 737 696 799 removeantur
709 719 752 798 ab
766 752 806 799 aa
818 755 825 810 ;
838 754 939 817 porro
953 735 1103 800 haeretici
1119 736 1199 798 sunt
1217 732 1367 798 maxime
1385 732 1479 796 noxii

309 843 500 928 reipublicae
515 829 716 920 christianae,
730 862 808 908 cum
820 845 1039 908 manifestum
1050 842 1279 926 perversionis
1296 846 1331 905 et
1340 845 1476 906 aeternae

310 951 536 1016 damnationis
546 951 734 1034 periculum
748 950 1065 1016 fidelibusailerant.
1081 950 1207 1014 Deinde
1223 967 1292 1014 non
1306 966 1382 1014 raro
1397 967 1475 1012 cau-

312 1065 390 1126 sant
409 1061 680 1143 perturbationes
702 1060 854 1142 publicas
873 1063 909 1124 et
925 1058 1063 1123 dissidia
1083 1059 1173 1122 inter
1192 1057 1296 1133 cives,
1319 1061 1357 1120 ut
1378 1057 1479 1120 innu-
1594 1075 1607 1094 ·

311 1167 415 1232 meris
429 1171 563 1232 constat
574 1168 681 1231 lactis.

349 1276 383 1339 2⁰
397 1275 508 1353 Quum
535 1276 607 1340 haec
635 1276 795 1358 obligatio
822 1275 1008 1359 repellendi
1040 1275 1218 1341 haereticos
1246 1275 1408 1340 fundetur
1444 1275 1479 1336 in

309 1381 435 1447 daumo
449 1383 583 1466 publico
597 1382 760 1460 iidelium,
774 1384 928 1467 sequitur
949 1384 1041 1468 quod
1057 1389 1169 1449 cessat
1196 1382 1477 1467 quotiescumque

307 1493 402 1574 justa
411 1509 513 1556 causa
526 1493 666 1574 majoris
680 1491 759 1556 mali
771 1490 901 1556 utendi
913 1492 1041 1567 subest,
1054 1491 1186 1556 ratione
1200 1494 1298 1574 cujus
1310 1489 1478 1555 tolerandi

312 1602 393 1662 sunt
408 1599 577 1663 haeretici:
593 1600 629 1663 io
648 1599 707 1666 tali
720 1617 800 1664 casu
821 1604 919 1682 pacta
935 1600 1012 1664 iniri
1033 1603 1188 1683 possunt,
1213 1599 1336 1683 quibus
1359 1615 1480 1662 conce·

312 1705 402 1770 ditur
415 1707 594 1773 tolerantia
607 1708 713 1773 civilis
724 1708 901 1773 hareticis.
918 1707 1010 1773 lnter
1028 1707 1095 1774 duo
1109 1708 1209 1784 mala,
1223 1691 1337 1772 minus
1353 1712 1406 1772 est
1423 1705 1479 1770 eli-

206 1817 209 1826 '
311 1816 473 1897 gendum.
489 1816 615 1881 Tamen
629 1843 644 1875 a
658 1818 836 1884 tolerantia
850 1816 957 1883 civilis
970 1843 986 1876 a
1002 1836 1072 1882 non
1088 1817 1286 1882 conceditur
1307 1835 1420 1901 neque
1444 1821 1482 1881 ui

312 1924 349 1987 in
371 1943 408 1989 se
427 1926 527 2002 bona,
557 1945 668 2011 neque
690 1932 729 1991 ut
755 1929 939 1992 necessitas
960 1927 1189 2010 approbanda,
1213 1944 1291 1990 cum
1311 1926 1384 1990 hac
1400 1924 1481 1990 lole-

313 2033 423 2098 rantia
438 2033 481 2097 sit
495 2039 529 2098 et
541 2039 717 2101 remaneat
735 2035 816 2120 quid
830 2034 977 2112 malum;
1002 2053 1103 2118 porro
1117 2035 1302 2099 necessitas
1317 2052 1388 2099 non
1402 2034 1482 2098 lacit

313 2144 352 2203 ut
362 2140 491 2204 malurn
505 2141 549 2205 sit
559 2143 699 2207 bonum.
716 2143 832 2228 ltaque
847 2147 1010 2227 tanquam
1021 2141 1182 2225 generale
1203 2141 1407 2226 principium
1424 2141 1482 2208 ha-

313 2247 413 2316 betur
427 2266 573 2334 sequens
588 2251 751 2316 assertio:

631 2499 632 2506 ἵ
648 2433 822 2488 11.-iiareticl
834 2446 853 2486 a
866 2433 1012 2487 catholicis
1024 2433 1142 2488 vltaudi.

355 2582 389 2664 c)
404 2579 502 2656 Olim,
519 2599 562 2644 ex
576 2579 748 2645 communi
760 2584 929 2662 praecepto
939 2578 1105 2656 Ecclesiae,
1116 2579 1272 2652 fidelibus
1286 2580 1483 2663 prohibeba-

254 2723 256 2731 ,
315 2694 372 2753 tur
384 2689 646 2754 communicatio
661 2706 739 2752 cum
750 2687 917 2752 haereticis
933 2708 939 2750 :
957 2692 1054 2752 erant
1069 2687 1199 2772 publice
1217 2686 1356 2764 vitandi,
1376 2688 1404 2751 ai
1425 2704 1483 2750 no-

316 2781 411 2873 torii,
422 2797 588 2882 privatim
602 2801 728 2872 autem,
746 2796 774 2858 si
786 2793 917 2859 occulti.
938 2795 1003 2860 Sed
1017 2797 1214 2860 constitutio
1237 2795 1369 2859 Martini
1383 2795 1410 2858 V
1429 2794 1486 2858 Ad

316 2905 477 2970 evitanda
498 2906 652 2970 favorem
672 2905 840 2971 concessit
860 2904 1015 2969 fidelibus
1037 2909 1075 2968 ut
1096 2909 1363 2986 conteneantur
1376 2905 1483 2969 vitare

314 3014 492 3078 haereticos
509 3019 543 3079 ei
559 3013 869 3079 excommunicatos
885 3014 988 3078 etiam
1002 3013 1239 3088 notorios,nisi
1250 3015 1484 3095 sintexpresse

317 3130 351 3189 et
366 3125 555 3208 specialiter
570 3125 768 3190 denuntiati.
784 3123 853 3189 Hoc
865 3128 922 3208 jus
936 3125 1116 3189 renovavit
1128 3123 1207 3187 Pius
1222 3121 1264 3186 lx
1278 3123 1485 3187 inconstitu-

316 3233 408 3297 tione
422 3233 621 3316 Apostolz'ea’
636 3231 745 3308 Sedis,
760 3237 822 3298 art.
840 3234 889 3308 ib,
906 3233 955 3308 il,
974 3237 1054 3297 sect.
1071 3231 1114 3294 2⁸.

355 3341 438 3406 ilinc
450 3343 631 3424 prasentia
644 3343 881 3406 haereticorum
896 3360 965 3406 non
985 3341 1272 3418 denuntiatorum,
1294 3341 1397 3406 etiam
1411 3356 1487 3423 pre·

316 3451 411 3514 cibus
432 3468 470 3514 ac
489 3449 609 3513 ritibus
637 3449 819 3524 catholicis,
852 3448 988 3513 tolerari
1014 3453 1137 3532 potest,
1163 3448 1266 3514 modo
1291 3449 1328 3512 in
1357 3447 1486 3512 eisdem
1526 3524 1530 3531 Ι

122 3573 124 3581 ·
237 3600 241 3617 .
316 3556 547 3622 functionibus
576 3575 638 3620 nec
651 3557 806 3639 proprios
832 3558 917 3620 ritus
939 3554 1131 3633 adhibeant,
1149 3575 1211 3620 nec
1229 3553 1350 3619 ritibus
1371 3555 1486 3617 catho-

316 3667 389 3731 licis
418 3682 494 3729 sese
515 3665 744 3729 immisceant:
771 3666 819 3730 ita
836 3665 1053 3748 Schmalzgr„
1082 3685 1116 3729 n.
1138 3665 1217 3741 alm
1242 3664 1332 3729 card.
1360 3662 1484 3744 Soglia

317 3775 400 3840 Just.
423 3774 495 3854 jar.
523 3772 637 3856 pratri„
657 3776 673 3850 θ
692 3771 762 3836 234.
790 3771 828 3836 In
851 3772 926 3850 hoc,
944 3773 1037 3837 nulla
1061 3774 1205 3837 habetur
1225 3771 1486 3837 communicatio

317 3883 353 3945 in
377 3881 480 3946 sacris
505 3884 663 3965 exparte
688 3875 942 3958 catholicorum,
969 3882 1026 3966 qui
1049 3881 1132 3945 allas
1150 3899 1220 3946 non
1245 3885 1405 3946 tenentur
1433 3897 1487 3942 ex-

317 3989 455 4074 pellere,
473 3988 540 4056 nisi
560 3987 795 4066 denuntiatos;
821 3993 935 4054 tamen
950 3990 1141 4070 generatim
1155 3990 1241 4054 actio
1256 3988 1313 4053 illa
1327 3988 1368 4051 de
1384 4006 1420 4052 se
1436 3991 1488 4050 est

318 4097 442 4176 illicita,
457 4101 496 4161 ut
509 4102 693 4162 constater
707 4098 860 4161 instruct.
871 4097 903 4160 S.
918 4097 980 4160 Oli.
994 4093 1104 4180 (hp'ud
1115 4096 1250 4174 Girald.,
1260 4094 1484 4179 pabiscus).

318 4205 412 4272 Unde
438 4204 540 4271 variae
556 4205 789 4270 distinctiones
809 4205 961 4269 adhiberi
988 4205 1113 4271 debent
1131 4205 1243 4289 quoad
1261 4205 1488 4278 communica-

319 4315 448 4378 tionem
462 4315 498 4376 in
507 4313 657 4397 proianis
671 4310 726 4376 vel
739 4311 775 4375 in
790 4313 904 4376 sacris.
923 4311 1050 4396 ltaque,

360 4421 392 4504 b)
405 4421 572 4498 Quaeritur
586 4439 661 4504 qua
682 4420 937 4484 communicatio
953 4421 988 4484 z'n
1002 4423 1108 4506 specie
1125 4424 1169 4486 sit
1183 4422 1328 4486 tolerata
1345 4419 1403 4483 cei
1409 4435 1488 4504 pro-

318 4529 451 4594 bibita?
462 4531 496 4610 Ι1·
510 4529 548 4593 ln
562 4530 665 4594 variis
676 4528 759 4593 locis
775 4528 988 4593 ubibaeretici
999 4529 1172 4594 catholicis
1181 4529 1340 4613 permixti
1354 4527 1486 4599 sivunt,

319 4655 444 4718 nempe
457 4637 557 4702 hodie
572 4637 607 4702 in
621 4639 779 4703 omnibus
795 4637 885 4702 orbis
899 4638 1107 4718 regionibus,
1124 4639 1204 4702 licet
1217 4635 1421 4702 commercia
1443 4633 1487 4697 ci-

322 4741 491 4807 villacum
505 4744 670 4808 haereticis
686 4744 773 4822 iniri,
797 4744 845 4807 eis
864 4745 1070 4823 conversari,
1091 4763 1151 4809 eos
1174 4745 1277 4809 etiam
1300 4741 1434 4808 adultos
1454 4743 1488 4804 ei
