3500 5552
530 479 617 526 naaa
638 479 763 534 oornros
784 479 1004 528 carnarium.
1297 468 1353 532 alr

178 595 400 676 poenitentiae,
419 597 453 658 et
469 595 542 660 haeo
564 599 716 679 potestas
730 583 963 684 praesupponit
984 601 1019 663 in
1032 618 1094 665 suo
1113 602 1267 684 subjecto
1283 603 1354 668 ido-

178 703 354 768 neitatem.
371 703 404 766 3ο
417 703 494 768 Haec
506 706 705 788 approbatio
720 712 773 770 est
795 709 899 772 etiam
912 709 1105 774 neccssaria
1122 711 1356 778 sacerdotibus

180 811 237 894 qui
255 811 363 893 gradu
387 812 582 878 doctoratus
598 811 654 878 vel
668 813 814 880 licentia
833 816 870 880 in
892 834 988 884 sacra
1006 816 1261 899 theologia,vel
1277 821 1355 901 jure

178 920 342 987 canonico
354 921 508 1002 insigniti
523 926 613 998 sunt,
628 926 666 986 ut
678 921 777 987 docet
794 924 1010 989 communior
1022 925 1165 990 ethodie
1176 931 1269 990 certa
1281 945 1355 992 sen-

179 1028 285 1093 tentia
298 1034 416 1093 contra
436 1029 618 1113 quosdam;
641 1048 722 1094 nam
734 1029 792 1094 lex
806 1035 859 1094 est
874 1033 1014 1097 omnino
1029 1032 1210 1114 generalis,
1229 1039 1263 1097 et
1278 1035 1354 1100 ideo

178 1151 317 1200 omnem
339 1137 576 1219 exceptionem
599 1135 748 1200 excludit
769 1157 775 1199 :
797 1142 932 1202 constat
948 1157 991 1204 ex
1008 1138 1236 1205 declaratione
1252 1141 1302 1205 Pii
1317 1143 1352 1207 V.
1476 1203 1478 1206 ,

177 1243 280 1309 Decet
292 1249 418 1320 tamen,
437 1243 572 1329 quando
587 1243 628 1309 de
644 1263 765 1310 eorum
780 1244 933 1310 doctrina
947 1247 1060 1328 palam
1080 1253 1224 1323 constat,
1242 1253 1280 1313 ut
1299 1268 1354 1336 ap·

172 1352 365 1433 probentur
378 1351 451 1417 sine
467 1352 616 1417 scientiar
628 1352 796 1427 examine,
810 1352 968 1435 quiajam
981 1353 1109 1417 habent
1119 1355 1290 1421 testimoni
1296 1375 1353 1424 um

175 1458 350 1542 publicum
374 1459 569 1524 idoneitatis
594 1465 628 1524 et
651 1459 812 1526 scientiae.
839 1459 872 1522 4⁰
898 1451 1050 1524 Tandem
1076 1467 1128 1526 est
1147 1465 1350 1543 necessaria,

177 1568 280 1633 etiam
293 1568 336 1633 ad
349 1568 560 1633 auditionem
568 1567 765 1633 venialium.
775 1567 861 1632 Olim
872 1567 1090 1651 disputabant
1098 1570 1232 1650 DD.,an
1244 1591 1354 1638 sacer-

176 1676 238 1740 dos
252 1695 295 1742 ex
311 1696 372 1741 sua
385 1676 600 1742 ordinatione
621 1677 746 1742 habeat
759 1675 955 1741 facultatem
974 1677 1172 1743 absolvendi
1194 1680 1349 1746 venialia.

175 1783 241 1848 Sed
254 1790 332 1866 post
348 1784 523 1850 decretum
538 1783 611 1848 lnn.
625 1783 679 1860 XI,
696 1787 828 1848 certum
845 1786 897 1848 est
911 1783 1025 1848 illicite
1039 1803 1141 1866 agere
1157 1787 1352 1852 sacerdotes

174 1893 232 1976 qni
245 1894 318 1958 sine
331 1893 572 1978 approbatione
584 1893 741 1959 audirent
750 1893 1002 1958 confessionem
1012 1893 1208 1958 venialium.
1223 1895 1350 1960 Deinde

170 2019 243 2066 non
262 2002 376 2065 miuus
391 2001 570 2066 indubium
585 2007 637 2067 est
651 2001 902 2068 absolutionem
920 2001 962 2064 ab
983 2001 1032 2065 eis
1053 2004 1255 2066 attentatam
1275 2021 1350 2068 esse
1382 2047 1385 2054 -

173 2110 314 2176 omnino
336 2111 533 2188 invalidam,
564 2112 643 2196 quia
666 2115 798 2176 certum
821 2116 874 2175 est
897 2129 941 2174 ex
964 2109 1087 2174 eodem
1101 2110 1237 2176 decreto
1258 2112 1350 2194 quod
1441 2161 1445 2170 .

171 2219 318 2285 Ecclesia
335 2220 463 2286 nullam
485 2222 533 2285 eis
552 2221 684 2287 confert
699 2219 984 2304 jurisdictionem,
1006 2224 1041 2283 et
1060 2238 1103 2283 ex
1124 2219 1230 2284 altera
1252 2227 1348 2304 parte

172 2327 265 2393 nullo
281 2333 484 2410 argumento
497 2328 663 2412 probabili
678 2328 812 2394 ostendi
833 2332 947 2411 potest
969 2329 1060 2413 quod
1084 2329 1234 2394 habeant
1247 2330 1349 2411 juris·

172 2435 354 2502 dictionem
369 2455 389 2502 a
403 2436 544 2503 Christo.

212 2544 242 2627 d)
262 2545 415 2639 Potestas
440 2544 662 2629 approbandi.
680 2546 711 2608 1ο
733 2543 785 2608 ad
809 2545 1042 2610 confessiones
1059 2546 1273 2611 saecularium
1287 2563 1347 2611 au·

170 2653 322 2732 diendas,
336 2653 545 2737 approbandi
556 2657 707 2736 potestas
723 2652 849 2734 dejure
860 2654 1023 2734 competit
1038 2654 1195 2738 episcopo
1206 2654 1348 2738 aliisque

169 2762 316 2846 praelatis
335 2763 481 2826 incerto
506 2761 675 2825 territorio
700 2760 937 2824 exercentibus
956 2761 1229 2843 jurisdictionem
1251 2764 1348 2845 quasi

170 2870 412 2954 episcopalem;
428 2871 511 2934 item
526 2869 684 2952 capitulo,
703 2867 784 2933 sede
797 2873 950 2944 vacante,
977 2873 1011 2932 et
1024 2870 1202 2954 utriusque
1221 2871 1346 2935 vicario

169 2979 340 3058 generali;
358 2978 437 3061 quia
452 2997 521 3042 non
537 2981 590 3042 est
604 2981 699 3041 actus
714 2976 852 3054 ordinis,
878 2975 945 3054 sed
956 2976 1201 3059 jurisdictionis
1218 2978 1347 3060 episcp-

168 3085 253 3168 patis
268 3085 457 3161 ordinariae,
475 3091 509 3150 et
521 3086 597 3150 ideo
614 3085 859 3149 communicari
877 3089 1000 3165 potest.
1021 3085 1061 3148 Et
1079 3083 1143 3148 hoc
1158 3103 1279 3148 verum
1295 3091 1346 3150 est

170 3193 273 3257 etiam
292 3193 405 3276 quoad
427 3191 600 3274 regulares
621 3197 810 3274 exemptos,
831 3210 875 3255 ex
891 3190 984 3255 bulla
998 3191 1183 3276 Apostolicf
1197 3197 1345 3276 moneris

169 3299 241 3365 lnn.
258 3298 342 3378 lllll,
360 3306 422 3366 etc.

208 3410 240 3472 2⁰
254 3409 305 3474 Ad
328 3409 579 3474 confessionem
592 3407 801 3492 repertorium
818 3406 1045 3489 excipiendas,
1064 3401 1230 3472 sacerdoti
1244 3425 1344 3490 regu-

167 3517 229 3584 lari
243 3517 299 3584 vel
314 3519 417 3582 etiam
432 3517 584 3584 saeculari
598 3517 722 3581 sufficit
738 3515 936 3599 approbatio
953 3519 987 3579 et
1001 3514 1138 3580 licentia
1159 3517 1342 3600 superioris

167 3627 333 3708 regularis
349 3629 584 3694 confitentium
602 3647 609 3690 :
625 3631 758 3691 constat
779 3644 823 3689 ex
843 3624 946 3689 citato
967 3643 995 3688 o.
1012 3625 1051 3688 15
1065 3641 1160 3689 cono.
1183 3624 1285 3702 frid,
1309 3632 1344 3690 et

168 3753 211 3800 ex
230 3736 365 3802 decreto
387 3735 489 3800 Clam.
507 3734 585 3800 Vlll.
603 3735 699 3799 Ratio
715 3738 777 3808 est,
800 3733 879 3816 quia
894 3731 990 3797 decet
1013 3737 1051 3795 ut
1071 3732 1246 3814 regulares
1265 3751 1343 3798 con-

165 3845 346 3909 fessarium
373 3845 539 3926 accipiant
566 3862 587 3908 a
611 3841 839 3925 regularibus,
865 3841 909 3905 ob
935 3841 1173 3924 perfectiorem
1197 3840 1342 3905 modum

164 3951 303 4016 vivendi
316 3971 418 4036 quem
434 3956 563 4016 tenent.

147 4122 150 4128 .
202 4059 236 4123 3·
247 4059 373 4124 Tamen
393 4060 504 4144 quoad
525 4059 701 4135 moniales,
720 4078 762 4122 ex
776 4059 868 4123 bulla
881 4059 1098 4124 racematio·
1116 4057 1214 4140 Greg.
1233 4058 1288 4124 XV
1308 4064 1342 4124 et

162 4167 348 4234 Pastoralz's
361 4169 487 4235 Bened.
502 4168 583 4247 Xlll,
595 4168 780 4253 requiritur
791 4168 945 4252 specialis
955 4168 1153 4253 approbatio
1166 4167 1338 4245 ordinarii,

163 4277 234 4342 sive
249 4285 372 4359 agatur
389 4279 431 4343 de
451 4277 658 4344 confessario
680 4275 832 4346 saculan
856 4277 928 4342 sive
953 4276 995 4341 de
1020 4276 1178 4358 regulari.
1200 4274 1272 4339 lmo
1297 4294 1340 4339 ex

161 4386 315 4469 pluribus
345 4387 489 4451 decretis
515 4385 570 4450 SS.
598 4384 731 4466 Congr,
757 4383 932 4466 regulares
955 4383 1178 4467 prohibentur
1201 4381 1281 4464 eligi
1303 4381 1340 4445 in

161 4496 376 4561 confessores
390 4495 601 4561 monialium.

202 4607 228 4688 c)
244 4606 272 4670 A
286 4623 436 4688 quonam
451 4605 600 4690 episcopo
615 4603 733 4669 danda
746 4604 790 4667 sit
802 4601 1023 4686 approbatio?
1035 4603 1073 4664 ι1ο
1097 4599 1183 4664 Sunt
1199 4599 1253 4664 vel
1273 4600 1337 4666 sal-
