3418 5566
545 551 633 598 ursan
651 551 782 607 orturus
802 549 1026 597 ostermarus.
1317 530 1378 596 363

202 670 445 747 destrueretur,
461 687 505 734 ne
532 673 642 736 totum
662 674 782 754 pereat
796 689 804 733 :
818 688 852 735 v.
869 688 903 752 g.
921 668 950 734 si
964 671 1058 736 certa
1073 685 1168 735 mors
1190 669 1379 734 intentetur

202 796 223 846 a
243 783 399 862 tyranno,
422 779 487 842 nisi
510 779 586 863 quis
600 778 664 844 sibi
683 796 826 844 manum
849 776 1035 854 abscindat,
1052 781 1165 861 potest
1184 780 1379 844 membrum

201 888 284 956 illud
298 893 455 956 truncare
467 891 506 954 ut
516 891 628 956 totum
641 887 813 973 reliquum
825 897 952 972 corpus
963 887 1157 954 conservet.

663 1101 821 1164 SEGTIO
850 1101 907 1165 lV.

449 1243 496 1298 os
519 1243 626 1310 penu
647 1243 818 1296 comosus
837 1245 873 1296 ss
893 1228 1153 1314 marcadantes

493 1403 514 1454 1.
531 1401 626 1455 Brevis
644 1399 774 1454 recensio
792 1401 906 1455 illarum
920 1413 1082 1466 poenarum.

198 1555 204 1566 ·
241 1538 289 1603 De
299 1539 411 1622 poenis
420 1541 498 1620 iure
510 1537 600 1602 civili
615 1537 694 1601 latis
708 1554 778 1603 non
791 1553 934 1618 egemus
949 1555 1072 1620 :poena
1081 1536 1255 1604 homicidii
1269 1536 1378 1605 dolosi

202 1664 264 1714 seu
287 1647 434 1712 scienter
447 1645 538 1724 iacti,
554 1646 745 1727 generatim
759 1663 821 1710 seu
834 1646 871 1709 in
885 1645 989 1710 variis
1010 1645 1219 1726 regionibus,
1237 1649 1289 1709 est
1302 1644 1379 1709 ulti-

201 1770 298 1820 mum
317 1754 539 1839 supplicium,
561 1754 686 1819 sivero
706 1753 927 1820 homicidium
951 1754 995 1818 sit
1014 1754 1255 1839 qualificatum
1276 1771 1379 1838 poena

201 1859 293 1926 illius
309 1867 530 1946 exasperatur
545 1860 734 1926 secundum
746 1861 901 1927 locorum
915 1862 1211 1927 consuetudinem.

239 1969 300 2034 Jus
313 1971 515 2037 canonicum
527 1970 640 2035 varias
654 1971 758 2035 etiam
771 1971 888 2036 statuit
906 1988 1025 2055 prenae
1042 1975 1161 2036 contra
1178 1970 1376 2036 homicides.

203 2079 234 2143 i·
247 2077 296 2142 Ex
308 2095 382 2144 can.
397 2079 448 2156 ib,
464 2077 598 2162 Itaque,
610 2077 661 2153 id,
676 2097 708 2162 q.
719 2077 749 2154 3,
768 2077 874 2142 laicus
884 2078 987 2143 debet
997 2077 1298 2154 excommunicari,
1314 2078 1380 2143 nisi

202 2205 264 2270 per
280 2185 518 2270 poenitentiam
537 2186 735 2262 satisfaciam
751 2184 893 2251 elerious
910 2204 994 2252 vero
1012 2187 1154 2269 punitur
1170 2184 1380 2250 inhabilitate

203 2296 247 2362 ad
267 2297 452 2362 obtinenda
472 2295 648 2372 beneficia,
672 2295 884 2380 depositione
911 2297 954 2361 ab
976 2295 1098 2362 ordine
1125 2298 1160 2361 et
1186 2295 1299 2361 officio
1320 2311 1382 2377 per

204 2403 409 2470 sententiam
422 2404 558 2488 judicis,
576 2403 772 2470 detrusione
793 2405 830 2469 iu
849 2420 1020 2468 carcerem
1033 2401 1090 2468 vel
1104 2402 1323 2469 damnatione
1338 2402 1382 2468 ad

203 2512 378 2588 triremes;
394 2511 534 2578 tandem
548 2512 578 2577 si
593 2512 638 2577 sit
654 2509 1166 2593 incorrigibilis,·degradati0ne
1187 2531 1195 2574 :
1215 2510 1264 2576 ita
1283 2527 1378 2576 cono.

203 2617 350 2684 Trident.
370 2618 468 2702 (sess.
491 2620 541 2697 ll,
561 2639 590 2685 o.
612 2622 642 2696 7,
663 2619 705 2684 de
718 2619 820 2702 defi),
838 2622 916 2702 post
932 2621 990 2701 jus
1005 2618 1195 2702 antiquum.
1215 2619 1248 2682 Ψ
1266 2617 1381 2684 Altera

202 2745 305 2812 poena
327 2731 381 2792 est
398 2727 630 2810 compensatio
652 2726 808 2792 omnium
832 2725 1037 2792 damnorum
1067 2745 1110 2790 ex
1128 2723 1311 2791 homicidio
1324 2725 1381 2791 vel

203 2833 440 2900 vulneratione
454 2835 729 2918 provenientium
742 2855 749 2896 :
760 2834 848 2898 hano
861 2833 1179 2917 compensationem
1193 2833 1299 2915 exigit
1309 2835 1381 2917 jus-

204 2941 278 3008 titia
291 2941 546 3018 commutativa,
563 2941 689 3006 etideo
705 2941 784 3005 siin
801 2939 1040 3005 damnificante
1057 2941 1122 3004 tuit
1139 2941 1239 3024 culpa
1253 2939 1382 3006 theolo-

203 3050 290 3134 gica,
304 3049 538 3133 compensatio
559 3048 714 3114 facienda
727 3052 780 3112 est
793 3053 872 3114 ante
890 3045 996 3113 ullam
1016 3047 1222 3113 sententiam
1239 3047 1380 3130 judiois;

205 3159 234 3224 si
250 3176 334 3224 vero
359 3157 423 3223 fuit
443 3163 578 3224 tantum
599 3157 762 3243 juridica,
789 3158 910 3223 saltem
930 3161 1009 3241 post
1032 3157 1238 3222 sententiam
1258 3155 1383 3222 damna

205 3270 460 3354 compensanda
473 3275 564 3336 sunt.

245 3378 313 3444 Sed
331 3377 433 3444 hodie
451 3379 561 3463 judex
589 3379 837 3446 ecclesiasticus
858 3396 1036 3463 nunquam
1058 3377 1113 3443 vel
1133 3395 1211 3443 raro
1231 3376 1385 3460 procedit

206 3492 326 3552 contra
347 3487 546 3564 homicidas,
573 3492 608 3553 et
630 3486 708 3553 ideo
733 3491 914 3553 remanent
933 3504 1038 3570 poena
1058 3490 1093 3550 et
1113 3485 1236 3552 delicta
1253 3487 1291 3550 in
1309 3487 1384 3552 iuro

205 3595 351 3672 interno,
379 3595 420 3661 de
447 3591 579 3680 quibus'
596 3601 743 3663 tractant
770 3595 922 3678 theologi
950 3594 1109 3660 morales.
1142 3593 1260 3678 Itaque
1285 3596 1385 3659 tertia

205 3721 309 3786 poena
326 3708 380 3768 est
393 3703 636 3786 irregularitas,
652 3723 696 3769 ex
708 3705 812 3769 variis
832 3705 968 3787 juribus
981 3702 1022 3786 (o.
1040 3705 1090 3780 ll,
1103 3703 1154 3778 it,
1168 3720 1263 3769 conc.
1280 3701 1383 3780 Tria,

207 3829 235 3875 s.
248 3809 299 3886 ei,
313 3828 341 3876 o.
356 3811 386 3887 6,
402 3811 444 3875 de
454 3812 554 3896 defi),
571 3817 606 3879 et
617 3818 751 3880 constat
762 3813 1021 3896 irregularitatis
1033 3813 1196 3897 laqueum
1210 3812 1384 3876 incurrere

207 3936 289 3985 eum
301 3919 360 4003 qui
371 3936 476 3986 manu
489 3922 625 4005 propria
645 3922 792 3987 alterum
805 3921 997 3988 voluntarie
1013 3925 1048 3984 et
1060 3907 1190 4003 injuste
1210 3917 1382 3984 occiderit.

207 4026 256 4091 De
274 4027 338 4091 hac
357 4045 460 4110 prena
478 4033 512 4092 et
532 4029 783 4095 conditionibus
805 4029 980 4114 inquibus
998 4027 1192 4102 incurritur,
1209 4025 1385 4110 speciatim

208 4151 311 4216 agere
325 4138 469 4218 oportet.
486 4134 593 4214 Unde,

370 4310 401 4362 11.
419 4312 459 4362 be
471 4307 678 4374 irregularitate
692 4321 755 4376 qua
771 4321 805 4364 ex
819 4308 973 4364 homicidio
986 4309 1065 4374 insto
1080 4280 1229 4374 provenit.¹

249 4440 281 4524 a)
295 4440 327 4503 1⁰
340 4440 402 4518 Qui
413 4439 666 4524 justealtcrum
681 4439 812 4519 oceidit,
830 4441 886 4507 vel
906 4441 942 4504 in
960 4440 1129 4522 privatam
1149 4438 1386 4504 defensionem

210 4547 263 4613 sui
277 4552 337 4612 aut
351 4548 507 4631 proximi,
518 4546 575 4612 vel
588 4549 625 4612 in
638 4547 728 4614 bello
739 4551 834 4632 justo
846 4547 1021 4615 defensivo
1036 4547 1072 4610 in
1085 4544 1256 4630 publicam
1271 4544 1386 4612 deten-

127 4679 129 4686 <
211 4654 344 4720 sionem
364 4653 520 4722 Ecclesiae
535 4660 595 4722 aut
607 4656 734 4739 patriae,
752 4654 883 4721 nullam
900 4653 1072 4721 contrahit
1084 4652 1383 4736 irregularitatem.
