3418 5566
356 606 417 672 360
812 619 864 667 aus
884 615 1064 665 canonum.

354 742 460 808 homo
482 741 721 808 exanimetur:
742 738 772 804 si
794 742 847 803 ast
868 736 1092 812 inanimatus,
1112 738 1166 800 est
1187 733 1315 798 crimen
1342 733 1526 799 homicidio

356 849 470 924 ailina,
479 847 558 914 licet
569 865 640 912 non
655 847 698 910 sit
710 843 846 929 propria
859 843 1095 918 homicidium
1110 845 1146 906 at
1158 846 1290 906 carlum
1305 840 1450 918 videtur,
1462 859 1529 924 pcr

355 956 539 1022 modernas
555 953 811 1020 observationes
825 952 948 1016 factum
962 954 998 1015 in
1011 950 1232 1032 conceptione
1249 947 1305 1014 vel
1318 949 1433 1014 statim
1446 953 1527 1034 post

354 1063 614 1147 conceptionem
628 1061 783 1127 animari.

394 1169 500 1247 Unda,
517 1171 580 1235 etsi
594 1167 710 1253 puella
729 1169 940 1252 deprabcnsa
953 1166 1095 1251 gravida
1107 1167 1248 1232 deberet
1260 1167 1416 1232 infamari
1430 1171 1490 1232 aut
1502 1185 1526 1233 a

354 1283 450 1365 patra
463 1278 547 1344 dure
559 1278 700 1362 percuti,
710 1295 779 1342 non
788 1280 905 1360 posset
914 1295 1050 1346 sumere
1061 1275 1283 1358 pharmacum
1295 1274 1339 1339 ad
1353 1274 1526 1357 cxpcllcn-

354 1387 438 1453 dum
457 1385 590 1450 laetum.
618 1385 756 1450 Constat
781 1403 825 1450 ax
852 1383 1008 1468 sequenti
1036 1381 1268 1466 propositione
1299 1381 1459 1448 damnata
1480 1383 1526 1449 ab

354 1494 428 1560 lnn.
445 1493 488 1558 lll
508 1513 516 1557 :
533 1517 550 1552 «
564 1491 655 1558 Licet
673 1509 850 1575 procurare
870 1492 1027 1557 abortum
1047 1495 1125 1556 anta
1146 1489 1390 1555 animationem
1407 1491 1523 1566 iaetus,

354 1621 399 1669 na
412 1599 527 1685 puella
539 1599 752 1684 deprehensa
771 1598 912 1681 gravida
930 1598 1102 1664 occidatur
1121 1597 1177 1664 vel
1191 1597 1385 1664 momatur.
1404 1623 1419 1656 a
1431 1597 1526 1665 ldcm

353 1709 537 1776 dicandum
550 1711 604 1775 est
617 1706 659 1774 da
673 1707 793 1791 quavis
807 1725 910 1772 causa
920 1707 1113 1772 intrinseca.
1469 1709 1473 1718 '

394 1817 425 1901 d)
437 1818 490 1882 Aa
502 1815 603 1883 liccat
618 1815 729 1892 matri,
746 1813 789 1880 ad
806 1814 1005 1882 salvandam
1024 1817 1254 1894 sitammam,
1268 1817 1526 1900 directeprocu-

353 1943 428 1994 rarc
438 1925 607 2002 abortum,
615 1943 675 1992 scu
689 1941 824 1990 sumere
833 1925 1052 2008 pharmacum
1061 1943 1123 2009 per
1134 1943 1171 1992 sc
1184 1924 1527 2010 cxpmsivumioetus?

354 2034 442 2099 Olim
462 2031 520 2097 GG.
545 2037 582 2098 at
597 2031 657 2096 ΤΤ.
681 2032 936 2114 distinguebant
950 2033 1041 2098 iuter
1061 2034 1185 2098 fctum
1206 2033 1394 2098 animatum
1419 2031 1526 2097 ctioe·

353 2148 429 2207 tum
441 2143 682 2217 inanimatum
696 2139 868 2222 negabant
881 2158 1001 2206 omnes
1017 2141 1059 2206 de
1072 2142 1239 2217 animato;
1255 2140 1313 2204 alii
1326 2139 1526 2223 contraplu-

257 2239 259 2244 ’
353 2268 411 2316 res
424 2249 641 2316 affirmabant
655 2246 696 2313 de
709 2249 907 2314 inanimato.
923 2249 999 2326 Sed,
1013 2248 1131 2314 relicta
1141 2248 1200 2314 illa
1213 2248 1440 2325 distinctione,
1456 2265 1527 2314 res·

355 2358 538 2443 pandatur,
556 2356 646 2444 quod
659 2375 836 2440 nunquam
849 2355 938 2434 licat,
951 2377 995 2424 ex
1009 2357 1137 2423 directa
1149 2355 1338 2423 intentione
1353 2355 1528 2423 occidendi

354 2465 497 2550 prolem,
512 2482 694 2548 procurare
708 2465 881 2542 abortum;
905 2483 987 2532 nam
1010 2483 1080 2532 non
1103 2471 1184 2530 sunt
1205 2464 1361 2532 iacienda
1378 2463 1469 2530 mala
1488 2470 1529 2529 nt

356 2574 517 2640 eveniant
528 2573 629 2639 bona.
647 2571 725 2650 Sed,

394 2681 421 2764 c)
436 2681 541 2747 llater
566 2680 757 2764 periculoso
783 2681 905 2748 morbo
934 2681 1094 2748 laborans
1118 2686 1233 2766 potest
1266 2681 1357 2748 licita
1391 2699 1527 2748 sumcra

355 2788 576 2872 pharmacum
590 2788 717 2855 directe
739 2793 773 2856 et
789 2807 851 2871 per
862 2807 900 2855 se
915 2790 1119 2866 sanativum,
1136 2787 1215 2854 licet
1227 2807 1289 2873 per
1309 2789 1465 2855 accidens
1485 2790 1527 2854 ti-

356 2899 490 2961 meatur
505 2901 683 2961 sccuturus
697 2896 836 2962 abortus
856 2897 979 2973 lantum
995 2914 1086 2972 nam,
1104 2900 1142 2959 ut
1158 2897 1206 2961 ait
1217 2896 1311 2978 hugo
1327 2896 1477 2976 (deluat.
1495 2907 1530 2962 et

351 3003 443 3086 jure,
457 3021 491 3068 n.
512 3003 593 3088 133),
609 3009 720 3070 mator
736 3023 809 3072 non
830 3009 967 3070 tenetur
982 3021 1061 3070 cum
1084 3009 1179 3070 tanto
1196 3003 1275 3070 vitae
1293 3023 1363 3070 suae
1377 3005 1528 3089 periculo

356 3127 564 3195 praesarvars
579 3117 614 3178 ct
626 3129 829 3181 conservare
842 3113 977 3177 ioetum.

397 3218 572 3302 dilamari
582 3219 800 3304 probabiliter
814 3218 931 3286 liceret
946 3224 1083 3305 partum
1102 3221 1304 3296 accelerare,
1325 3226 1364 3286 ut
1378 3220 1530 3286 salvetur

358 3329 438 3394 vitm
449 3328 579 3407 matris,
597 3330 626 3393 si
639 3328 822 3412 probabilis
837 3347 913 3414 spes
929 3330 973 3394 sit
989 3336 1029 3394 ut
1041 3331 1144 3394 ioetus
1165 3329 1312 3412 vivusgin
1325 3329 1437 3395 lucem
1452 3347 1529 3413 pro-

357 3434 447 3513 deat,
464 3439 499 3501 at
518 3435 640 3502 saltem
654 3435 863 3518 baptismum
884 3437 1054 3521 suscipiat.
1072 3436 1220 3513 Constat,
1244 3441 1318 3500 tum
1338 3437 1418 3521 quia
1435 3454 1529 3501 mors

358 3545 478 3611 matris
498 3545 582 3610 nihil
594 3545 774 3630 prodesset
792 3548 872 3612 vitae
886 3547 1065 3631 temporali
1083 3546 1197 3631 prolis,
1215 3565 1292 3630 quae
1313 3547 1417 3612 ctiam
1439 3553 1531 3613 esset

358 3653 470 3736 posita
482 3653 518 3718 in
541 3653 743 3735 gravissimo
766 3654 916 3738 periculo
939 3655 1058 3722 salutis
1080 3660 1227 3731 aeterna,
1245 3659 1319 3719 tum
1341 3673 1385 3720 cx
1398 3655 1529 3721 ratione

359 3760 507 3844 hugonis
520 3761 676 3845 superius
688 3761 799 3830 allata.

819 4020 976 4084 suerio
1006 4021 1037 4084 ll
1043 4022 1066 4083 1.

614 4179 661 4234 Da
673 4181 849 4238 homicidio
864 4183 992 4236 casuali
1007 4187 1042 4236 at
1055 4183 1275 4237 mutilatione.

756 4367 776 4417 1.
792 4367 832 4418 Dc
849 4363 1002 4419 homicidio
1016 4365 1134 4420 casuali.

400 4521 433 4604 a)
442 4519 667 4586 homicidium
679 4539 774 4588 merc
782 4521 917 4588 casuale
930 4541 991 4588 sou
1004 4523 1183 4587 fortuitum
1189 4538 1259 4588 non
1274 4529 1328 4588 cst
1342 4527 1529 4606 peccatum,

359 4625 746 4711 necuffisuhcstpoenae;
756 4646 837 4695 nam
849 4628 1058 4696 nullomodo
1071 4630 1287 4707 cstvolitum,
1302 4649 1366 4696 nec
1379 4631 1532 4694 insanae

358 4735 394 4801 in
409 4753 472 4802 sua
483 4753 596 4803 causa.
610 4735 754 4804 Econtra
764 4738 985 4804 homicidium
999 4739 1134 4805 casuale
1149 4737 1339 4824 culposum,
1356 4736 1447 4822 quod
1458 4736 1531 4820 qui-
