3508 5568
376 487 415 550 18
834 501 886 548 sus
906 500 1087 548 cuuomcuu.

373 619 626 686 celebrarentur
647 621 737 686 intra
759 620 943 684 terminum
959 618 1125 683 ttniendae
1142 617 1339 700 obligationi
1354 616 1547 702 praefixum,

374 730 455 796 turic
469 745 511 794 ex
526 735 621 812 parte
639 729 814 813 utriusque
830 729 1002 813 sponsalia
1015 728 1208 804 solvuntur,
1228 727 1293 790 nisi
1308 727 1409 792 ambo
1425 726 1460 788 in
1474 742 1549 809 pro·

372 838 589 919 rogationem
601 836 737 902 termini
751 838 994 902 consentirent.

414 945 514 1029 Resp.
531 947 560 1008 7.
579 944 756 1029 sponsalia
775 946 995 1010 resolvuntur
1007 945 1161 1028 pluribus
1175 942 1249 1009 aliis
1263 941 1385 1018 modis,
1399 946 1437 1004 ut
1447 943 1478 1004 1ο
1494 940 1549 1004 de-

374 1053 520 1130 ficiente,
537 1071 599 1118 seu
614 1071 683 1118 non
697 1049 837 1136 impleta
851 1053 1045 1120 conditione
1060 1055 1143 1137 (cap.
1159 1053 1189 1126 3,
1203 1051 1244 1115 de
1255 1050 1388 1116 Condit.
1402 1047 1546 1134 oppos.);

373 1161 405 1226 1·
423 1162 635 1246 professione
657 1161 827 1245 religiosa,
850 1163 953 1228 etiam
967 1167 1045 1246 post
1058 1161 1235 1226 biennium
1252 1159 1288 1224 iu
1305 1160 1337 1223 S.
1353 1160 1394 1234 J.;
1413 1175 1548 1239 suscep·

373 1269 466 1335 tione
493 1273 523 1334 S.
548 1271 692 1347 ordinis,
718 1276 752 1334 et
778 1271 997 1354 probabiliter
1019 1276 1099 1337 voto
1122 1277 1295 1355 perpetuae
1315 1267 1490 1343 castitatis,
1511 1269 1549 1328 ut

374 1377 423 1442 tit.
439 1376 478 1441 Vl
495 1377 623 1454 dicam;
649 1379 681 1442 3⁰
696 1380 913 1445 matrimonio
928 1379 970 1444 de
992 1379 1152 1463 praesenti
1168 1397 1246 1445 oum
1268 1377 1333 1444 aliu
1347 1380 1521 1442 contrecto
1539 1395 1546 1436 :

372 1487 563 1565 tuncenim,
574 1486 695 1553 saltem
705 1507 747 1553 ex
762 1493 857 1572 parte
872 1488 1075 1566 innocentis,
1086 1489 1200 1572 prior'a
1216 1485 1388 1572 sponsalia
1402 1487 1548 1576 pereunt

372 1594 455 1677 (cap.
472 1594 522 1671 31,
536 1596 601 1661 boc
616 1596 690 1678 tit).
706 1597 738 1659 4⁰
754 1595 931 1679 sponsalia
943 1596 986 1660 ab
1001 1596 1178 1680 impubere
1193 1599 1377 1670 contracta,
1392 1591 1466 1657 solo
1482 1588 1548 1654 dis-

372 1719 476 1766 sensu
491 1702 527 1786 in
541 1704 719 1786 pubertate
733 1705 822 1769 iacto
837 1709 1048 1768 evanescunt
1063 1707 1102 1786 (c.
1120 1706 1149 1780 7,
1164 1704 1205 1769 de
1219 1704 1378 1786 Desponsa.
1395 1699 1544 1785 impubi.

371 1809 404 1872 δ’
419 1809 584 1892 Legitima
606 1811 858 1894 dispensatione
884 1812 997 1895 Papae,
1018 1813 1050 1875 6·
1067 1811 1314 1895 impedimento
1337 1807 1423 1892 juris
1447 1809 1544 1872 natu-

372 1917 452 1983 ralis
475 1921 737 2003 superveniente
762 1921 986 2003 sponsalibus,
1008 1921 1057 1985 uti
1075 1927 1128 1985 est
1140 1919 1342 2001 impotentia
1361 1923 1544 2001 perpetum

372 2027 452 2109 quia
473 2026 530 2092 tali
551 2046 630 2093 casu
649 2030 905 2095 matrimonium
929 2035 983 2094 est
1003 2028 1222 2112 impossibile.
1243 2028 1285 2092 tt
1307 2027 1334 2090 si
1358 2045 1400 2092 ex
1424 2023 1546 2092 delicto

371 2133 510 2200 alterius
539 2139 758 2220 superveniat
782 2137 1066 2220 impedimentum
1088 2137 1176 2221 juris
1203 2134 1430 2211 ecclesiastici,
1453 2153 1486 2198 v.
1510 2151 1544 2214 g.

370 2241 518 2308 affinitas
537 2263 580 2310 ex
602 2246 825 2311 fornicatione
847 2265 927 2310 cum
947 2244 1203 2327 consanguinea
1225 2262 1359 2327 sponsae
1379 2244 1415 2307 in
1434 2242 1545 2325 primo

371 2357 430 2416 aut
453 2353 602 2420 secundo
623 2353 743 2435 gradu
769 2360 905 2420 tenetur
927 2373 1006 2439 pars
1028 2353 1246 2437 delinquens,
1274 2354 1302 2417 si
1325 2356 1439 2436 potest
1463 2351 1547 2415 eitra

370 2459 482 2542 majus
507 2479 608 2524 suum
631 2461 889 2527 incommodum
909 2465 944 2526 et
967 2463 1148 2538 damnum,
1178 2460 1469 2543 dispensationem
1489 2476 1545 2542 pe·

371 2569 454 2642 tere,
472 2570 506 2632 et
518 2567 645 2650 injuste
660 2569 779 2635 datum
794 2571 925 2636 obicem
940 2570 1068 2636 tollere.

431 2767 474 2820 Vi·
490 2768 531 2820 dn
547 2767 702 2822 auctoritas
713 2768 819 2834 judicis
836 2769 1197 2892 ecclesiastliicivnecassaria
1209 2767 1248 2821 sit
1261 2767 1296 2820 ud
1308 2765 1489 2820 dissolvenda

453 2847 457 2856 ’
872 2853 978 2906 sponsu
998 2852 1031 2893 a.

409 2997 509 3081 Resp.
528 2999 556 3062 1.
581 3000 615 3063 Si
636 2999 725 3065 adsit
744 3003 839 3082 justa
860 3019 973 3076 causa,
1002 3005 1036 3066 et
1059 3000 1326 3078 simulacione,
1353 2999 1447 3066 nullo
1467 3001 1547 3083 jure'

369 3105 553 3187 requiritur
568 3105 643 3170 talis
658 3107 851 3183 auctoritas,
869 3108 929 3172 sed
944 3113 1058 3191 partes
1075 3110 1207 3192 privata
1226 3112 1394 3192 potestate
1416 3105 1545 3172 resilire

369 3219 524 3294 possunt.
550 3213 688 3297 Excipe,
713 3215 778 3278 nisi
802 3214 947 3298 speciale
977 3216 1115 3299 aliquod
1143 3221 1310 3282 statutum
1335 3213 1545 3280 conmanunt

369 3326 461 3386 esset
483 3322 518 3386 in
544 3321 696 3398 dioecesi3
721 3327 802 3387 tunc
825 3324 917 3388 enim
942 3322 1111 3407 sponsalia
1129 3325 1319 3406 praesertim
1338 3323 1482 3407 publica,
1503 3320 1546 3384 ad

369 3429 568 3494 evitandum
591 3430 800 3507 scandalum,
818 3432 1010 3496 necessario
1035 3434 1235 3498 auctoritate
1259 3431 1406 3515 episcopi
1429 3428 1545 3494 dissol-

370 3537 482 3601 venda
494 3539 618 3602 forent.
634 3539 664 3600 1.
682 3537 715 3602 Si
730 3557 833 3602 causa
848 3557 918 3603 non
933 3539 977 3601 sit
990 3539 1134 3614 notoria,
1151 3545 1211 3604 aut
1226 3543 1328 3615 certa,
1345 3559 1378 3604 v.
1395 3557 1428 3622 g.
1446 3537 1546 3603 delic-

371 3649 445 3707 tum
466 3645 710 3721 fornicationis,
726 3645 826 3729 plene
842 3647 977 3729 probari
990 3647 1092 3711 debet
1108 3664 1224 3712 coram
1240 3649 1409 3731 episcopo,
1426 3664 1470 3712 ne
1484 3663 1547 3730 per

370 3769 507 3818 causam
532 3757 735 3836 praetextam
762 3759 796 3817 et
820 3755 985 3818 incertam
1005 3753 1142 3820 tollatur
1163 3755 1259 3820 elteri
1280 3756 1338 3838 jus
1355 3759 1487 3820 certum
1502 3771 1545 3817 ex

370 3860 584 3942 sponsalibus
608 3861 801 3944 quaesitum.
819 3859 852 3923 Si
869 3867 983 3925 tamen
1004 3879 1065 3945 pro
1089 3881 1193 3927 causa
1215 3861 1419 3944 allegaretur
1441 3864 1545 3946 impe-

371 3967 561 4033 dimentum
582 3969 755 4047 dirimens,
774 3970 946 4036 sufllceret
956 3970 1061 4052 judici
1083 3971 1186 4034 etium
1209 3989 1298 4035 uuus
1318 3971 1423 4048 testis,
1440 3971 1542 4046 lama,

368 4075 424 4140 vel
451 4077 588 4160 propria
614 4077 784 4143 confessio
814 4079 1010 4163 utriusque,
1039 4077 1095 4144 vel
1126 4079 1227 4143 unius
1254 4079 1370 4162 sponsi
1398 4081 1539 4162 (argum.

368 4199 440 4266 cep.
456 4185 486 4258 1,
503 4185 568 4250 hoc
583 4183 632 4248 tit.
646 4204 653 4260 3
668 4203 740 4268 cap.
757 4185 807 4262 10,
832 4185 873 4250 de
886 4185 1045 4268 Despons.
1062 4187 1141 4270 imp.
1150 4204 1162 4264 ;
1177 4203 1251 4269 cap.
1267 4187 1298 4263 t,
1315 4187 1357 4252 de
1371 4184 1540 4268 Consanp.

367 4299 400 4354 et
414 4293 575 4376 afficit.);
592 4311 673 4360 nam
688 4295 746 4359 ubi
761 4295 875 4377 agitur
889 4294 931 4361 de
945 4294 1084 4361 vitando
1102 4293 1254 4378 periculo
1266 4297 1403 4372 animm,
1423 4312 1483 4359 seu
1500 4293 1542 4357 de

366 4403 516 4480 peceato,
532 4402 645 4468 minor
658 4403 814 4486 probatio
828 4403 1021 4486 requiritur.
