3514 5564
822 525 875 574 we
895 524 1075 574 GANOMGUU.

559 727 624 780 vin.
639 725 679 780 dd
693 709 918 792 quem'judtcem
933 727 1043 791 specta
1054 725 1173 792 questio
1188 689 1348 778 naiadum?

405 871 505 956 Resp.
521 873 573 937 dd
587 871 852 938 ecclesiasticum
874 874 1053 958 privative,
1070 873 1143 938 aive
1158 871 1200 937 de
1213 869 1271 936 ills
1284 874 1406 954 agatur
1415 869 1538 954 prinoi-

365 977 496 1062 paliter,
513 979 586 1044 sive
600 978 791 1045 incidenter
804 981 888 1064 (cap.
901 983 931 1058 5,
952 983 970 1044 7
985 981 1019 1044 h.
1038 979 1119 1062 tit.);
1140 997 1221 1044 nam
1242 977 1385 1062 quaestio
1403 979 1468 1043 ista
1487 983 1539 1044 est

366 1083 560 1168 spiritualis,
575 1085 729 1170 pendens
752 1087 908 1153 avalora
931 1087 1151 1163 matrimonii,
1168 1085 1210 1150 de
1235 1103 1302 1170 quo
1330 1102 1537 1167 cognoscere

365 1199 418 1258 est
437 1193 544 1260 soiius
566 1193 691 1278 judicis
721 1193 950 1260 ecelesiastici.
966 1195 1062 1259 Unde
1088 1195 1116 1258 si
1134 1193 1225 1278 apud
1246 1193 1397 1276 judicem
1414 1191 1539 1258 laicum

365 1307 527 1368 tractatur
546 1319 650 1367 causa
671 1302 867 1386 principalis
889 1302 930 1368 de
954 1301 1164 1378 haereditate,
1188 1300 1371 1395 alimentis,
1402 1304 1479 1376 etc,
1505 1304 1539 1364 et

285 1395 288 1406 '
363 1407 480 1473 incidit
492 1409 635 1492 questio
649 1409 825 1488 natalium,
841 1410 942 1476 dehet
961 1407 1185 1493 supersedere
1200 1408 1235 1472 in
1249 1425 1352 1474 causa
1365 1405 1539 1491 principali

364 1513 473 1582 donec
491 1516 738 1582 ecclesiasticus
752 1522 939 1599 eognoscat
960 1518 1184 1601 quaestionem
1199 1515 1406 1580 incidentem
1423 1515 1465 1580 de
1480 1531 1539 1579 na-

364 1622 488 1688 talibus
502 1625 569 1707 (cit.
585 1643 614 1690 c.
635 1625 655 1689 c
675 1625 708 1688 h.
726 1625 775 1708 t),
791 1625 857 1690 nisi
881 1629 973 1691 esset
992 1643 1088 1690 mera
1110 1623 1253 1709 quaestio
1282 1623 1372 1698 iacti,
1395 1622 1452 1687 vel
1475 1622 1540 1688 nisi

364 1732 507 1814 quaestio
535 1737 627 1797 esset
653 1749 756 1817 super
776 1732 1025 1813 legitimatione
1048 1733 1114 1815 per'
1136 1731 1339 1815 rescriptum
1367 1730 1537 1815 principia.

755 2149 971 2228 TITULUS
1006 2150 1151 2224 xvlll.

233 2317 236 2324 ’
365 2341 414 2396 our
437 2344 647 2392 usrnrnoaruu
668 2345 820 2392 accusans
841 2347 978 2404 rossum,
995 2347 1053 2392 vua
1074 2345 1188 2392 corum
1217 2344 1304 2390 intuo
1331 2327 1540 2390 rasrrrrmar‘?

608 2669 627 2720 1.
644 2667 711 2730 ouis
726 2667 841 2724 attonde
851 2669 1048 2722 accusantium
1062 2667 1298 2724 matrimonium?

404 2793 503 2878 Resp.
521 2794 551 2857 i·
566 2793 600 2858 Si
621 2799 743 2876 agatur
755 2794 799 2860 ad
820 2795 1079 2878 impediendum
1101 2796 1359 2860 matrimonium
1371 2796 1537 2870 futurum,

365 2919 484 2966 omnes
499 2899 541 2966 de
561 2900 688 2984 populo
708 2901 946 2980 admittuntur,
964 2901 1206 2967 denuntiantes
1224 2901 1479 2986 impedimenta,
1502 2905 1541 2964 ut

364 3013 540 3092 peceatum
553 3013 795 3092 praecaveatur.
811 3007 844 3071 9⁰
859 3007 893 3072 Si
915 3014 1037 3090 agatur
1061 3009 1104 3074 ad
1128 3009 1312 3074 divortium
1339 3008 1451 3093 queam
1467 3007 1540 3072 vin·

364 3115 479 3182 culum
492 3135 535 3181 ex
549 3133 652 3182 causa
665 3117 874 3200 impotentiae
886 3123 1072 3200 perpetuae,
1095 3115 1158 3183 soli
1169 3121 1336 3201 conjuges
1356 3116 1541 3183 admittun-

364 3228 437 3301 tur;
454 3224 543 3308 quia,
560 3225 589 3288 si
600 3223 717 3301 velint,
730 3225 923 3290 cohabitare
936 3230 1082 3308 possunt
1096 3230 1135 3290 ut
1149 3227 1254 3291 irater
1277 3231 1312 3290 et
1333 3243 1430 3290 soror
1452 3225 1490 3306 (e.
1506 3224 1537 3300 5,

364 3331 406 3396 de
417 3331 569 3416 Frigidi.
585 3331 679 3398 Idem
693 3331 745 3397 dic
760 3333 788 3396 si
803 3338 924 3414 agatur
938 3351 982 3398 ex
995 3351 1100 3398 causa
1113 3334 1237 3399 erroris
1247 3351 1414 3416 personae,
1427 3331 1540 3397 cendi-

365 3439 466 3505 tionis
481 3438 625 3518 servilis,
637 3444 762 3505 metus.
774 3440 809 3504 Si
823 3459 905 3506 vero
920 3447 1042 3523 agatur
1057 3461 1099 3506 ex
1111 3437 1538 3523 eausaconsanguinitatia,

365 3546 550 3623 affinitatis,
577 3545 720 3630 publicae
749 3547 951 3624 honestatis,
982 3552 1041 3614 aut
1070 3548 1136 3614 alia
1169 3547 1281 3624 simili,
1309 3565 1379 3631 prae
1407 3547 1540 3612 caeteris

365 3653 592 3719 admittuntur
613 3655 672 3738 qui
692 3653 870 3720 meliorem
892 3655 1049 3720 notitiam
1072 3656 1306 3739 impedimenti
1332 3655 1470 3732 hahent,
1503 3659 1541 3718 ut

237 3751 241 3760 ’
365 3766 536 3844 parentes,
557 3763 815 3845 consanguinei,
836 3763 939 3829 vicini
960 3765 1044 3846 (ean.
1067 3765 1083 3828 i
1105 3770 1140 3830 et
1154 3784 1239 3849 seq,
1257 3765 1308 3841 35,
1325 3769 1444 3848 quaest.
1460 3764 1491 3840 6,
1506 3767 1541 3828 et

366 3889 438 3955 cap.
466 3873 496 3950 3,
526 3873 591 3938 hoc
621 3874 695 3955 tit).
722 3873 755 3938 Si
784 3874 923 3940 tandem
954 3895 997 3939 ex
1026 3875 1092 3941 aiio
1129 3875 1375 3959 impedimento
1405 3877 1537 3956 agatur,

367 3980 593 4044 admittuntur
616 3981 820 4065 quicumque
846 3981 903 4048 alii
926 4000 1084 4059 veraces,
1110 3981 1300 4066 praesertim
1323 3999 1469 4066 quorum
1491 3981 1541 4044 in-

366 4090 473 4152 terest
493 4107 500 4150 :
523 4104 595 4170 cap.
614 4089 642 4165 i,
660 4087 708 4152 De
722 4087 773 4152 dis
788 4108 864 4172 quse
878 4091 923 4167 vt,
946 4091 1002 4154 uhi
1016 4090 1179 4174 priorissa
1194 4107 1274 4154 eum
1293 4089 1467 4155 sororibus
1481 4089 1541 4152 im·

367 4200 498 4279 pugnat
515 4195 773 4262 matrimonium
793 4202 832 4261 ut
854 4197 1043 4262 invalidum
1064 4197 1196 4263 ratione
1220 4197 1442 4280 professionis
1466 4198 1542 4263 reli-

367 4305 483 4388 giosae.
496 4303 529 4366 3⁰
542 4303 575 4368 Si
589 4309 712 4386 agatur
724 4305 767 4371 ad
782 4305 966 4370 divortium
981 4305 1093 4391 quoad
1104 4306 1352 4372 habitationem
1366 4311 1402 4371 et
1414 4311 1539 4384 torum,

367 4413 569 4496 regulariter
583 4412 676 4478 solus
689 4415 816 4497 conjux
836 4414 1001 4479 innocens
1028 4413 1230 4492 admittitur,
1255 4432 1335 4479 cum
1348 4415 1447 4478 istius
1466 4420 1540 4480 tan·

367 4525 442 4585 tum
453 4521 587 4585 intersit
600 4526 645 4596 et,
662 4519 691 4583 si
700 4519 793 4598 velit,
804 4521 965 4604 injuriam
975 4522 1083 4604 possit
1096 4521 1271 4586 remittere
1282 4521 1361 4603 (od,
1373 4521 1412 4586 de
1421 4523 1541 4587 Procu-

367 4639 446 4708 ναι,
463 4647 491 4694 c.
503 4629 552 4706 ii,
571 4629 692 4708 §illud
704 4629 746 4694 de
757 4629 918 4712 jurejur,
935 4649 964 4696 c.
983 4630 1014 4708 d,
1035 4631 1077 4696 de
1092 4629 1235 4712 Adule).
1250 4629 1283 4694 4ο
1299 4629 1332 4694 Si
1346 4636 1468 4712 agatur
1479 4631 1541 4696 cri-
