3412 5570
414 651 476 716 tta
873 671 924 718 rus
946 671 1127 719 canonican.

452 789 485 852 3⁰
496 788 616 852 Utrum
630 789 806 854 incurrant
819 789 1104 871 irregularitatem
1122 809 1164 856 eo
1186 792 1278 876 quod
1293 794 1521 877 suscepissent
1537 815 1586 861 or·

416 897 539 962 dinem.
552 897 647 978 ligati
665 916 811 963 censura
825 898 1209 964 excommunicationis?
1228 901 1288 964 alii
1307 903 1489 980 affirmant,
1510 907 1586 988 quia
1675 901 1676 988 ἷ

414 1006 450 1069 in
469 1023 541 1088 cap.
564 1004 703 1070 Veniens
720 1006 754 1069 h.
773 1010 809 1082 t,
826 1006 873 1071 sic
892 1006 1067 1072 ordinatus
1082 1009 1210 1092 nequit,
1226 1010 1329 1074 etiam
1348 1010 1584 1094 dispensative,

416 1113 459 1178 ad
481 1112 636 1180 altiorem
657 1112 812 1179 ordinem
832 1116 1037 1197 promoveri,
1059 1116 1150 1199 quod
1167 1122 1220 1180 est
1241 1119 1432 1201 praecipuus
1445 1121 1584 1186 affectus
1675 1145 1676 1206 3

414 1219 681 1302 irregularitatis.
699 1220 762 1284 Alii
777 1221 992 1303 distinguunt
1010 1223 1098 1288 inter
1112 1241 1229 1288 casum
1250 1244 1317 1308 quo
1338 1229 1507 1310 susceptio
1520 1229 1584 1292 iur·
1675 1239 1676 1296 3

415 1330 485 1394 tiva
506 1329 675 1413 prohibita
697 1331 800 1394 luerit
820 1331 1061 1396 antecedenter
1081 1334 1124 1398 ab
1148 1335 1307 1418 episcopo
1326 1336 1389 1399 sub
1409 1355 1513 1419 poena
1532 1356 1585 1401 es·
1675 1413 1676 1424 χ

415 1439 743 1516 communicationis,
767 1446 801 1504 et
819 1441 914 1504 illum
937 1460 1005 1526 quo
1026 1443 1204 1526 episcopus
1224 1443 1354 1508 nullam
1374 1447 1587 1527 protestatio·

416 1564 497 1610 nem
510 1547 645 1611 iecerit:
662 1549 697 1611 in
712 1549 821 1631 primo
836 1565 928 1623 casu,
939 1549 1115 1615 evidenter
1123 1551 1333 1615 contrahitur
1344 1553 1584 1634 irregularitas,
1675 1573 1676 1644 }

417 1655 459 1718 ob
479 1655 699 1721 violationem
717 1673 885 1732 censurae;
903 1658 937 1721 in
953 1657 1070 1734 altero,
1090 1662 1169 1741 jura
1182 1659 1293 1724 solum
1309 1659 1481 1724 declarant
1499 1662 1586 1745 quod
1675 1657 1676 1662 ’

414 1763 462 1828 ita
476 1763 652 1848 ordinatus
667 1764 859 1830 ministrare
873 1773 1022 1850 nequeat
1035 1768 1071 1830 in
1092 1769 1268 1850 susceptis,
1286 1775 1321 1832 at
1338 1769 1403 1833 hoo
1421 1769 1587 1850 signifieat
1675 1833 1676 1840 χ

416 1873 677 1954 suspensionem
701 1877 843 1938 tantum.
862 1873 911 1938 lta
930 1873 1115 1956 Schmalzg.
1136 1877 1180 1957 (h.
1202 1881 1225 1939 t.
1242 1894 1276 1939 n.
1293 1877 1322 1952 8,
1344 1877 1373 1958 9)
1394 1881 1476 1960 post
1492 1875 1584 1941 alios.
1675 1889 1676 1942 ἓ

417 1980 566 2047 Tandem
585 1981 642 2045 alii
659 1981 783 2047 docent
797 1983 845 2047 sic
859 1983 1053 2048 ordinatum
1069 2001 1143 2048 esse
1165 1983 1387 2065 irregularem
1408 1984 1521 2068 quoad
1537 2003 1587 2049 or·
1675 1995 1676 2084 ᾗ

418 2087 514 2153 dines
537 2090 780 2172 suscipiendos,
805 2096 839 2155 et
858 2110 1064 2173 suspensum
1085 2093 1197 2176 quoad
1222 2098 1398 2176 susceptos
1418 2093 1584 2176 (Layman,
1675 2105 1676 2152 t

416 2198 506 2282 apud
520 2199 693 2278 Thesaur,
709 2201 750 2264 dc
764 2201 871 2279 Peren„
888 2223 920 2286 p.
937 2201 976 2278 ll,
995 2222 1023 2267 c.
1040 2205 1081 2286 l).
1675 2283 1676 2290 ἵ

454 2308 504 2371 Ab
526 2307 589 2373 hac
610 2309 834 2392 suspensione
859 2316 999 2376 excusat
1020 2315 1094 2374 tum
1116 2311 1318 2392 ignorantia,
1346 2313 1373 2375 si
1395 2313 1467 2376 haec
1489 2331 1588 2376 excu·
1675 2291 1676 2378 ἶ

416 2422 507 2482 seret
524 2436 545 2482 a
562 2419 708 2494 mortali,
728 2438 807 2483 cum
826 2421 898 2484 haec
918 2421 1096 2503 suspensio
1118 2422 1162 2484 sit
1180 2422 1342 2505 plenalis;
1367 2427 1440 2486 tum
1460 2423 1514 2486 vis
1534 2427 1589 2486 aut

328 2569 333 2580 ·
417 2531 529 2590 metus
543 2526 669 2607 gratis,
687 2526 790 2591 modo
802 2532 915 2592 metus
931 2515 1088 2592 incussus
1104 2547 1174 2593 non
1189 2530 1292 2594 fuerit
1307 2531 1343 2594 in
1356 2535 1587 2614 contemptum

416 2632 651 2714 prohibitionis
666 2634 707 2698 ab
722 2633 869 2698 Ecclesia
881 2636 989 2700 factae.

458 2741 486 2822 b)
508 2742 557 2806 Dc
576 2749 744 2825 potestate
766 2743 951 2808 relaxanda·
967 2763 1088 2828 poenas
1102 2745 1142 2809 ob
1155 2747 1324 2828 furtivam
1344 2747 1502 2810 ordinum
1524 2764 1588 2809 sus-

416 2851 600 2932 ceptionem
622 2851 780 2914 tncurscs.
803 2851 834 2912 1⁰
856 2849 889 2913 Si
907 2852 1033 2916 furtiva
1053 2852 1211 2916 ordinum
1237 2855 1407 2936 susceptio
1422 2855 1588 2938 prohibita

417 2957 480 3020 luit
494 2958 557 3020 suh
569 2975 671 3040 prena
685 2959 1055 3035 excommunicationis,
1068 2965 1106 3024 ut
1116 2962 1344 3025 communiter
1353 2962 1392 3024 flt
1398 2965 1499 3044 juxta
1509 2962 1588 3025 Pon-

416 3066 538 3130 titlcale
558 3065 761 3142 Romanum,
780 3065 872 3130 solus
894 3066 984 3149 Papa
1001 3067 1197 3150 dispensare
1210 3073 1333 3151 potest,
1350 3069 1414 3133 nisi
1430 3068 1588 3134 delictum

415 3173 518 3237 suerit
530 3172 718 3248 occultum;
734 3173 799 3238 hoc
813 3174 905 3236 enim
915 3193 995 3239 casu
1010 3175 1205 3256 dispensare
1215 3181 1330 3258 potest
1342 3177 1534 3260 episcopus,
1550 3196 1587 3240 es

417 3281 635 3346 concessione
649 3281 844 3346 Tridentino
857 3283 953 3364 (sess.
970 3283 1019 3357 24,
1031 3301 1059 3347 c.
1077 3284 1108 3360 6,
1124 3284 1165 3347 de
1178 3285 1352 3367 Resona).
1370 3286 1474 3349 Datur
1489 3286 1589 3349 etiam

391 3410 394 3416 ·
418 3389 523 3454 altera
537 3390 705 3475 exceptio:
723 3391 751 3453 si
763 3391 1183 3456 lurtiveordinatusintret
1195 3391 1406 3474 religionem,
1422 3393 1588 3457 stibidem

418 3497 613 3582 aliquandiu
626 3497 840 3562 laudabiliter
861 3499 964 3574 vivat,
988 3499 1184 3583 dispensare
1205 3501 1308 3566 ctiam
1329 3504 1440 3582 potest
1463 3501 1590 3583 cpisco-

417 3625 493 3690 pus,
510 3612 548 3670 ut
562 3607 597 3670 in
611 3607 735 3672 furtive
752 3607 864 3672 etrite
881 3609 1047 3691 susceptis
1058 3609 1251 3674 ministrare
1265 3610 1383 3692 possit,
1401 3627 1440 3674 ac
1451 3610 1590 3690 insuper

418 3713 462 3778 ad
475 3712 611 3778 ordines
626 3715 817 3797 superiores
832 3717 1026 3797 promoveri
1040 3715 1152 3780 valeat
1167 3717 1204 3800 (c.
1222 3719 1251 3796 1,
1268 3718 1298 3792 t,
1314 3717 1333 3780 3
1348 3717 1382 3780 h.
1400 3718 1452 3798 t).

459 3821 490 3884 2⁰
507 3821 540 3885 Si
555 3822 631 3886 talis
646 3823 907 3905 susceptio-non
931 3823 1052 3888 luisset
1074 3825 1315 3890 antecedenter
1337 3826 1508 3908 prohibita
1531 3825 1589 3888 suls

421 3931 783 4008 excommunicatione,
807 3949 885 3996 cum
916 3933 964 3996 sic
986 3932 1142 3999 ordinato
1167 3934 1362 4017 dispensare
1385 3939 1504 4016 posset
1528 3932 1591 4016 epi-

423 4055 546 4122 scopus
562 4041 601 4118 (c.
617 4040 632 4103 1
649 4043 683 4104 et
696 4039 716 4101 1
730 4039 763 4103 h.
782 4039 829 4122 t).
