3412 5570
396 509 457 578 ddi
856 525 909 576 aus
928 527 1110 578 canomcuu.
1141 543 1144 550 ·

396 649 512 725 tuerit,
524 649 624 731 Juxta
634 647 765 732 aliquos
780 653 898 730 posset
915 649 1047 713 admitti
1069 650 1114 715 ad
1139 645 1349 732 sepulturam
1375 645 1577 714 ecclesiasti-

395 774 482 833 cam,
498 775 570 822 non
585 756 724 840 quidem
740 753 941 833 solemnem,
963 757 1018 821 cui
1040 757 1153 822 cleriei
1169 761 1311 840 possent
1326 756 1499 832 assistere,
1516 757 1575 822 sed

394 865 563 950 privatam
576 863 611 928 in
624 861 832 938 coemeterio,
844 863 879 928 in
893 862 977 928 locis
992 865 1049 929 ubi
1064 865 1158 946 viget
1164 865 1222 948 jus
1237 864 1333 948 asyli.

434 974 468 1038 3ο
485 972 699 1037 Grasaatores
713 969 847 1035 viarum
867 974 901 1034 et
919 971 1071 1036 latrones
1091 971 1229 1055 publici,
1248 972 1277 1036 si
1297 972 1340 1036 ad
1361 971 1523 1038 ecclesias
1544 977 1576 1036 et

333 1149 337 1157 ,
394 1079 461 1146 alia
487 1079 562 1146 loos
581 1097 677 1144 asora
697 1077 912 1159 confugiant,
936 1084 1101 1161 tanquam
1124 1078 1168 1144 ad
1187 1079 1338 1163 asylum,
1362 1085 1511 1164 possunt
1535 1099 1576 1144 ex

393 1187 436 1252 iia
449 1187 645 1252 locisetiam
659 1185 693 1250 vi
706 1185 849 1262 extrahi,
866 1187 945 1269 quia
960 1191 1041 1250 sunt
1054 1185 1186 1268 indigni
1198 1187 1294 1270 asylo
1309 1205 1416 1254 sacro.

432 1295 466 1360 4ο
483 1295 624 1360 Gravius
637 1293 827 1377 puniuntur
837 1292 893 1376 qui
904 1293 1107 1358 christianos
1117 1295 1334 1376 naufragium
1343 1313 1463 1379 passos
1473 1297 1575 1362 rebus

394 1404 465 1468 suis
480 1403 683 1486 exspoliant.
703 1399 790 1464 Olim
805 1399 1000 1466 incidebant
1014 1402 1088 1484 ipso
1102 1403 1191 1468 facto
1203 1404 1240 1466 in
1255 1404 1577 1470 excommunicatio-

393 1529 474 1578 nem
494 1511 648 1576 Romano
663 1509 814 1574 Pontitlci
831 1514 1058 1588 reservatam,
1072 1514 1111 1574 ut
1126 1511 1271 1576 habetur
1289 1513 1325 1575 in
1339 1511 1432 1576 bulla
1447 1511 1573 1586 Coenoe,

392 1637 421 1686 o.
437 1618 469 1683 4.
485 1619 649 1684 llamdem
659 1617 1051 1683 excommunicationem
1060 1619 1280 1684 incurrebant
1288 1619 1467 1684 latrunculi
1475 1621 1575 1684 mari-

392 1727 478 1804 timi,
491 1727 694 1792 inlectantes
704 1743 799 1790 mare
812 1724 855 1790 cd
869 1724 1036 1790 ditionem
1047 1724 1203 1792 Ecclesiae
1214 1725 1375 1792 Romanae
1385 1728 1572 1810 pertinens,

393 1834 422 1898 si
436 1835 502 1900 hoc
513 1834 629 1898 animo
643 1833 818 1917 praedandi
833 1833 985 1898 fecerint.
1004 1833 1070 1898 Sed
1083 1833 1197 1910 hodie,
1213 1839 1293 1917 post
1304 1841 1413 1900 const.
1433 1834 1573 1920 Aposto-

393 1945 464 2010 licae
479 1942 591 2020 Sedis,
605 1961 676 2008 non
690 1947 873 2008 remanent
886 1942 960 2008 istae
976 1943 1359 2008 excommunicationes.

883 2167 1020 2231 sncrto
1043 2167 1081 2232 ll.

570 2309 619 2364 De
635 2305 854 2363 incendiariis
870 2311 905 2362 ot
920 2310 1142 2362 violatoribus
1158 2309 1386 2363 ecclesiarum.

825 2469 844 2518 1.
873 2469 912 2520 De
936 2465 1130 2524 incendiariis.

433 2606 466 2688 a)
477 2599 612 2669 Crimen
626 2604 774 2670 incendii
787 2604 1022 2680 committitur,
1036 2604 1118 2668 dum
1133 2603 1209 2688 quis
1225 2603 1303 2669 dolo
1317 2603 1408 2668 melo
1424 2622 1486 2668 seu
1501 2620 1569 2668 ma·
1651 2667 1652 2674 ,

363 2693 367 2704 ’
390 2707 504 2780 litiose
515 2713 648 2797 oppida,
661 2713 763 2788 sedes,
781 2717 916 2794 segetes
930 2718 964 2776 et
975 2711 1098 2777 similia
1108 2713 1201 2777 bona
1211 2730 1274 2794 per
1283 2731 1319 2776 se
1332 2710 1388 2776 vel
1401 2711 1566 2795 perelios,

390 2822 545 2906 apposito
558 2823 650 2903 igne,
664 2820 848 2886 succendit.
860 2821 1013 2886 Dicitur«
1024 2820 1101 2886 dolo
1111 2820 1233 2898 melo»,
1245 2821 1324 2904 quia
1334 2821 1362 2884 si
1372 2820 1568 2885 incendium

390 2935 443 2999 cst
456 2931 636 2995 fortuitum
649 2947 710 2994 seu
725 2947 807 2994 casu
821 2932 955 2992 tantum
974 2929 1023 3006 lit,
1045 2928 1101 2993 vel
1117 2929 1145 2992 si
1167 2928 1346 3011 culposum
1372 2947 1435 2993 seu
1463 2926 1568 3010 negli-

389 3039 516 3120 gentia,
532 3037 773 3121 imprudentia,
791 3036 855 3106 etsi
869 3054 948 3100 cum
962 3035 1062 3120 culpa
1076 3036 1189 3121 aliqua
1207 3037 1353 3119 Juridica
1377 3036 1563 3118 contingat,

389 3151 509 3211 auctor
519 3145 609 3209 illius
622 3143 769 3210 incendii
780 3161 850 3210 non
870 3149 923 3209 est
936 3146 1072 3228 proprie
1095 3144 1335 3221 incendiarius,
1353 3147 1433 3228 quia
1450 3146 1487 3210 in
1502 3143 1563 3209 ori-

389 3254 571 3320 minalibus
585 3252 685 3335 culpa
700 3253 804 3317 etiam
817 3252 887 3317 lata
901 3270 971 3317 non
981 3252 1311 3335 aequiparaturdolo.
1324 3251 1456 3336 Siquis,
1466 3255 1564 3335 jussu

388 3362 600 3428 auctoritatis
612 3361 784 3442 legitimae,
795 3361 956 3425 incendat
965 3378 1020 3424 res
1032 3379 1135 3443 supra
1146 3363 1374 3436 enumeratae,
1387 3379 1459 3426 non
1469 3379 1564 3442 repu-

387 3472 513 3536 tabitur
527 3469 767 3546 incendiarius,
783 3488 863 3533 cum
877 3470 952 3551 ejus
967 3469 1055 3533 actio
1071 3468 1115 3531 sit
1127 3467 1291 3550 legitima.

428 3578 583 3660 &Poenae
599 3576 678 3640 tata
694 3583 812 3640 contro
824 3576 1058 3640 incendiarios.
1085 3577 1116 3639 1⁰
1131 3576 1178 3640 De
1199 3577 1465 3660 jureoanonico‚
1492 3575 1563 3642 laici

387 3685 504 3752 dolose
513 3685 736 3750 incendentes
752 3684 911 3750 ecclesias
931 3683 1044 3750 etalio
1063 3683 1138 3750 loca
1158 3702 1253 3750 sacra
1279 3685 1378 3750 ethis
1404 3687 1563 3766 contigue

386 3794 430 3859 ad
443 3793 581 3875 triginta
593 3812 727 3876 passus,
742 3793 824 3859 olim
839 3794 913 3876 ipso
936 3794 1026 3858 facto
1056 3793 1463 3870 excommunicabantur3
1491 3793 1563 3858 loca
1648 3823 1649 3862 t

384 3919 467 3966 vero
491 3901 635 3985 prolana
653 3902 875 3966 incendentes
899 3901 1187 3967 excommunicari
1207 3901 1334 3966 debent
1356 3902 1442 3983 (can.
1467 3902 1503 3965 3l
1531 3905 1562 3964 et

385 4027 456 4092 seq.
475 4009 525 4085 st,
543 4015 663 4094 quaest.
686 4011 728 4093 8),
751 4028 863 4092 neque
883 4010 1084 4074 absolvendi
1104 4015 1185 4075 sunt
1205 4029 1244 4074 ac
1264 4008 1441 4093 sepultura
1460 4009 1561 4074 eccle-

385 4118 519 4183 siastica
539 4117 699 4195 donandi,
722 4118 832 4184 donec
852 4119 1070 4194 satisfaciant,
1091 4124 1151 4184 sut
1171 4125 1250 4184 ante
1271 4124 1421 4184 mortem
1436 4118 1561 4183 cautio-

384 4245 465 4292 nem
478 4225 694 4310 praestentde
708 4227 966 4293 satisfaciendo:
984 4247 1027 4292 ex
1039 4229 1120 4292 eisd.
1132 4228 1235 4312 jurib.
1250 4231 1285 4292 et
1298 4245 1326 4292 c.
1344 4227 1410 4290 dh.
1426 4231 1451 4290 t.

423 4334 547 4401 Contra
560 4334 701 4400 clericos
715 4334 810 4400 nulla
824 4336 980 4418 specialis
995 4354 1098 4419 poena
1113 4336 1282 4400 stabilitur
1295 4336 1331 4400 in
1350 4340 1449 4420 jure;
1471 4332 1557 4398 unde

381 4444 547 4528 puniendi
561 4448 641 4509 sunt
654 4463 758 4527 poena
771 4445 958 4510 arbitraria.
971 4445 1014 4509 At
1026 4462 1147 4510 omnes
1166 4445 1318 4509 damnati
1337 4444 1379 4510 de
1403 4442 1557 4508 incendio

379 4571 441 4634 per
462 4553 669 4618 sententiam
687 4553 899 4618 definitivam
923 4559 1004 4618 sunt
1026 4555 1189 4631 infames,
1213 4571 1252 4618 ao
1268 4552 1409 4636 proinde
1430 4553 1558 4633 irregu-
1646 4641 1647 4644 Ἴ

379 4659 480 4740 lares,
497 4679 576 4726 cuna
590 4661 787 4726 incendium
802 4659 846 4724 sit
858 4661 988 4726 crimen
1003 4662 1157 4744 capitale.
1263 4725 1267 4734 ,
