3482 5560
573 626 661 672 amna
683 625 820 680 ausurus
842 625 1062 671 nncnnrsuuu.
1349 608 1404 671 191

236 743 346 826 primo
365 741 421 806 vel
440 742 589 808 secundo
609 741 719 823 gradu
737 743 906 806 incestum
927 724 1129 806 committat
1143 745 1178 806 et
1201 743 1336 824 ignoret
1364 761 1407 806 ex

168 867 170 872 ·
237 851 295 916 tali
308 851 430 916 delicto
445 851 541 934 sequi
555 851 781 934 privationem
799 853 887 934 juris
905 850 1043 935 petendi
1057 850 1220 928 debitum,
1240 851 1276 916 in
1289 851 1407 935 probe-

236 959 293 1024 bili
309 961 479 1025 sententia
493 960 720 1042 privationem
730 960 831 1024 istam
846 978 916 1024 ncn
928 960 1079 1036 incurrit,
1101 959 1180 1043 quia
1192 977 1295 1043 poena
1308 977 1409 1024 cauo·
1485 1013 1486 1018 ,

236 1068 312 1132 nica
325 1068 366 1132 ab
378 1069 557 1148 ignorante
571 1085 641 1130 uon
663 1067 865 1130 incurritur:
887 1066 1031 1150 privatio
1052 1071 1168 1131 autem
1187 1067 1253 1132 ista
1273 1066 1409 1131 videtur

237 1194 311 1238 esse
324 1193 441 1258 poena;
459 1176 487 1238 si
504 1179 618 1238 tamen
633 1174 859 1238 confessarius
875 1193 915 1238 ea
927 1177 1094 1256 potestate
1110 1174 1224 1258 pollet,
1244 1174 1349 1238 tutius
1363 1175 1409 1237 la-

237 1285 302 1348 0101
323 1283 550 1366 dispensando
570 1302 648 1347 cum
668 1282 726 1347 illo
746 1284 789 1347 ad
804 1283 988 1365 petendum
1008 1283 1177 1347 debitum:
1194 1282 1336 1348 reddere
1351 1300 1410 1346 au-

238 1399 307 1456 tem
331 1393 482 1458 debitum
507 1396 654 1470 tenetur,
679 1411 722 1456 ne
745 1411 823 1474 pars
845 1393 1009 1458 innocens
1030 1392 1152 1458 delicto
1174 1391 1312 1458 alterius
1326 1409 1410 1473 pree-

238 1505 408 1586 gravetur.

418 1709 434 1782 5
449 1710 481 1768 tl.
497 1711 538 1768 De
552 1709 652 1768 causta
667 1708 924 1782 dispensationum
937 1708 1206 1770 matrimonutium.

253 1899 272 1948 l.
288 1899 354 1958 oue
369 1895 427 1949 sint
438 1896 523 1961 juste
537 1907 630 1947 causa
645 1893 829 1958 dispensandi
843 1893 872 1945 tu
890 1893 1101 1958 impedimentis
1114 1894 1395 1947 matrimonialibus?

278 2051 377 2133 Resp.
391 2051 419 2113 1.
431 2049 611 2132 Praeoipuae
621 2066 691 2131 seq.
703 2067 710 2109 :
724 2047 754 2110 10
764 2049 896 2112 Bonum
905 2046 1008 2130 pacis,
1023 2064 1090 2130 quo
1103 2047 1241 2112 nomine
1254 2049 1409 2126 veniunt,

237 2177 307 2222 nou
323 2161 454 2222 tantum
466 2157 596 2220 loedera
610 2156 816 2238 interregna
826 2159 860 2218 et
874 2154 1053 2237 principes,
1071 2154 1130 2218 sed
1146 2155 1249 2220 etiam
1265 2156 1410 2220 exstinc-

239 2266 284 2331 tio
299 2266 456 2347 gravinm
467 2264 731 2340 inimicitiarum,
748 2264 900 2327 rixarum
917 2267 951 2326 et
965 2263 1122 2327 odiorum
1136 2263 1297 2340 civilium,
1318 2283 1411 2328 scan-

238 2375 393 2440 dalorum
417 2373 608 2438 stallorum
623 2377 861 2456 peccatorum:
878 2372 1027 2454 gravitas
1042 2377 1159 2436 autem
1174 2374 1239 2437 ista
1253 2372 1411 2438 determi-

237 2483 350 2548 nanda
369 2487 421 2547 est
435 2502 477 2546 ex
485 2481 644 2566 prudenti
653 2482 791 2546 arbitrio
798 2481 934 2564 J'udicis.
950 2482 982 2544 10
996 2481 1224 2562 Praerogativa
1238 2481 1411 2562 dignitatis

237 2607 358 2673 regum
383 2597 417 2656 et
432 2608 639 2672 magnorum
664 2590 967 2673 principumque
989 2607 1092 2654 causa
1108 2607 1178 2654 non
1198 2589 1346 2672 pertinet
1368 2590 1410 2654 ad
1465 2617 1466 2622 ¹

237 2702 468 2785 acceptionem
483 2717 720 2784 personarum,
736 2700 795 2764 sed
817 2700 859 2763 ad
874 2700 1003 2763 bonum
1024 2717 1206 2764 commune
1225 2716 1411 2780 regnorum

238 2814 272 2873 et
283 2810 548 2892 principatuum,
566 2808 606 2872 ad
624 2825 770 2892 quorum
785 2807 980 2872 felicitatem
998 2807 1206 2891 dispensatio
1222 2808 1408 2874 ordinatur.

237 2917 268 2980 3⁰
283 2917 501 2981 Conservatio
515 2917 655 2980 illustris
669 2915 806 2980 lamiliae
832 2915 867 2979 in
882 2915 1004 2979 eodem
1024 2916 1201 2995 sauguine.
1227 2914 1412 2978 40000101-

238 3025 328 3088 vatIo
351 3024 540 3107 splendoris
565 3023 713 3099 familiae,
738 3041 781 3086 ne
801 3023 899 3087 bona·
915 3022 1137 3104 dissipentur,
1164 3021 1206 3086 ad
1231 3028 1411 3088 extraneos
1509 3073 1511 3078 ,

239 3131 474 3207 devolvantur,
499 3132 689 3215 praesertim
713 3131 741 3194 si
765 3131 892 3193 femina
907 3130 1083 3206 situatas,
1101 3134 1139 3192 ut
1156 3131 1411 3211 consanguineo

237 3241 351 3324 potius
372 3259 474 3324 quam
488 3247 649 3306 extraneo
671 3241 787 3304 nubat.
811 3241 843 3302 50
857 3237 1062 3302 Excellentia
1082 3238 1283 3302 meritorum
1303 3238 1412 3303 Eccle-

240 3349 297 3412 siae
319 3348 559 3431 praestitorum,
595 3367 628 3412 v.
647 3366 679 3428 g.
706 3365 768 3430 per
793 3347 945 3426 insignes
968 3346 1112 3420 labores,
1136 3345 1296 3428 pericula,
1323 3345 1412 3411 bella

238 3460 356 3520 contra
374 3456 528 3520 infideles
551 3461 584 3520 et
602 3455 800 3531 haereticos3
823 3455 894 3518 sive
919 3455 1171 3518 benemeritus
1195 3473 1256 3537 pro
1282 3471 1318 3518 se
1339 3455 1410 3520 sive

239 3581 300 3646 pro
318 3564 383 3628 alio
400 3564 688 3647 dispensationem
699 3568 801 3645 petat,
819 3580 897 3626 cum
912 3561 1015 3628 Sedes
1031 3561 1223 3644 apostolica
1239 3562 1326 3626 bene
1342 3581 1412 3626 me-

239 3672 311 3736 ritis
322 3677 454 3753 gratam
476 3691 512 3736 se
528 3673 688 3736 exhibere
713 3673 829 3736 soleat.
848 3672 881 3735 60
894 3669 1159 3746 Defectusdotis
1174 3673 1410 3754 competentis,

237 3801 314 3863 quas
329 3801 432 3846 causa
451 3781 515 3846 dici
534 3781 621 3846 solet
637 3807 652 3838 a
664 3786 805 3865 propter
816 3781 1004 3844 indotatam
1015 3807 1042 3844 u.
1060 3783 1092 3843 ’10
1108 3781 1198 3844 AEtas
1212 3781 1366 3862 virginis,
1384 3783 1412 3844 si

227 3892 310 3954 naec
322 3891 362 3954 st
376 3910 505 3955 aunum
518 3891 663 3956 excessit
678 3895 712 3954 et
725 3892 838 3954 virum
859 3890 949 3974 paris
970 3890 1173 3954 conditionis
1188 3891 1336 3973 reperire
1354 3910 1413 3954 ne-

241 4004 352 4083 queat.
370 4000 445 4064 Haec
456 4019 558 4068 causa
574 4005 685 4065 cessat
698 4001 733 4063 in
748 3999 861 4064 vidua.
883 4001 914 4062 80
929 3999 1096 4080 Angustia
1107 3997 1183 4068 loci.
1203 3999 1282 4081 quia
1305 3999 1339 4061 in
1356 3998 1413 4062 tali

239 4107 313 4172 loco
333 4109 490 4188 coguatio
505 4109 641 4172 feminae
655 4107 756 4172 nimis
777 4112 965 4190 propagata
979 4113 1040 4181 est,
1060 4111 1098 4169 ut
1113 4104 1218 4169 alium
1231 4124 1350 4189 parem
1364 4107 1413 4168 vi-

240 4234 316 4279 rum
331 4215 456 4280 habere
476 4220 634 4299 nequeat,
654 4215 719 4278 nisi
738 4215 1008 4294 consanguinem
1027 4212 1083 4276 vel
1097 4214 1246 4288 astinem,
1269 4212 1413 4296 patriam

211 4381 212 4386 ,
240 4343 323 4389 vero
346 4323 502 4389 deserere
523 4324 566 4386 sit
579 4325 609 4388 ei
630 4324 764 4387 durum.
789 4325 821 4387 90
844 4322 970 4406 Copula
986 4341 1064 4386 cum
1086 4321 1341 4400 consanguinea
1358 4319 1415 4384 vel

242 4433 344 4497 altine
359 4432 546 4516 praehabita
560 4437 594 4494 et
608 4450 669 4514 per
682 4431 1000 4514 impraegnationem
1013 4429 1069 4493 vel
1084 4429 1150 4494 alio
1172 4428 1275 4492 modo
1294 4447 1415 4512 propa·
1519 4511 1521 4514 Ι

241 4540 318 4614 lata,
337 4547 374 4603 ut
388 4539 586 4605 consulatur
595 4539 686 4626 hono
700 4539 815 4621 prolis,
832 4539 931 4602 lamae
944 4543 977 4600 et
988 4537 1110 4601 honori
1125 4536 1286 4610 mulieris,
1301 4541 1335 4600 et
1348 4537 1416 4599 evi-

243 4653 333 4711 10101
344 4666 445 4730 pruna
459 4646 604 4710 lorensis
618 4645 675 4709 tali
690 4646 811 4710 delicto
835 4650 971 4709 statuta.
999 4643 1074 4708 llaeo
1093 4661 1196 4708 causa
1217 4647 1269 4707 est
1290 4661 1358 4708 una
1374 4662 1415 4706 ex

243 4757 506 4838 urgentioribus,
530 4758 573 4820 ob
595 4774 697 4840 quam
716 4755 961 4838 etiamplebeis
989 4754 1060 4820 dari
1082 4752 1168 4818 solet
1186 4751 1413 4835 dispensatio;
