3508 5568
556 592 643 638 arana
664 593 802 646 ouaarus
821 591 1039 638 nacnnrauuu.
1350 573 1385 642 tl

208 710 300 791 juste
316 709 473 772 recedere
484 709 595 792 potuit
605 727 626 774 a
635 707 848 792 sponsalibus
861 710 899 791 (c.
911 711 941 783 ’1,
955 709 1161 794 dellespons.
1175 711 1279 796 imp),
1293 732 1385 794 argo.

211 815 377 880 Praeterea
403 833 505 899 poena
529 817 594 880 ista
615 835 685 882 non
709 817 833 880 minuit
857 815 1062 893 libertatem,
1090 817 1151 884 sed
1173 822 1306 884 tantum
1320 839 1388 886 res-

212 925 328 1004 tringit
342 925 580 1001 temeritatem,
599 943 641 989 ne
658 925 733 1010 quis
756 943 961 1009 sponsorum
980 926 1107 1008 injuste
1129 928 1281 992 resiliat:
1302 931 1389 996 sicut

209 1033 318 1109 arrha,
337 1033 392 1097 vel
406 1053 509 1116 paena
522 1054 543 1098 a
554 1033 668 1117 judice
685 1034 913 1100 ecclesiastico
931 1034 1000 1100 lata
1022 1040 1142 1100 contra
1163 1036 1290 1118 injuste
1306 1039 1389 1102 rosi-

209 1142 366 1216 lientem;
393 1161 475 1224 ergo
501 1161 603 1227 paena
629 1146 663 1208 in
686 1143 902 1227 sponsalibus
920 1143 1011 1208 licite
1029 1145 1221 1228 apponitur,
1243 1147 1330 1210 sicut
1352 1148 1387 1210 in

210 1251 284 1314 aliis
299 1251 488 1316 actionibus
503 1255 538 1316 et
550 1251 779 1316 contractibus
793 1253 862 1334 (lib.
877 1251 958 1327 XIV,
978 1253 1013 1314 ll.
1031 1251 1073 1315 de
1087 1251 1194 1328 Pcct,
1212 1269 1283 1336 cap.
1300 1253 1330 1330 l,
1346 1256 1387 1318 de

211 1359 358 1440 Arbita).
374 1359 457 1424 Hinc
471 1361 626 1443 Lsoimp.
643 1361 678 1424 in
693 1377 756 1423 sua
768 1378 848 1424 nov.
867 1359 906 1424 l8
922 1359 1051 1436 statuit,
1067 1364 1106 1423 ut
1119 1361 1155 1424 in
1174 1361 1388 1444 sponsalibus

212 1467 395 1532 constituta
428 1486 530 1550 patna
564 1466 725 1542 solvatur,
769 1485 812 1531 ne
848 1466 1020 1550 sponsalia
1055 1485 1192 1532 sursum
1228 1469 1389 1534 deorsum

156 1603 159 1614 ·
211 1575 373 1640 ferantur.

247 1743 334 1800 Dices
352 1762 357 1799 :
375 1741 428 1801 Git.
440 1758 465 1800 c.
478 1747 512 1800 29
524 1744 553 1800 h.
568 1749 588 1800 t.
599 1744 630 1801 in
641 1749 722 1816 parte
732 1743 912 1816 dispositiva
926 1742 1103 1818 generaliter
1114 1742 1288 1814 prohibetur
1302 1760 1391 1819 poena

211 1833 241 1890 in
255 1833 461 1906 sponsalibus
477 1833 520 1892 uti
536 1834 623 1892 etiam
639 1835 669 1891 in
685 1834 704 1890 l.
721 1835 863 1901 CXXXIV,
881 1831 911 1890 u.
935 1832 970 1892 dc
988 1833 1018 1892 V.
1040 1832 1074 1902 0,
1095 1839 1123 1890 et
1138 1833 1157 1890 l.
1173 1837 1207 1904 V,
1222 1849 1248 1892 c.
1264 1835 1293 1892 b.
1311 1840 1331 1891 t.
1348 1835 1389 1894 ibi

212 1925 241 1980 in
263 1924 313 1981 tin.
330 1925 364 1982 st
377 1924 476 1982 coctio
488 1937 617 1996 ponam,
632 1929 687 1981 etc.
704 1927 793 1997 Rasp.
811 1923 861 1981 cit.
877 1927 922 1994 29,
933 1922 1094 1995 dispositio
1106 1923 1255 1998 generalis
1267 1925 1391 1996 ponitur

211 2027 264 2086 pro
279 2012 419 2071 omnibus
434 2012 584 2070 similibus
598 2013 730 2082 casibus,
745 2012 857 2085 quibus
868 2012 1121 2086 Justeresilitura
1135 2013 1344 2086 sponsalibus3
1361 2020 1392 2072 at
1506 2031 1514 2044 ·

212 2111 282 2162 tunc
297 2118 357 2161 non
374 2117 441 2162 esse
454 2103 553 2161 locum
568 2118 664 2175 poenae
675 2103 754 2162 ultro
763 2103 866 2161 fateor.
883 2103 938 2161 Git.
952 2103 972 2160 l.
985 2105 1126 2174 CXXXIV,
1139 2103 1226 2162 liberi
1237 2105 1392 2178 sponsalia

211 2191 417 2266 aparentibus
433 2193 510 2250 tacta
524 2207 584 2250 non
597 2191 800 2262 ratificarnnt3
819 2197 847 2250 et
857 2191 924 2249 ideo
938 2191 1093 2264 stipulatio
1103 2207 1200 2266 poenae
1215 2193 1260 2252 eis
1276 2193 1390 2268 adiecta

212 2297 272 2340 non
287 2281 391 2340 valuit.
408 2282 463 2342 Cit.
479 2282 499 2337 l.
516 2285 549 2350 V,
566 2281 742 2354 reprobatur
754 2295 843 2353 poena
859 2280 1065 2340 indifferenter
1079 2281 1176 2355 posita
1194 2283 1390 2357 cont1·ajuste

212 2371 257 2430 val
272 2371 383 2444 injuste
397 2370 591 2428 resilientem.
607 2374 669 2428 imo
682 2370 785 2429 rarius
798 2375 871 2444 puto
882 2370 923 2428 ibi
933 2371 1048 2445 corrigi
1060 2372 1131 2444 jnra
1143 2371 1267 2445 antiqua
1279 2371 1390 2443 civilia,

212 2461 378 2519 secundum
391 2475 469 2532 qua,
486 2460 585 2518 soluta
595 2473 693 2532 poena,
702 2460 798 2532 potuit
807 2459 878 2532 quis
888 2461 1005 2520 resilire
1018 2475 1035 2518 a
1049 2462 1244 2534 sponsalibus
1255 2461 1390 2520 etmatri-

213 2550 313 2608 monio
323 2549 384 2621 jam
401 2553 552 2606 contracto
569 2547 597 2622 (l.
614 2551 685 2617 XlV,
702 2563 728 2606 c.
749 2547 784 2607 de
798 2549 927 2622 Nuptiis,
947 2549 967 2608 l.
988 2552 1010 2606 ll
1029 2555 1058 2607 et
1072 2564 1135 2624 seq.
1161 2549 1192 2606 li.
1207 2550 1242 2608 dc
1254 2551 1389 2623 bivora).

212 2641 247 2696 st
260 2639 315 2696 boc
329 2638 418 2696 modo
432 2635 585 2710 stipulatio
601 2650 696 2710 poena
711 2638 907 2710 sponsalibus
932 2639 1048 2713 adjecta
1068 2644 1115 2698 est
1136 2639 1260 2698 omnino
1281 2640 1388 2714 turpis.

212 2727 356 2800 Opposita
370 2727 519 2785 sententia
533 2733 580 2784 est
592 2725 720 2799 practice
735 2731 809 2797 tuta,
825 2741 951 2800 eamque
968 2727 1055 2802 sequi
1071 2733 1180 2801 potest,
1201 2735 1230 2788 et
1248 2729 1341 2802 judex
1358 2730 1388 2787 in

212 2821 275 2877 loro
291 2823 424 2890 externo,
440 2825 467 2876 ct
482 2817 687 2880 contessarius
703 2820 735 2877 ia
751 2819 815 2876 toro
830 2819 959 2891 interno,
975 2835 1060 2880 reum
1076 2834 1137 2878 non
1161 2819 1389 2882 condemnando

212 2907 249 2966 ad
266 2923 386 2982 poenam
401 2905 593 2980 promissam.

252 3089 351 3172 Resp.
360 3089 389 3152 3.
400 3088 575 3153 Poenalate
584 3089 659 3153 talis
669 3089 710 3153 de
721 3089 814 3155 lucro
824 3090 1010 3173 perdendo,
1022 3095 1081 3154 aut
1092 3089 1388 3174 nonaequirendo,

213 3201 303 3262 recte
314 3198 356 3260 ab
369 3201 531 3262 extraneo
546 3198 726 3281 apponitur
738 3199 963 3282 sponsalibus,
981 3202 1020 3262 ut
1034 3199 1061 3262 si
1077 3201 1220 3263 testator
1227 3196 1321 3279 leget
1332 3197 1391 3262 loo

215 3305 312 3389 Cajaa,
331 3305 359 3369 si
377 3305 461 3370 Titio
482 3305 658 3388 nupserit:
675 3305 805 3370 namin
823 3306 881 3370 tali
896 3325 977 3371 casu
992 3306 1031 3370 nt
1043 3306 1193 3370 liberalis
1208 3305 1390 3390 promissio

216 3413 278 3476 sub
293 3412 486 3477 conditione
502 3415 671 3478 cerarum
686 3413 902 3496 nuptiarum;
920 3430 1002 3494 ergo
1019 3413 1047 3476 si
1070 3413 1220 3478 conditio
1244 3413 1388 3489 deficiat,

138 3557 140 3562 ·
216 3522 318 3586 etiam
334 3522 447 3586 delicit
459 3522 650 3603 promissio.
669 3522 710 3586 At
731 3521 850 3586 similis
872 3541 974 3605 poena
996 3523 1130 3606 adjecta
1145 3523 1188 3586 ab
1207 3521 1290 3604 ipsis
1311 3539 1391 3586 con·

217 3630 437 3706 trahentibus,
458 3629 658 3712 reprobatur
667 3648 687 3693 a
696 3633 785 3711 jure,
799 3631 879 3712 quia
887 3631 1106 3714 praesumitur
1115 3647 1231 3696 amore
1241 3630 1390 3696 lihidinis

214 3739 303 3802 facta
315 3738 381 3820 (lib.
399 3737 517 3815 xuvu,
531 3740 588 3817 gt,
598 3739 634 3802 ll.
648 3740 689 3802 de
703 3739 737 3804 V.
753 3739 816 3820 0.),
828 3745 865 3802 ut
880 3741 908 3802 si
920 3739 1099 3824 (lajadicat
1114 3759 1121 3802 :
1137 3739 1170 3804 Si
1179 3758 1235 3804 me
1246 3759 1390 3804 uxorem

216 3845 362 3921 duxeris,
378 3846 465 3910 bano
490 3846 606 3910 villam
631 3847 690 3910 tibi
714 3846 811 3911 dabo.
838 3846 972 3930 Excipe,
996 3846 1061 3910 nisi
1086 3845 1161 3912 talis
1184 3847 1323 3912 donatio
1345 3849 1389 3912 sit

216 3971 361 4017 onerosa
375 3971 417 4016 ex
431 3971 534 4017 causa
549 3951 636 4018 dotis
649 3953 703 4016 vei
719 3953 911 4018 donationis
924 3958 1062 4037 propter
1073 3955 1221 4038 nuptias.

256 4059 354 4143 Resp.
370 4059 400 4123 l.
418 4058 620 4142 sponsalitia
639 4059 789 4140 largitas,
813 4078 874 4124 seu
895 4060 1043 4136 donatio,
1065 4078 1168 4144 quam
1190 4063 1306 4145 sponsi
1327 4064 1389 4127 sibi

217 4173 336 4232 mutuo
344 4167 472 4232 iaciunt
483 4169 526 4232 ob
534 4183 673 4231 causam
680 4167 785 4230 futuri
798 4167 1017 4243 matrimonii,
1029 4173 1146 4232 secuto
1157 4169 1387 4242 matrimonio,

216 4274 526 4358 manetaccipienti.
538 4274 571 4337 Si
580 4274 679 4357 culpa
692 4275 850 4339 donantis
861 4292 931 4339 non
940 4279 1127 4359 sequantur
1137 4275 1275 4358 nuptia,
1290 4293 1390 4360 spon-

218 4383 365 4447 salitium
383 4382 512 4446 donum
526 4387 643 4446 manet
657 4381 852 4458 donatulo,
877 4381 1001 4447 sivero
1016 4381 1116 4465 culpa
1139 4382 1305 4448 donatarii
1321 4401 1390 4449 non

218 4494 403 4575 sequantur
415 4490 552 4572 nuptia,
569 4489 598 4554 is
614 4489 742 4554 donum
757 4489 898 4554 reddere
914 4493 1064 4565 tanetum
1085 4490 1259 4556 sitandam
1269 4497 1392 4556 neuter

219 4599 311 4663 sitin
326 4599 425 4681 culpa
435 4598 618 4681 quominus
632 4600 888 4664 matrimonium
904 4603 1079 4682 sequatur,
1095 4600 1254 4682 utrinque
1268 4600 1308 4664 iit
1321 4613 1391 4664 resq

218 4707 330 4774 titutio
343 4707 622 4793 :sponsatamem
643 4707 669 4770 si
688 4726 833 4792 sponsus
844 4707 873 4776 ei
886 4707 1041 4774 osculum
1058 4707 1161 4783 dedit,
1172 4708 1390 4779 medietatem
