3388 5582
301 601 361 664 ote
753 614 817 663 ,rus
834 614 1013 664 canonicus.

210 735 211 738 ’
301 735 400 817 Resp.
418 735 450 797 1⁰
472 732 505 796 Si
527 731 747 797 interdicatur
761 734 889 810 ciuitas,
912 733 1161 799 interdicuntur
1182 733 1345 799 suburbia
1369 732 1474 811 illius,

301 841 364 907 etsi
380 841 448 904 sint
461 839 600 906 alterius
615 841 744 905 domini
761 845 796 905 et
808 843 1007 924 potestatis:
1024 841 1312 907 itaeommuniter
1326 861 1369 908 ex
1388 862 1418 908 c.
1436 844 1476 907 ll

300 950 333 1013 lr.
351 952 374 1011 t.
396 948 432 1012 in
445 939 494 1013 6⁰.'
509 946 596 1012 Talis
615 953 668 1011 est
689 949 833 1013 intentio
849 950 1001 1026 ferentis,
1022 950 1079 1033 qui
1097 967 1189 1032 per«
1206 949 1378 1015 civitatem
1394 976 1410 1009 a
1425 950 1476 1015 in·

301 1056 422 1137 telligit
434 1054 468 1119 id
484 1056 574 1140 quod
587 1055 691 1137 vulgo
707 1056 803 1121 venit
813 1057 953 1121 nomine
967 1057 1123 1122 cisitatis.

338 1163 560 1227 &Interdicta
571 1161 719 1239 dioecesi,
730 1162 908 1228 interdicte
923 1164 1025 1228 etiam
1035 1170 1195 1230 censetur
1209 1165 1350 1230 ecclesia
1363 1165 1475 1230 cathe-

298 1273 411 1349 dralis,
425 1273 505 1358 quia
514 1289 612 1336 secus
621 1277 842 1337 enervaretur
850 1273 902 1337 vis
912 1272 1081 1339 interdicti
1091 1274 1276 1356 generalis3
1288 1293 1351 1339 nec
1362 1275 1476 1338 obstat

299 1380 390 1465 quod
405 1399 447 1445 ex
462 1397 490 1443 c.
507 1379 537 1454 4,
549 1379 590 1442 de
605 1379 791 1459 macena,
802 1379 837 1442 in
852 1381 895 1454 6⁰,
908 1381 943 1444 in
958 1381 1082 1445 odiosis
1097 1381 1238 1445 nomine
1254 1381 1475 1446 ecelesiarum

298 1507 368 1552 non
380 1487 496 1552 veniat
510 1486 652 1551 ecclesia
669 1486 881 1564 cathedralis,
903 1487 968 1550 nisi
991 1489 1219 1572 exprimatnr3
1246 1507 1338 1563 nam,
1354 1487 1389 1551 in
1408 1487 1475 1553 hoc

297 1595 405 1677 capite
421 1594 533 1676 agitur
549 1592 590 1658 de
606 1593 726 1657 litteris
741 1593 939 1676 provisoriis
955 1595 1098 1679 alicujus
1112 1595 1279 1659 beneficii.
1296 1594 1381 1660 Item
1397 1612 1474 1658 cen-

297 1707 416 1767 sentur
427 1700 613 1766 interdicta
627 1700 782 1766 civitates
799 1707 833 1765 et
843 1701 959 1767 omnia
968 1701 1043 1767 loca
1053 1703 1209 1780 civitatis,
1223 1721 1302 1767 cum
1317 1701 1474 1767 dioecesis

294 1809 462 1875 coalescat
476 1829 519 1872 en
532 1809 735 1886 civitatibus,
753 1809 842 1873 villis
858 1815 892 1874 et
903 1811 1011 1894 pagis.

334 1921 366 1984 3⁰
390 1918 571 1983 interdicta
594 1917 706 2002 aliqua
732 1919 885 1996 ecclesia,
909 1919 1097 1985 interdictae
1124 1925 1309 1986 censentur
1333 1919 1473 2003 capellee

295 2029 384 2092 illius
399 2033 432 2093 et
444 2028 679 2092 caemeterium
693 2028 895 2108 contiguum
914 2047 920 2090 :
939 2046 982 2092 ex
996 2045 1024 2093 c.
1043 2028 1129 2092 1711.
1146 2032 1170 2091 t.
1188 2029 1223 2092 in
1234 2029 1277 2093 6⁰.
1294 2026 1391 2093 Ratio
1406 2035 1471 2105 est,

295 2138 375 2221 quia
387 2143 571 2201 censentur
586 2134 675 2198 illius
690 2141 816 2219 partes.
829 2137 882 2212 At,
898 2136 1079 2201 interdicto
1094 2135 1301 2212 coemeterio,
1314 2153 1474 2201 noncen-

295 2251 390 2310 setur
401 2245 581 2310 interdicta
595 2245 748 2311 ecclesia.

333 2355 366 2418 4ο
378 2353 565 2418 Interdictis
577 2352 674 2418 terris
684 2353 827 2438 alicujus
835 2352 975 2429 domini,
987 2354 1324 2438 comprehenduntur
1334 2353 1397 2418 sub
1406 2353 1473 2419 hoc

294 2461 473 2526 interdicto
487 2478 607 2525 omnes
623 2464 720 2524 terras
731 2461 765 2524 in
779 2479 862 2545 quas
874 2459 1064 2524 dominium
1074 2461 1269 2526 absolutum
1287 2465 1321 2526 et
1330 2460 1473 2544 plenum

295 2569 350 2634 ille
368 2569 480 2633 habet.
504 2567 656 2633 Venditio
675 2567 810 2632 illarum
830 2572 999 2633 terrarum
1021 2567 1118 2633 alteri
1140 2568 1278 2634 domino
1295 2587 1365 2634 non
1383 2567 1472 2633 tollit

294 2677 522 2754 interdictum,
539 2677 629 2760 quod
646 2675 779 2760 adjacet
794 2682 902 2742 terrae.
920 2677 970 2742 lta
984 2677 1176 2742 communis
1196 2677 1366 2741 sententia
1380 2677 1471 2759 apud

295 2783 510 2865 schmalzgr,
523 2802 556 2848 n.
570 2783 640 2848 330.
654 2783 692 2849 ln
706 2783 770 2850 hoc
785 2783 964 2850 interdicto
980 2783 1318 2868 comprehenduntur
1332 2784 1469 2868 templa,

294 2891 443 2957 ecclesiae
460 2896 494 2955 et
505 2891 652 2956 oratoria
666 2892 711 2955 ibi
727 2892 917 2967 existentia,
934 2892 1067 2957 etiamsi
1084 2897 1305 2957 exstruantur
1323 2896 1401 2975 post
1423 2893 1473 2956 in-

295 3002 490 3078 terdictum;
513 3020 593 3066 nam
614 3001 832 3067 interdictum
855 3003 998 3066 inhaeret
1015 3002 1091 3068 loco
1113 3021 1217 3085 super
1237 3021 1340 3086 quem
1360 3007 1473 3068 exstat

293 3113 366 3194 ipsa
381 3109 532 3176 ecclesia.

332 3221 365 3284 5⁰
379 3218 599 3284 Interdictum
608 3219 714 3284 locale
730 3237 850 3285 omnes
865 3225 935 3285 tam
957 3220 1136 3285 saeculares
1157 3237 1260 3304 quarn
1281 3217 1468 3301 regulares,

294 3334 363 3394 tam
376 3327 494 3393 incolae
511 3346 615 3411 quam
630 3327 748 3404 exteri,
765 3333 835 3392 tam
850 3329 1000 3410 exempti
1022 3346 1125 3412 quam
1143 3347 1213 3392 non
1235 3326 1395 3410 exempti,
1411 3325 1471 3391 ob-

293 3455 429 3500 servare
454 3441 624 3512 tenentur,
651 3435 718 3499 nisi
742 3435 811 3499 sint
833 3435 969 3519 speciali
994 3434 1173 3518 privilegio
1198 3435 1321 3499 muniti
1338 3435 1381 3521 lo.
1397 3432 1417 3497 4
1434 3437 1470 3496 et
1591 3457 1596 3466 ·

292 3562 320 3608 c.
332 3543 381 3618 to,
397 3543 547 3617 dePrz'o.,
563 3543 599 3606 in
611 3543 665 3625 6⁰).
679 3542 776 3606 Ratio
788 3549 850 3618 est,
865 3543 1025 3626 quiahaec
1034 3543 1216 3626 prohibitio
1230 3560 1301 3607 non
1315 3547 1383 3606 tam
1394 3559 1469 3625 per·

293 3667 385 3716 sonae
402 3652 488 3715 lacta
504 3651 547 3713 sit
557 3667 660 3734 quam
676 3648 761 3724 loco,
778 3655 815 3713 ut
830 3651 865 3712 in
878 3668 919 3713 eo
931 3668 1000 3714 non
1012 3649 1227 3714 celebrentur
1240 3649 1365 3715 divina.

331 3759 364 3822 6⁰
378 3757 528 3822 'landem
541 3755 880 3820 interdictumlocale
895 3775 1031 3840 semper
1044 3775 1161 3820 secum
1175 3756 1469 3821 lertinterdictum

291 3865 469 3950 personale
490 3864 625 3928 illorum
645 3865 702 3946 qui
723 3883 862 3928 causam
881 3863 1059 3928 interdicto
1084 3863 1263 3942 dederunt,
1283 3865 1331 3930 ita
1351 3871 1390 3929 ut
1410 3863 1468 3928 isti

250 4020 255 4032 .
283 3991 360 4039 non
375 3974 505 4056 possint
521 3972 635 4037 divina
647 3973 858 4054 participare,
876 3991 988 4056 neque
1002 3973 1037 4036 in
1052 3973 1127 4038 loco
1150 3972 1339 4047 interdicto,
1354 3990 1466 4055 neque

291 4083 380 4157 alibi,
398 4082 479 4145 dum
492 4080 548 4144 alii
562 4080 618 4166 qui
640 4100 709 4146 non
730 4083 868 4144 luerunt
882 4100 992 4145 causae
1016 4080 1197 4158 interdicti,
1220 4084 1365 4164 possunt
1382 4080 1468 4143 inte-

290 4208 383 4254 resse
398 4191 521 4255 divinis
537 4194 633 4255 extra
646 4191 760 4255 locum
775 4188 993 4254 interdictum
1008 4190 1046 4270 (c.
1064 4190 1103 4253 15
1116 4189 1150 4253 h.
1167 4194 1192 4252 t.
1206 4189 1242 4253 in
1255 4189 1311 4271 6⁰).

330 4301 355 4369 c)
371 4297 451 4374 Quas
468 4317 623 4383 personae
642 4296 975 4382 comprehendentur
993 4297 1056 4360 sub
1076 4297 1255 4361 interdicto
1270 4293 1467 4380 personali?

290 4409 321 4468 1ο
334 4406 474 4482 Quando
491 4405 641 4488 generali
657 4405 836 4469 interdicto
848 4404 1026 4486 subjicitur
1036 4403 1193 4487 populus,
1207 4403 1389 4485 collegium
1404 4422 1465 4468 seu

289 4515 493 4578 universitas
509 4513 678 4598 quaelibet,
695 4513 751 4577 illo
776 4512 1113 4596 comprehenduntur
1134 4513 1250 4577 omnia
1269 4511 1385 4596 populi
1409 4512 1467 4578 vel

288 4623 421 4704 collegii
446 4624 611 4698 membra,
635 4621 780 4706 ideoque
810 4622 913 4686 etiam
937 4621 1108 4697 absentes,
1125 4619 1337 4699 innocentes,
1353 4621 1465 4688 clerici

254 4789 257 4798 ,
289 4737 323 4796 et
341 4730 488 4811 religiosi
517 4729 641 4814 (quoad
665 4729 869 4810 collegium),
896 4727 924 4792 si
954 4734 1068 4810 partes
1095 4727 1163 4792 sint
1196 4730 1461 4806 communitatis,
