3508 5568
373 535 413 608 82
759 555 760 558 ’
837 551 888 604 tus
910 549 1089 603 canonicali.

373 690 434 757 pro
457 691 527 738 non
542 672 689 756 sdjeetu,
712 677 745 736 et
760 672 1017 738 matrimonium
1038 689 1099 756 per
1114 689 1151 735 se
1172 670 1333 754 relinquit
1351 671 1546 739 absolutum

372 785 407 845 et
419 780 571 846 validum
588 801 595 843 :
612 782 659 845 ita
673 781 824 846 decisum
841 785 894 846 est
912 798 941 845 e.
961 781 1020 844 ssn.
1034 781 1068 844 h.
1094 783 1137 854 t.;
1156 798 1231 863 quae
1246 779 1372 845 deeisio
1388 781 1551 846 fundatur

372 886 408 951 in
420 889 686 972 praesumptione
701 890 791 964 iacti,
808 888 899 972 quod
912 886 1061 953 conditio
1074 888 1139 952 istu
1152 887 1286 970 adjecta
1299 888 1343 952 sit
1352 889 1420 972 joei
1436 907 1548 965 causa,

373 1015 442 1061 non
469 1015 551 1062 vero
575 997 690 1062 animo
718 998 807 1062 serio
836 995 989 1061 irritandi
1013 996 1281 1062 matrimonium.
1309 997 1361 1061 Sie
1386 997 1490 1062 etiam
1514 997 1551 1062 in

371 1104 499 1168 ultimis
513 1104 745 1170 voluntatibus
759 1105 908 1170 conditio
926 1103 1146 1188 impossibilis
1161 1104 1305 1168 habetur
1319 1122 1380 1188 pro
1405 1124 1474 1170 non
1494 1106 1552 1170 ad-

369 1214 461 1294 Jeeta
475 1213 500 1292 (ξ
515 1212 564 1292 10,
580 1211 662 1276 Inst.
680 1211 722 1276 cle
733 1212 866 1276 Hoered.
885 1213 976 1288 inst,
993 1211 1015 1274 l.
1034 1210 1077 1274 lll
1093 1217 1127 1276 et
1138 1209 1160 1273 l.
1178 1210 1254 1290 Vl,§
1267 1213 1296 1290 l,
1309 1211 1345 1274 ll.
1359 1212 1400 1276 de
1415 1213 1547 1276 Condit.

372 1328 404 1383 et
418 1319 623 1400 demussata),
641 1337 721 1384 nam
737 1320 772 1382 in
787 1318 1030 1384 contrahendis
1046 1319 1173 1400 nuptiis
1189 1323 1223 1382 et
1236 1306 1456 1403 disp‘onendis
1472 1319 1549 1384 ulti·

371 1429 436 1492 mis
450 1427 694 1504 voluntatibus,
707 1445 810 1491 nemo
820 1432 980 1491 censetur
990 1426 1154 1491 inutiliter
1165 1431 1200 1490 et
1209 1426 1288 1491 sine
1300 1427 1425 1492 ellectu
1434 1445 1548 1508 agere.

371 1535 447 1601 llaeo
462 1541 577 1602 temen
592 1535 779 1618 dispositio,
803 1539 921 1618 utpote
948 1535 1156 1610 exorbitans,
1188 1553 1258 1599 non
1288 1536 1483 1600 extenditur
1508 1537 1551 1601 ad

373 1644 457 1710 alios
473 1649 580 1720 aetus,
597 1644 657 1708 sed
668 1643 702 1706 in
711 1643 765 1707 his
780 1642 929 1708 conditio
945 1642 1163 1726 impossibilis
1179 1643 1324 1708 habetur
1338 1663 1399 1726 pro
1415 1643 1548 1728 adjecta

373 1758 407 1818 et
420 1753 518 1818 vitiat
531 1752 683 1818 valorem
695 1758 801 1826 aetus,
831 1756 869 1814 ut
884 1751 919 1814 iu
934 1751 1151 1834 sponsalibus
1167 1756 1201 1814 et
1215 1751 1289 1816 eliis
1308 1753 1548 1818 contractibus.

372 1861 414 1925 nt
427 1861 455 1926 si
469 1860 689 1944 praesumptio
703 1860 768 1925 istu
782 1858 885 1942 sallat,
902 1879 1017 1924 eoram
1034 1859 1103 1924 Deo
1129 1865 1162 1923 et
1187 1859 1222 1923 in
1237 1859 1312 1925 foro
1333 1861 1550 1926 conscientia

373 1969 506 2034 nullum
527 1973 579 2033 est
600 1967 877 2044 matrimonium;
897 1969 967 2034 imo
989 1969 1076 2033 etin
1100 1969 1174 2033 foro
1195 1973 1348 2046 externo,
1373 1971 1401 2032 si
1425 1989 1468 2034 ex
1488 1970 1550 2034 eir-

373 2078 586 2142 eumstsntiis
599 2081 730 2142 constet
742 2077 974 2142 conditionem
989 2076 1234 2162 impossibilem
1247 2078 1336 2142 serio
1352 2097 1426 2143 esse
1439 2077 1550 2162 adjec-

374 2191 455 2262 tam,
471 2191 510 2250 ut
523 2186 727 2251 contrahens
746 2186 945 2250 ostenderet
972 2205 1007 2250 se
1023 2185 1118 2250 nullo
1140 2185 1243 2250 modo
1265 2185 1352 2250 velle
1375 2185 1547 2268 obligare;

374 2299 412 2358 ut
426 2295 453 2358 si
468 2295 624 2377 princeps
639 2294 772 2358 rustieae
797 2294 885 2358 dieat
901 2314 908 2356 :
924 2319 939 2352 α
957 2293 1048 2358 Dueo
1076 2299 1120 2371 te,
1146 2293 1174 2356 si
1197 2291 1322 2359 eoelum
1347 2294 1452 2377 digito
1476 2297 1551 2359 teti·
1632 2317 1636 2325 ·

373 2403 475 2486 geris,
493 2428 509 2462 o
526 2408 588 2468 etc.
615 2402 701 2466 llem
727 2399 755 2466 si
778 2403 1019 2466 contrahentes
1044 2401 1247 2482 ignorarunt
1269 2403 1551 2468 constitutionem

373 2529 401 2576 e.
427 2511 485 2575 iin.
510 2511 544 2575 lr.
562 2515 586 2574 t.
609 2509 663 2574 rel
683 2527 825 2574 erronee
847 2510 1040 2591 cogitarunt
1058 2510 1289 2574 conditionem
1313 2529 1388 2575 esse
1404 2511 1549 2594 possibi-

371 2619 450 2686 lem.
469 2619 635 2685 Gaeterum
651 2619 804 2685 doctrina
816 2620 882 2684 ista
893 2619 1007 2685 loeum
1024 2620 1127 2684 hahet
1143 2638 1213 2684 non
1229 2624 1362 2684 tantum
1386 2621 1422 2684 in
1436 2620 1552 2686 eondi-

373 2729 466 2794 tione
481 2727 679 2812 impossibili
696 2727 737 2792 de
752 2729 878 2804 futuro,
899 2726 1020 2791 utvult
1032 2728 1127 2804 Zoes,
1142 2726 1231 2810 Sylv.
1248 2731 1283 2791 et
1294 2727 1362 2805 ulii,
1373 2728 1433 2793 sed
1448 2728 1551 2793 etium

375 2836 417 2901 de
435 2837 606 2920 praeterito
625 2840 660 2900 et
676 2835 852 2918 prasenti,
875 2839 913 2898 ut
937 2835 1060 2900 docent
1078 2834 1210 2912 Corae,
1237 2836 1348 2912 Reid,
1372 2835 1548 2912 Schmun,

374 2945 526 3010 Sehmier
546 2951 580 3009 et
599 2943 671 3019 slii;
693 2944 771 3027 quia
792 2943 941 3008 eonditio
956 2942 1175 3026 impossibilis
1188 2944 1340 3025 rejicitur
1355 2961 1398 3007 ex
1413 2963 1453 3009 eo
1474 2945 1552 3028 quia

375 3055 515 3120 omnino
537 3051 756 3137 impossibilis
778 3057 841 3129 est,
866 3070 935 3117 non
958 3070 1040 3118 vero
1063 3054 1143 3136 quie
1167 3052 1210 3118 ad
1233 3052 1441 3136 impossihile
1469 3052 1551 3118 obli-

374 3167 433 3244 gat
449 3183 456 3224 :
473 3162 559 3227 ratio
575 3166 691 3226 autem
705 3160 986 3244 impossibilitatis
1002 3163 1105 3226 etiam
1121 3163 1220 3240 estin
1236 3163 1408 3245 praeterito
1419 3167 1454 3226 et
1468 3179 1552 3245 prie-

375 3271 463 3336 senti
478 3269 510 3354 (l.
526 3269 616 3346 llLV,
633 3272 669 3333 ll.
687 3270 728 3334 de
741 3269 874 3334 deren.
899 3271 1028 3350 instit).

414 3379 513 3463 Resp.
529 3380 559 3442 9.
576 3378 729 3444 Conditio
742 3379 959 3462 impossibilis
976 3379 1017 3445 de
1029 3381 1129 3456 iacto,
1152 3399 1227 3464 quae
1244 3398 1306 3444 uec
1322 3379 1447 3445 auxilio
1470 3380 1550 3444 ami-

374 3505 492 3554 corum
507 3487 639 3570 impleri
663 3491 786 3568 potest,
804 3487 949 3552 hahetur
975 3506 1036 3570 pro
1063 3506 1133 3552 non
1161 3487 1293 3570 adjecta
1319 3494 1353 3552 et
1377 3489 1551 3552 matrimo-

376 3596 472 3660 nium
486 3595 647 3679 relinquit
663 3596 814 3662 validum
828 3616 834 3673 ;
851 3601 889 3659 ut
905 3597 932 3660 si
946 3597 1021 3680 quis
1034 3595 1175 3679 pauperi
1192 3595 1282 3659 dieat
1298 3614 1305 3657 :
1321 3621 1335 3652 u
1351 3595 1443 3660 Duco
1461 3599 1504 3669 te,
1522 3596 1550 3658 si

376 3705 495 3771 decem
509 3705 614 3770 millia
626 3724 808 3771 aureorum
823 3726 884 3790 pro
899 3706 978 3771 dote
994 3705 1168 3780 attuleris,
1195 3730 1209 3762 »
1224 3723 1304 3768 nam
1317 3706 1457 3788 pauperi
1482 3710 1550 3768 tem

376 3812 583 3897 impossibile
599 3819 651 3879 est
664 3813 765 3879 istam
776 3816 1001 3898 quantitatem
1020 3813 1153 3891 allerre,
1174 3831 1277 3898 quam
1300 3812 1405 3894 digito
1426 3812 1550 3876 eoelum

377 3925 528 4003 tangere.
544 3921 587 3984 nt
600 3921 748 3987 conditio
775 3941 850 4005 quae
866 3921 977 3986 solum
993 3920 1138 3986 dillleilis
1147 3927 1208 3996 est,
1224 3919 1424 4004 superabilis
1436 3925 1550 3984 tumen

376 4030 603 4124 per'iavorem
630 4029 828 4106 amicorum,
851 4031 1028 4112 suspendit
1051 4029 1205 4094 valorem
1228 4027 1448 4105 matrimonii,
1473 4027 1552 4110 quia

376 4136 557 4202 dillleultas
572 4155 643 4202 non
657 4136 777 4202 liberat
791 4136 824 4219 (l.
843 4137 990 4214 GllllVll,
1006 4141 1022 4215 ἕ
1036 4138 1065 4212 l,
1083 4137 1119 4200 ll.
1138 4137 1178 4200 de
1198 4135 1233 4203 V.
1253 4137 1317 4218 0.).

416 4246 515 4329 Resp.
535 4246 565 4310 3.
582 4245 833 4310 Matrimonium
856 4250 1068 4310 contractum
1089 4263 1168 4309 eum
1181 4245 1245 4308 hae
1268 4243 1474 4320 conditione,
1492 4269 1507 4302 o
1524 4243 1552 4307 si

377 4353 467 4437 Papa
495 4353 752 4437 dispensaverit,
783 4377 799 4410 u
829 4352 920 4418 valet
946 4351 1188 4428 conditionate,
1218 4351 1321 4415 modo
1350 4351 1439 4418 adsit
1460 4353 1554 4433 justa

377 4478 480 4525 eausa
495 4460 725 4545 dispensandi,
743 4459 1071 4544 etimpedimentum
1087 4458 1289 4540 regulariter
1311 4459 1355 4522 sit
1380 4457 1554 4545 dispensa-

377 4570 443 4636 bils
465 4590 472 4632 :
491 4569 539 4634 ita
558 4569 689 4646 Gerar,
718 4569 829 4646 Belli,
858 4569 949 4645 Wez,
980 4568 1142 4634 Sehmalz.
1171 4573 1206 4632 et
1234 4567 1290 4632 alii
1314 4565 1552 4642 eontraHost.,

378 4677 487 4763 Sym,
503 4677 593 4743 nard.
620 4677 661 4742 de
678 4678 780 4755 Lueo,
802 4683 865 4742 etc.
890 4676 988 4741 Proh.
1014 4696 1056 4740 ex
1076 4675 1243 4759 principio
1266 4673 1419 4756 generali
1442 4693 1449 4736 ε
1476 4674 1555 4758 quio
