3418 5566
528 656 616 703 irarn
638 655 765 710 orturus
787 650 1008 701 nncanrruuu.
1293 635 1353 700 315

192 791 326 839 summa
358 775 551 840 reverentia
570 775 675 840 verbo
704 773 764 838 Dei
787 773 910 849 debita,
937 789 1011 857 quar
1033 789 1135 837 omne
1172 771 1360 856 periculum

71 879 74 885 '
191 882 443 966 depravationis
458 888 560 949 arcet.

229 992 262 1054 3⁰
278 991 316 1055 ln
331 991 481 1056 secunda
493 991 601 1056 classe
620 994 796 1076 ponuntur
816 989 903 1064 libri,
929 1007 999 1054 non
1020 993 1160 1072 propter
1174 994 1358 1066 auctorem,

191 1098 252 1163 scd
266 1099 542 1182 proptermolcm
557 1099 745 1164 doctrinam
757 1096 937 1180 prohibiti:
954 1097 989 1161 in
1006 1097 1071 1160 hoo
1088 1096 1186 1160 titulo
1207 1097 1361 1162 couside-

191 1227 312 1274 ramus
332 1209 436 1275 libros
454 1211 613 1276 heresim
631 1213 904 1293 propugnantes,
926 1208 998 1272 sive
1018 1207 1099 1272 editi
1119 1207 1187 1271 sint
1210 1209 1282 1273 sine
1301 1227 1362 1274 no-

188 1322 281 1386 mine
294 1323 451 1398 auctoris,
466 1323 538 1386 siva
552 1321 665 1405 scripti
673 1321 715 1386 ab
723 1321 917 1386 auctoribus
928 1318 1100 1384 catholicis
1110 1339 1117 1382 :
1127 1318 1362 1384 consideratur

193 1448 274 1511 ergo
290 1428 362 1494 sola
377 1429 538 1494 doctrina.
566 1430 635 1495 Hoc
656 1429 799 1510 intelligi
820 1428 921 1494 dehet
935 1429 1039 1492 etiam
1053 1427 1094 1492 de
1111 1426 1205 1492 libris
1228 1427 1286 1512 qui
1312 1447 1361 1492 es-

191 1541 267 1601 sent
285 1537 408 1620 partim
424 1537 503 1602 boni
518 1539 641 1620 partim
659 1537 751 1613 mali,
770 1537 836 1600 nisi
846 1539 1001 1601 accurate
1017 1535 1193 1618 expurgati
1208 1532 1335 1600 luerint
1352 1556 1359 1600 :

192 1647 271 1728 quia
283 1645 413 1710 malum
428 1665 471 1710 ex
484 1663 699 1730 quocumque
714 1646 858 1710 defectu.

231 1753 295 1817 Sed
306 1753 348 1817 ad
362 1753 613 1836 prohibendum
620 1753 757 1837 aliquod
770 1753 1011 1836 opusauctoris
1020 1751 1186 1829 catholici,
1199 1751 1363 1836 quaeritur

190 1865 324 1927 tantum
338 1881 382 1927 an
403 1862 571 1946 ejusmodi
593 1882 679 1946 opus
696 1863 822 1947 aliquid
843 1863 1024 1928 manifesto
1048 1861 1223 1927 contineat
1244 1865 1362 1925 contra

191 1969 295 2033 fldem
306 1969 479 2035 valbones
492 1988 616 2036 mores.
630 1971 724 2036 Dixi:
742 1971 953 2036 «manifesto
970 1996 997 2049 »‚
1011 1971 1089 2055 quia
1100 1975 1219 2036 auctor
1226 1969 1363 2035 catholi-

189 2095 260 2153 cus,
286 2097 383 2143 secus
406 2098 445 2144 ac
460 2081 651 2162 haereticus,
665 2083 723 2164 jus
742 2081 844 2146 habet
859 2080 902 2144 ad
923 2080 1108 2161 benignam
1125 2096 1266 2144 suarum
1285 2095 1362 2142 sen-

191 2186 373 2252 tertiarum
383 2187 708 2272 interpretationem.
1263 2175 1265 2180 ⁸

191 2425 255 2499 §ll
270 2426 367 2486 Parca
385 2400 456 2487 lota
476 2433 581 2489 contro
595 2430 734 2504 boccho,
754 2437 809 2490 etc.
830 2431 922 2490 libros
942 2429 1152 2489 imeneorum
1172 2433 1201 2486 ct
1223 2425 1363 2486 baercstm

558 2567 561 2577 ,
657 2526 890 2594 propopccctcc.

231 2713 355 2789 Quaest.
372 2714 396 2778 1.
413 2751 451 2761 -
468 2715 576 2781 Varia
585 2733 770 2800 poeoaepro
785 2718 982 2781 diversitate
996 2735 1146 2802 operum.

232 2823 262 2902 o)
279 2821 327 2885 Ex
338 2824 416 2905 jure
431 2841 521 2889 novo
535 2825 787 2890 constitutionis
796 2825 996 2909 Apostoliccc
1006 2824 1104 2890 Sedis
1118 2823 1167 2887 Pii
1180 2821 1233 2901 IX,
1251 2841 1362 2906 poenae

191 2934 309 2994 contra
320 2928 424 2994 libros
440 2949 564 3013 pravos
578 2933 655 2997 latae
670 2936 886 2998 coarctantur
904 2933 948 2997 ad
961 2931 1084 3014 triplex
1097 2936 1232 2995 tantum
1250 2948 1361 3012 genus

191 3037 356 3102 librorum
371 3041 580 3105 vetitorum:
603 3042 713 3125 primo
732 3041 807 3105 loco
827 3042 971 3106 veniunt
987 3040 1064 3104 libri
1079 3040 1237 3105 recensiti
1256 3041 1291 3103 in
1308 3057 1363 3103 ex-

191 3149 497 3214 communicatione
521 3148 561 3211 11·
589 3151 679 3214 inter
696 3154 889 3214 reservatas
917 3147 1053 3232 speciali
1078 3148 1181 3212 modo
1208 3147 1362 3211 Romano

191 3255 365 3332 Pontifici3
395 3256 583 3321 secundum
610 3275 720 3338 genus
744 3257 979 3340 complectitur
1006 3255 1110 3320 libros
1133 3253 1320 3338 prohibitos
1344 3273 1364 3318 a

192 3381 286 3428 conc.
305 3363 392 3428 Trid.
410 3365 472 3428 sub
486 3383 589 3448 poena
604 3364 974 3442 excommunicationis,
995 3364 1072 3429 latae
1090 3380 1161 3427 non
1180 3366 1298 3426 contra
1317 3359 1363 3424 la-

192 3477 324 3553 gentes
347 3473 407 3537 sed
428 3477 546 3539 contra
568 3475 802 3557 imprimentes
828 3479 863 3539 et
885 3473 1034 3556 imprimi
1061 3472 1245 3545 iacientes3
1273 3470 1363 3534 tertii

192 3580 328 3658 generis
348 3586 429 3644 sunt
449 3599 552 3663 opera
568 3599 643 3665 quae
663 3583 698 3646 in
712 3583 824 3648 lucem
838 3582 880 3646 ad
899 3579 1149 3646 defendendum
1164 3577 1365 3662 propositio-

193 3705 255 3751 nes
283 3689 459 3755 damnatas
484 3691 659 3774 prodirent
682 3697 800 3756 contra
821 3690 1084 3775 prohibitionem
1106 3693 1306 3754 renovatam
1328 3689 1363 3750 in

192 3798 327 3862 constit.
342 3797 459 3882 Apost.
472 3799 580 3876 Sedis,
596 3799 947 3866 excommunicatione
960 3797 986 3861 l·
1001 3799 1091 3864 inter
1104 3802 1296 3863 reservatas
1306 3815 1363 3879 ge·

193 3903 300 3970 ncrali
314 3905 428 3970 modo.

233 4011 360 4077 Tamen
378 4013 479 4078 hodio
500 4013 705 4096 probabilius
727 4034 797 4081 non
822 4020 1006 4099 supersunt
1018 4033 1130 4099 poenas
1143 4015 1222 4080 latae
1245 4019 1365 4079 contra

194 4143 210 4177 «
224 4117 380 4200 legentes
394 4120 450 4184 vel
462 4121 648 4186 retinentes
664 4147 692 4199 a,
706 4123 773 4186 nisi
787 4128 909 4205 agatur
924 4123 965 4188 dc
978 4121 1072 4188 libris
1096 4122 1196 4206 primi
1210 4122 1360 4203 generis,

194 4225 252 4310 qui
265 4228 407 4311 proinde
421 4229 476 4294 hio
489 4231 664 4314 speciatim
674 4236 754 4294 sunt
764 4229 1023 4296 determinandi.

234 4333 263 4415 b)
278 4334 471 4400 Notandum
485 4337 642 4421 estquod
657 4337 768 4401 sihaec
782 4356 885 4421 poena
903 4337 1035 4402 sublata
1059 4339 1103 4403 sit
1122 4336 1235 4421 quoad
1252 4336 1364 4401 varias

192 4447 318 4512 classes
332 4449 589 4531 prohibitorum,
604 4455 719 4515 tamen
732 4452 860 4534 peccati
876 4470 955 4516 reus
970 4450 1129 4515 essetille
1153 4451 1210 4534 qui
1232 4449 1364 4530 legeret

192 4555 248 4622 vel
270 4558 432 4622 retineret
455 4559 591 4624 librum·
607 4577 821 4645 quocumque
843 4561 946 4626 modo
966 4561 1127 4636 vetitnm;
1157 4578 1238 4625 nam
1262 4559 1363 4624 lectio

192 4682 377 4745 pravorum
389 4665 554 4730 librorum
570 4667 779 4750 prohibetur,
806 4686 875 4732 non
895 4666 1133 4732 tantummodo
1158 4667 1233 4748 lege
1256 4665 1361 4731 eccle-

195 4770 339 4848 siastica,
368 4773 428 4837 sed
453 4773 557 4838 etiam
580 4773 737 4852 naturali,
760 4793 834 4858 qua·
857 4775 1014 4857 prohihet
1034 4792 1282 4860 quamcumque
1298 4772 1363 4838 lec-
