3418 5566
383 529 442 594 etc
465 554 467 562 r
841 543 892 591 ros
913 541 1092 590 canonicor.

383 668 459 731 tans
482 667 597 729 utrum
616 660 698 728 illud
717 663 762 726 sit
781 662 998 746 profuturum
1020 660 1076 726 vel
1095 660 1313 725 obfuturum?
1336 659 1371 725 Si
1394 662 1554 728 habuerit

382 771 573 839 remedium
585 775 729 850 certum,
750 773 790 836 tit
802 769 1018 854 irregularis;
1035 768 1161 835 sivero
1178 768 1361 834 destitutus
1380 769 1425 834 sit
1442 788 1553 836 reme·

382 879 438 947 dio
461 885 567 959 certo,
592 900 663 949 nou
687 881 801 949 evadit
820 881 1026 964 irregularis,
1051 881 1079 944 si
1101 879 1192 946 salos
1218 880 1343 946 infirmi
1373 881 1552 964 desperata

379 988 493 1057 luerit.

488 1165 530 1218 vl.
548 1163 588 1218 lie
599 1161 807 1230 irregularitate
822 1175 856 1218 ex
868 1161 1067 1228 procuratione
1080 1160 1195 1218 abortus
1210 1162 1240 1216 et
1252 1161 1439 1217 mutilatione.

404 1301 454 1407 o)
465 1301 562 1390 Certo
573 1325 651 1410 jure
672 1326 807 1391 constat
821 1319 1118 1406 irregularitatem,
1136 1339 1280 1407 eamque
1295 1321 1446 1400 totalem,
1471 1339 1549 1389 con-

379 1432 513 1500 trahere
544 1437 723 1519 quotquot,
743 1425 876 1516 publice
899 1429 956 1494 vel
979 1429 1120 1506 occulte,
1147 1429 1279 1497 actione
1300 1429 1448 1516 quadem
1476 1431 1549 1496 sive

377 1541 527 1626 physica,
539 1541 611 1608 sive
621 1540 753 1619 morali,
763 1541 834 1607 sive
843 1539 1000 1625 positiva,
1013 1538 1086 1604 sive
1097 1539 1268 1622 negativa,
1278 1540 1550 1606 ioetusabortum

376 1649 569 1716 voluntarie
579 1649 836 1734 procuraverint
849 1652 909 1714 eut
917 1645 1126 1731 culpabiliter
1132 1646 1336 1712 adduxerint
1349 1666 1356 1710 :
1370 1667 1413 1713 ex
1423 1665 1496 1732 cap.
1509 1649 1549 1714 20

375 1757 479 1840 hrrjus
503 1757 567 1835 tit,
596 1762 631 1824 et
652 1761 760 1824 const.
785 1756 1011 1839 Effreraotum
1030 1754 1114 1820 Sixti
1132 1753 1159 1817 V
1177 1759 1212 1819 et
1235 1754 1335 1820 Sedis
1349 1755 1548 1839 Apostolica’

380 1863 478 1947 Greg.
494 1865 576 1930 XIV.
670 1887 677 1900 ·

416 1967 447 2051 b)
465 1967 762 2051 lrregularitatem,
778 1985 922 2054 eamque
939 1966 1090 2042 totalem,
1110 1967 1253 2033 incurrit
1265 1966 1322 2031 ille
1338 1967 1395 2051 qui
1413 1967 1546 2052 publice

374 2076 431 2142 vel
450 2076 579 2144 occulte
606 2095 669 2144 sua
693 2077 793 2162 culpa
812 2078 958 2143 alterum
976 2078 1157 2154 mutilavit,
1184 2076 1353 2162 siquidem
1378 2077 1547 2143 mutilatio

374 2185 629 2253 mansuetudini
652 2187 836 2252 celeritati
857 2188 1048 2254 christianae
1067 2206 1207 2273 prorsus
1233 2189 1403 2271 repugnat
1425 2188 1464 2269 (c.
1486 2188 1545 2252 iln.

373 2296 407 2361 h.
425 2301 449 2361 t.
469 2297 506 2362 in
520 2297 563 2374 6⁰,
580 2297 668 2381 etei.
685 2297 757 2364 imo
770 2316 872 2382 poena
886 2298 945 2364 iiia
958 2298 1153 2365 extenditur
1166 2299 1209 2363 ad
1224 2317 1304 2364 eum
1327 2299 1384 2383 qui
1398 2297 1548 2381 impulsu

374 2410 435 2470 aut
447 2407 698 2491 cooperatione,
716 2406 788 2472 aive
800 2408 950 2492 physice,
966 2409 1038 2473 sive
1052 2407 1184 2485 morali,
1202 2408 1273 2471 sive
1287 2406 1445 2491 positiva,
1473 2407 1546 2471 eive

374 2515 544 2596 negativa,
561 2516 604 2581 ad
614 2516 865 2582 mutilationem
879 2517 1007 2602 aliquid
1020 2517 1161 2583 confert.
1177 2515 1227 2582 lta
1244 2517 1472 2582 communiter
1485 2513 1544 2580 CC.

371 2623 416 2688 ut
433 2625 464 2688 l⁰
478 2625 536 2709 qui
551 2623 682 2692 dubitat
696 2645 780 2692 num
798 2626 945 2693 alterum
959 2624 1178 2704 mutilaverit,
1198 2643 1268 2692 non
1287 2630 1341 2691 est
1353 2623 1546 2690 censendus

285 2787 287 2790 .
372 2731 580 2816 irregularia.
594 2734 663 2800 Hoc
676 2735 720 2801 ad
734 2735 918 2800 discrimen
931 2734 1117 2813 homicidii,
1133 2753 1212 2800 cum
1225 2732 1394 2800 mutilatio
1417 2733 1548 2800 nonsit

371 2842 507 2925 proprie
519 2841 752 2920 homicidium,
767 2847 801 2908 et
814 2861 917 2926 prena
930 2848 1001 2909 tam
1014 2843 1124 2926 rigida
1135 2843 1393 2925 irregularitatis
1416 2859 1487 2908 non
1502 2842 1548 2906 sit

373 2944 586 3011 extendendo
599 2943 642 3011 ad
657 2965 756 3012 cesus
771 2964 842 3012 non
856 2965 1046 3031 expressos.

410 3053 443 3117 Ψ
458 3051 534 3137 lpse
547 3053 724 3123 mutilatus
742 3073 803 3138 per
816 3055 1004 3138 nequitiam
1021 3053 1159 3120 alterius
1179 3059 1259 3121 tunc
1276 3051 1388 3121 solum
1402 3055 1549 3120 eflicitur

371 3167 580 3254 irregularis,
596 3170 732 3256 quando
746 3171 901 3256 privatur
914 3173 1069 3238 membro
1084 3173 1277 3238 necessario
1292 3173 1335 3239 ad
1345 3171 1548 3238 exercitium

373 3284 546 3362 ordinum,
567 3289 606 3349 ut
620 3283 768 3349 diximus
783 3284 819 3348 in
835 3285 885 3347 tit.
903 3284 945 3349 de
960 3283 1086 3366 Quolit.
1100 3285 1171 3350 ord.

410 3395 443 3458 3·
457 3393 521 3470 Qui
540 3393 668 3477 absque
686 3391 928 3474 urgentissime
942 3409 1045 3458 cause
1067 3394 1218 3478 seipsum
1239 3392 1419 3472 mutilavit,
1435 3393 1546 3461 autin

370 3501 424 3567 aui
433 3499 685 3567 mutilationem
694 3501 736 3566 ab
749 3499 823 3565 aliis
835 3501 960 3566 iactam
968 3501 1151 3579 consensit,
1163 3500 1450 3583 irregularitatem
1459 3506 1546 3569 tota·

368 3609 439 3676 lem
459 3608 637 3686 contrahit,
663 3608 797 3674 etiamsi
817 3608 987 3675 mutilatio
1007 3609 1051 3674 sit
1071 3609 1202 3676 occulta
1225 3615 1382 3677 :constat
1401 3629 1445 3676 ex
1459 3629 1487 3676 c.
1511 3613 1543 3688 3,

368 3720 402 3798 h,
414 3721 444 3797 e,
456 3719 486 3798 c,
503 3718 580 3784 dist.
597 3719 646 3782 55.
660 3717 698 3782 ln
708 3719 773 3783 hoc
787 3735 879 3797 casu,
896 3738 968 3785 non
979 3724 1050 3786 tam
1064 3719 1248 3786 attenditur
1263 3720 1459 3786 deformitas
1472 3739 1545 3786 cor-

369 3827 473 3911 poris,
486 3842 589 3911 quam
602 3823 784 3892 crudelitas
797 3827 995 3907 voluntatis,
1012 3847 1080 3913 que
1094 3828 1215 3913 aliquis
1230 3829 1265 3894 in
1274 3829 1437 3913 injuriam
1448 3827 1546 3893 Graa-

369 3937 452 4002 toris
459 3934 646 4018 imaginem
654 3933 744 3999 iilius
754 3934 895 4017 aggredi
909 3941 942 4000 et
954 3940 1109 4002 truncare
1121 3936 1541 4021 praecommendata).

368 4043 451 4110 Hinc
474 4043 531 4128 qui
550 4043 714 4108 metitatis
736 4043 819 4121 nelo,
841 4043 898 4108 vel
920 4048 959 4108 ut
983 4044 1186 4110 suavitatem
1211 4045 1302 4111 vocis
1326 4048 1454 4122 servet,
1480 4045 1544 4109 sibi

367 4153 478 4220 virilia
497 4153 724 4238 amputaverit
744 4157 804 4218 aut
817 4152 986 4237 amputari
999 4151 1242 4239 procuraverit,
1261 4159 1315 4246 est
1332 4153 1540 4238 irregularis.

368 4262 473 4347 (conf.
490 4261 614 4328 Bened.
633 4258 702 4324 XlV
717 4257 758 4326 de
773 4260 873 4346 Syra,
888 4261 911 4324 l.
928 4260 968 4338 11,
982 4280 1010 4327 c.
1027 4281 1082 4344 vu,
1099 4282 1132 4329 n.
1148 4263 1212 4347 le.)

445 4447 499 4500 vii.
513 4448 554 4500 De
567 4444 779 4512 dispensatione
799 4445 829 4500 in
843 4441 1050 4514 irregularitate
1065 4446 1211 4501 homicidii
1222 4447 1252 4501 et
1265 4443 1462 4503 mutilationis.

408 4597 442 4679 a)
457 4591 618 4660 Summus
631 4592 788 4660 Pontifex
806 4595 920 4678 potes't
931 4595 1128 4681 dispensare
1149 4597 1185 4661 in
1209 4595 1455 4679 irregularitate
1478 4595 1540 4660 ho-

366 4697 502 4780 micidii,
523 4704 603 4769 licet
621 4722 692 4769 uon
711 4702 819 4769 soleat
845 4705 889 4770 olo
917 4707 1144 4774 reverentiam
1164 4706 1323 4790 precepti
1350 4704 1536 4789 apostolici,
