3514 5564
367 583 408 651 92
827 601 877 650 ius
898 601 1078 650 cauourcurr.

367 721 537 803 corrigere
552 722 709 799 voluerit,
726 722 786 789 sed
800 725 873 790 sine
889 725 1031 800 effeetu3
1049 725 1098 788 uti
1114 728 1148 788 et
1161 723 1284 807 disput.
1301 718 1444 806 praeced.
1466 739 1542 786 sen-

369 831 511 895 tentiam
525 831 734 914 propositam
748 831 793 914 (n.
811 833 840 915 7)
856 852 931 917 quae
946 833 1084 917 propria
1098 836 1150 897 est
1161 831 1319 907 auctoris,
1336 834 1376 893 ut
1392 833 1542 914 petates

369 939 555 1004 summario
569 941 613 1022 (n.
631 943 673 1022 7),
689 961 773 1026 quas
793 945 1020 1009 correctiones
1036 947 1114 1009 ante
1137 961 1192 1008 me
1218 942 1332 1026 plures
1353 940 1417 1005 viri
1439 941 1542 1022 huJ'us

368 1047 516 1112 auctoris
531 1047 674 1114 lectores
693 1049 928 1115 observarunt.
949 1051 1117 1116 Probatur
1133 1052 1249 1135 prima
1267 1067 1352 1134 pars
1372 1067 1384 1112 .·
1404 1050 1461 1131 jus
1483 1067 1543 1112 na-

368 1154 476 1220 turale
492 1155 596 1220 dictat
610 1156 701 1241 quod
715 1175 770 1222 res
786 1159 845 1222 uni
859 1159 958 1243 plene
977 1164 1012 1223 et
1029 1159 1177 1241 perfecte
1197 1157 1332 1233 tradita,
1352 1155 1541 1238 eodemque

367 1263 470 1328 modo
485 1269 668 1348 acceptata,
688 1283 757 1330 non
772 1267 881 1350 possit
900 1267 1025 1331 iterum
1051 1265 1163 1331 valide
1184 1265 1281 1330 alteri
1304 1264 1413 1329 tradi:
1438 1279 1541 1327 nemo

368 1371 460 1434 enim
478 1370 536 1436 dat
552 1375 612 1436 aut
632 1374 794 1437 transfert
813 1373 903 1457 quod
924 1391 993 1439 non
1013 1375 1137 1438 habet:
1164 1393 1196 1436 v.
1221 1391 1254 1454 g.
1283 1371 1382 1435 titulo
1400 1369 1541 1454 justitiae

368 1478 533 1544 tradidisti
554 1499 681 1564 equum
700 1483 855 1566 emptori,
875 1501 949 1547 non
971 1487 1069 1565 potes
1089 1482 1212 1547 deinde
1228 1481 1388 1546 eumdem
1410 1479 1541 1546 tradere

366 1587 522 1652 Emlesiae
547 1589 644 1652 titulo
660 1589 834 1670 religionis
855 1594 915 1656 aut
935 1591 1024 1668 voti,
1038 1595 1073 1656 et
1089 1595 1227 1656 econtra
1244 1610 1251 1664 ;
1274 1589 1334 1653 sed
1354 1589 1459 1653 homo
1481 1605 1543 1669 per

365 1698 615 1781 professionem
630 1697 824 1780 religiosam
839 1700 986 1783 plenoet
1004 1701 1154 1784 perfecto
1175 1699 1278 1763 modo
1299 1696 1400 1761 tradit
1414 1714 1450 1760 se
1471 1695 1541 1760 Deo

367 1812 402 1870 et
415 1805 582 1886 religioni,
601 1807 790 1891 eodemque
807 1808 909 1874 modo
924 1809 1059 1874 traditio
1076 1809 1141 1872 ista
1159 1811 1354 1890 acceptatur
1366 1807 1540 1870 contractu

366 1912 456 1978 ultro
470 1913 622 1998 citroque
638 1914 855 1997 obligatorio;
872 1935 954 1998 ergo
975 1917 1018 1982 da
1034 1921 1112 2000 jure
1130 1914 1276 1982 naturali
1292 1913 1404 1980 valide
1423 1912 1542 1996 nequit

366 2039 403 2086 se
419 2021 552 2086 tradere
567 2023 684 2100 uxori,
701 2042 781 2088 cum
796 2024 941 2108 amplius
952 2024 1095 2090 liberam
1108 2025 1160 2089 sui
1174 2023 1324 2107 corporis
1335 2023 1540 2106 potestatem

366 2147 437 2194 non
449 2130 589 2195 habeat:
607 2135 679 2195 tum
696 2133 775 2216 quia
787 2153 831 2198 ex
846 2138 970 2199 natura
980 2135 1029 2199 rei
1042 2138 1221 2218 repugnat,
1240 2137 1278 2196 ut
1292 2131 1368 2214 quis
1383 2129 1540 2194 eamdem

366 2255 440 2300 rem
466 2238 576 2303 uadat
594 2239 727 2304 duobus
751 2241 940 2305 seeundum
960 2244 1039 2325 Jura
1058 2241 1243 2316 contraria;
1271 2238 1331 2303 sed
1358 2237 1540 2318 religiosus

365 2344 539 2428 professus
566 2347 667 2411 tradit
686 2365 808 2430 corpus
833 2366 935 2412 suum
958 2348 1029 2413 Deo
1054 2366 1134 2413 cum
1158 2351 1236 2431 jure
1266 2351 1299 2413 et
1333 2345 1539 2426 obligatione

290 2481 292 2488 v
365 2452 561 2518 continendi
576 2473 636 2518 seu
650 2456 840 2520 abstinendi
858 2458 899 2521 ab
914 2457 1008 2522 omni
1023 2461 1099 2522 actu
1114 2473 1281 2532 venereo,
1306 2454 1409 2518 etiam
1428 2451 1519 2516 licito
1530 2471 1549 2526 ;·

366 2578 447 2641 ergo
462 2579 532 2626 non
547 2567 659 2645 potest
673 2582 795 2648 corpus
811 2583 912 2629 suum
926 2566 1060 2631 tradere
1071 2563 1168 2629 uxori
1181 2581 1260 2628 cum
1277 2565 1355 2646 jure
1371 2559 1539 2626 contrario

369 2674 403 2734 et
424 2670 631 2754 obligatione
650 2675 829 2740 exercendi
846 2680 941 2740 actus
955 2675 1165 2760 conjugales.

406 2778 503 2843 Proh.
519 2782 666 2846 secunda
674 2801 760 2866 pars
772 2783 813 2848 de
825 2786 902 2866 jure
919 2783 1053 2848 divino:
1070 2785 1198 2860 Masta,
1213 2803 1277 2859 xix,
1295 2782 1344 2862 il,
1360 2781 1418 2846 uhi
1433 2778 1540 2843 Chris·

368 2891 423 2952 tus
437 2888 631 2970 religiosam
649 2892 841 2957 castitatem
859 2910 1053 2976 proponens
1072 2894 1119 2958 ait
1140 2914 1147 2956 :
1168 2917 1184 2952 a
1203 2892 1289 2957 Sunt
1301 2890 1459 2966 eunuchi,
1481 2886 1538 2972 qai

367 3013 404 3059 se
418 2997 510 3080 ipsos
527 2999 761 3065 castraverunt
778 3005 917 3084 propter
931 3019 1076 3083 regnum
1091 3001 1272 3076 coelorum,
1295 3025 1311 3058 »
1328 2999 1449 3082 quibus
1467 3014 1539 3060 ver-

366 3104 418 3168 bis
434 3105 645 3186 significatur
659 3112 822 3191 perpetua
836 3108 1028 3174 inhabilitas
1043 3109 1084 3174 ad
1101 3107 1369 3184 matrimonium.
1392 3105 1461 3168 Hoc
1481 3106 1539 3186 jus

367 3211 530 3295 scriptum
541 3214 650 3295 magis
662 3215 761 3279 nobis
771 3214 959 3280 declaratur
968 3218 1073 3281 verbo
1085 3216 1198 3281 divino
1209 3214 1343 3290 tradito,
1357 3213 1436 3296 quia
1445 3209 1540 3276 nulla

366 3319 1538 3408 existentelegeecclesiastica,itasemperaprincipioEcclesiaeobser·

366 3427 510 3492 vehatur
531 3431 694 3511 tanquam
720 3430 906 3497 aDomino
928 3437 1103 3517 acceptum
1131 3451 1138 3494 :
1169 3431 1260 3495 unde
1288 3427 1424 3492 Siricius
1449 3425 1539 3508 Papa

367 3535 406 3615 (c.
419 3534 468 3612 17,
478 3553 511 3598 v.
528 3533 663 3612 Velare,
674 3537 724 3612 97,
741 3557 773 3621 q.
788 3538 817 3616 i)
833 3527 1095 3623 dicit'religiosos
1108 3536 1325 3604 matrimonia
1336 3533 1537 3602 contrahen-

367 3648 418 3706 tes
433 3641 556 3708 dehere
573 3645 722 3725 separari
734 3647 837 3712 verbo
852 3648 986 3715 Domini
1004 3654 1039 3715 et
1051 3648 1213 3724 canonica
1227 3643 1438 3720 auctoritate3
1455 3657 1537 3725 ergo

367 3767 437 3814 non
450 3768 546 3815 mero
558 3753 635 3834 jure
651 3753 891 3836 ecclesiastico,
912 3760 974 3825 sed
992 3759 1106 3823 divino
1122 3761 1156 3821 et
1175 3751 1330 3819 naturali.
1352 3751 1449 3816 Ratio
1472 3753 1535 3826 est,

370 3856 448 3940 quia
463 3857 613 3922 Christus
627 3859 791 3927 Dominus
803 3863 949 3931 instituit
960 3866 1155 3949 religiosum
1170 3863 1388 3945 segregatum
1403 3877 1425 3923 a
1447 3859 1536 3921 statu

366 3964 548 4048 conjugali,
571 3972 609 4031 ut
626 3974 719 4050 patet
740 3991 782 4036 ex
803 3975 931 4052 Metto,
961 3996 1033 4052 xrx;
1059 3992 1140 4056 ergo
1156 3969 1321 4037 annexuit
1340 3967 1372 4032 ei
1396 3961 1538 4049 impedi-

366 4078 521 4137 mentum
545 4074 706 4142 dirimens
735 4083 941 4150 matrimonii
972 4078 1215 4154 contrahendi;
1247 4076 1330 4141 alias
1359 4092 1467 4139 unum
1494 4073 1537 4137 ab

367 4179 409 4244 ab
428 4179 534 4246 altero
553 4200 623 4247 non
642 4184 865 4256 discrevisset.
885 4191 1042 4271 Confirrn.
1065 4191 1107 4254 ab
1125 4183 1377 4251 inconvenienti
1395 4181 1448 4266 :si
1460 4196 1537 4260 pro-

367 4287 470 4353 fessio
485 4287 645 4371 religiosa
657 4295 729 4360 solo
742 4299 820 4381 jura
836 4287 1041 4364 ecclesistico
1056 4295 1183 4360 dirimit
1197 4289 1464 4362 matrimonium,
1486 4305 1536 4350 se

368 4396 483 4478 quitur
496 4398 527 4461 1ο
543 4385 738 4487 quod‘APapa·
751 4409 859 4491 possit
873 4408 990 4474 tollere
1001 4409 1058 4490 jus
1074 4403 1176 4480 istud,
1190 4407 1225 4467 et
1237 4405 1386 4466 statuere
1401 4414 1445 4460 ne
1465 4411 1536 4456 ma-

369 4503 567 4572 trimonium
582 4509 758 4579 dirimatur
771 4535 832 4600 per
845 4517 1093 4601 professionem
1107 4512 1321 4595 religiosam:
1343 4504 1431 4592 quod
1454 4517 1535 4566 sane

370 4611 538 4681 discordat
552 4635 629 4682 curn
644 4623 783 4708 antiqua
797 4624 934 4689 Petrum
948 4624 1110 4699 doctrina,
1127 4627 1165 4684 ut
1177 4624 1271 4703 patet
1289 4637 1332 4683 ex
1346 4611 1534 4681 canonibus

369 4721 472 4801 (Cius.
489 4723 543 4802 Ξῖ,
560 4745 591 4814 q.
615 4729 653 4808 ll.
675 4729 833 4819 Sequitur
846 4734 879 4797 2⁰
897 4733 988 4818 quod
1005 4732 1095 4820 Papa
1111 4747 1190 4798 cum
1209 4726 1366 4814 religioso
1381 4723 1534 4790 insensu
